Ticker,Date,Time,LTP,BuyPrice,BuyQty,SellPrice,SellQty,LTQ,OpenInterest
NIFTY03NOV2217800CE.NFO,27/10/2022,09:15:00,125,124.8,50,135.95,150,400,0
NIFTY03NOV2217800CE.NFO,27/10/2022,09:15:00,125,124.8,50,135.95,150,0,0
NIFTY03NOV2217800CE.NFO,27/10/2022,09:15:00,136,124.8,50,135.95,150,0,0
NIFTY03NOV2217800CE.NFO,27/10/2022,09:15:00,121.05,124.8,50,135.95,150,0,0
NIFTY03NOV2217800CE.NFO,27/10/2022,09:15:01,158.7,158.7,150,165.95,400,13200,1404100
NIFTY03NOV2217800CE.NFO,27/10/2022,09:15:01,168.6,158.7,150,165.95,400,0,1404100
NIFTY03NOV2217800CE.NFO,27/10/2022,09:15:03,160.95,159.6,150,160.7,100,28700,1404100
NIFTY03NOV2217800CE.NFO,27/10/2022,09:15:03,180,159.6,150,160.7,100,0,1404100
NIFTY03NOV2217800CE.NFO,27/10/2022,09:15:05,155.05,155.05,400,157.1,50,13500,1404100
NIFTY03NOV2217800CE.NFO,27/10/2022,09:15:06,148.6,148.65,50,152.3,50,20550,1404100
NIFTY03NOV2217800CE.NFO,27/10/2022,09:15:08,141.75,141.75,400,146.8,50,28800,1404100
NIFTY03NOV2217800CE.NFO,27/10/2022,09:15:10,141.6,142.05,150,145.85,400,24050,1404100
NIFTY03NOV2217800CE.NFO,27/10/2022,09:15:11,144.5,143.9,200,144.45,100,21600,1404100
NIFTY03NOV2217800CE.NFO,27/10/2022,09:15:13,144.1,144.1,100,145.4,50,15950,1404100
NIFTY03NOV2217800CE.NFO,27/10/2022,09:15:15,140.75,140.75,50,144,400,13200,1404100
NIFTY03NOV2217800CE.NFO,27/10/2022,09:15:16,140.4,140.25,50,141.2,50,14100,1404100
NIFTY03NOV2217800CE.NFO,27/10/2022,09:15:18,142.65,141.85,150,143.25,400,9550,1404100
NIFTY03NOV2217800CE.NFO,27/10/2022,09:15:20,141.45,141.4,500,142.95,400,14300,1404100
NIFTY03NOV2217800CE.NFO,27/10/2022,09:15:21,141.25,141.25,450,142,350,12100,1404100
NIFTY03NOV2217800CE.NFO,27/10/2022,09:15:23,140.3,140.3,100,141.2,400,11150,1404100
NIFTY03NOV2217800CE.NFO,27/10/2022,09:15:25,139.65,139.8,150,140,100,10050,1404100
NIFTY03NOV2217800CE.NFO,27/10/2022,09:15:26,136.8,136.8,150,137.45,450,10700,1404100
NIFTY03NOV2217800CE.NFO,27/10/2022,09:15:28,135.15,135.1,50,135.7,300,20250,1404100
NIFTY03NOV2217800CE.NFO,27/10/2022,09:15:30,135.25,135.35,150,135.95,50,13600,1404100
NIFTY03NOV2217800CE.NFO,27/10/2022,09:15:31,136,135.5,400,135.95,200,10900,1404100
NIFTY03NOV2217800CE.NFO,27/10/2022,09:15:33,136.8,136.4,50,136.8,700,7700,1404100
NIFTY03NOV2217800CE.NFO,27/10/2022,09:15:35,135.5,135,350,135.45,50,8250,1404100
NIFTY03NOV2217800CE.NFO,27/10/2022,09:15:36,137.8,137.3,400,137.8,150,6200,1404100
NIFTY03NOV2217800CE.NFO,27/10/2022,09:15:38,137.95,137.95,250,138.4,50,7550,1404100
NIFTY03NOV2217800CE.NFO,27/10/2022,09:15:40,140.05,140.05,350,140.3,50,14800,1404100
NIFTY03NOV2217800CE.NFO,27/10/2022,09:15:41,139.75,139.55,100,140.2,400,8100,1404100
NIFTY03NOV2217800CE.NFO,27/10/2022,09:15:43,139.45,139.4,100,139.65,50,5850,1404100
NIFTY03NOV2217800CE.NFO,27/10/2022,09:15:45,140.55,140.35,2550,140.6,350,14750,1404100
NIFTY03NOV2217800CE.NFO,27/10/2022,09:15:46,139.65,139.3,500,140.2,1100,8950,1404100
NIFTY03NOV2217800CE.NFO,27/10/2022,09:15:48,140.1,139.45,200,140.1,400,5450,1404100
NIFTY03NOV2217800CE.NFO,27/10/2022,09:15:50,139.4,139.25,550,140,350,7700,1404100
NIFTY03NOV2217800CE.NFO,27/10/2022,09:15:51,139,139.05,400,139.8,400,9950,1404100
NIFTY03NOV2217800CE.NFO,27/10/2022,09:15:53,138.95,139,50,139.45,400,3050,1404100
NIFTY03NOV2217800CE.NFO,27/10/2022,09:15:55,138.65,138.6,650,139.1,50,4550,1404100
NIFTY03NOV2217800CE.NFO,27/10/2022,09:15:56,138.5,138.1,400,138.6,350,6600,1404100
NIFTY03NOV2217800CE.NFO,27/10/2022,09:15:58,138.75,138.1,300,138.5,350,11100,1404100
NIFTY03NOV2217800CE.NFO,27/10/2022,09:16:00,138.05,138.05,50,138.6,50,10450,1404100
NIFTY03NOV2217800CE.NFO,27/10/2022,09:16:01,138.6,138.3,150,138.6,200,9100,1404100
NIFTY03NOV2217800CE.NFO,27/10/2022,09:16:03,137.55,137.55,100,138.1,100,9200,1404100
NIFTY03NOV2217800CE.NFO,27/10/2022,09:16:05,137.5,137.5,250,137.75,100,5500,1404100
NIFTY03NOV2217800CE.NFO,27/10/2022,09:16:06,139.15,138.8,400,139.2,50,7950,1404100
NIFTY03NOV2217800CE.NFO,27/10/2022,09:16:08,139.85,139.5,450,139.9,150,4550,1404100
NIFTY03NOV2217800CE.NFO,27/10/2022,09:16:10,138.95,138.65,400,139.2,100,6400,1404100
NIFTY03NOV2217800CE.NFO,27/10/2022,09:16:11,138.65,138.5,100,139,50,4650,1404100
NIFTY03NOV2217800CE.NFO,27/10/2022,09:16:13,138.45,138.05,500,138.5,350,10700,1404100
NIFTY03NOV2217800CE.NFO,27/10/2022,09:16:15,138.45,137.9,400,138.35,100,2650,1404100
NIFTY03NOV2217800CE.NFO,27/10/2022,09:16:16,137.45,137.3,550,137.75,100,6400,1404100
NIFTY03NOV2217800CE.NFO,27/10/2022,09:16:18,138,137.5,450,137.95,100,4000,1404100
NIFTY03NOV2217800CE.NFO,27/10/2022,09:16:20,137.4,137.35,100,137.75,250,5150,1404100
NIFTY03NOV2217800CE.NFO,27/10/2022,09:16:21,138.35,138.25,850,138.45,100,5700,1404100
NIFTY03NOV2217800CE.NFO,27/10/2022,09:16:23,138.7,138.35,200,138.7,400,3800,1404100
NIFTY03NOV2217800CE.NFO,27/10/2022,09:16:25,138.65,138.5,650,138.85,300,9300,1404100
NIFTY03NOV2217800CE.NFO,27/10/2022,09:16:26,139.1,138.7,50,139,50,4150,1404100
NIFTY03NOV2217800CE.NFO,27/10/2022,09:16:28,139,138.7,50,139,100,3100,1404100
NIFTY03NOV2217800CE.NFO,27/10/2022,09:16:30,138.75,138.85,50,139.1,100,1400,1404100
NIFTY03NOV2217800CE.NFO,27/10/2022,09:16:32,138.4,138.4,400,138.85,50,2500,1404100
NIFTY03NOV2217800CE.NFO,27/10/2022,09:16:33,138.4,137.85,450,138.2,200,3600,1404100
NIFTY03NOV2217800CE.NFO,27/10/2022,09:16:35,138.5,138.5,300,138.9,600,3700,1404100
NIFTY03NOV2217800CE.NFO,27/10/2022,09:16:37,138.55,138.5,700,138.9,250,2950,1404100
NIFTY03NOV2217800CE.NFO,27/10/2022,09:16:38,139.2,138.65,550,139.15,350,3350,1404100
NIFTY03NOV2217800CE.NFO,27/10/2022,09:16:40,139.15,138.8,50,139,50,3400,1404100
NIFTY03NOV2217800CE.NFO,27/10/2022,09:16:42,139.05,139,950,139.3,50,3600,1404100
NIFTY03NOV2217800CE.NFO,27/10/2022,09:16:43,138.65,138.3,650,138.8,150,4650,1404100
NIFTY03NOV2217800CE.NFO,27/10/2022,09:16:45,138.3,138.15,450,138.45,50,4550,1404100
NIFTY03NOV2217800CE.NFO,27/10/2022,09:16:46,138.55,138.5,150,138.9,350,2950,1404100
NIFTY03NOV2217800CE.NFO,27/10/2022,09:16:48,139.1,138.6,500,139.15,600,5600,1404100
NIFTY03NOV2217800CE.NFO,27/10/2022,09:16:50,138.6,138.65,50,139,150,3400,1404100
NIFTY03NOV2217800CE.NFO,27/10/2022,09:16:51,138.1,138.1,100,138.35,400,6250,1404100
NIFTY03NOV2217800CE.NFO,27/10/2022,09:16:53,138,137.7,150,138,450,4800,1404100
NIFTY03NOV2217800CE.NFO,27/10/2022,09:16:55,138.65,138.35,50,138.6,50,3550,1404100
NIFTY03NOV2217800CE.NFO,27/10/2022,09:16:56,137.35,137.3,500,137.65,350,6000,1404100
NIFTY03NOV2217800CE.NFO,27/10/2022,09:16:58,137.55,137.35,850,137.65,50,6650,1404100
NIFTY03NOV2217800CE.NFO,27/10/2022,09:17:00,137.8,137.55,50,137.8,1150,5350,1404100
NIFTY03NOV2217800CE.NFO,27/10/2022,09:17:01,137,136.7,450,137,100,5850,1404100
NIFTY03NOV2217800CE.NFO,27/10/2022,09:17:03,136.65,136.5,700,136.6,850,2500,1404100
NIFTY03NOV2217800CE.NFO,27/10/2022,09:17:05,135.45,135.6,300,135.9,500,6900,1404100
NIFTY03NOV2217800CE.NFO,27/10/2022,09:17:06,136.7,136.3,500,136.7,700,2350,1404100
NIFTY03NOV2217800CE.NFO,27/10/2022,09:17:08,136.6,136.35,50,136.6,700,3450,1404100
NIFTY03NOV2217800CE.NFO,27/10/2022,09:17:10,136.65,136.35,150,136.65,700,2700,1404100
NIFTY03NOV2217800CE.NFO,27/10/2022,09:17:11,137.4,137.25,400,137.6,100,8500,1404100
NIFTY03NOV2217800CE.NFO,27/10/2022,09:17:13,137.8,137.75,350,137.95,400,7000,1404100
NIFTY03NOV2217800CE.NFO,27/10/2022,09:17:15,138.2,137.75,150,138.05,150,1650,1404100
NIFTY03NOV2217800CE.NFO,27/10/2022,09:17:16,138.35,138.05,650,138.35,400,2700,1404100
NIFTY03NOV2217800CE.NFO,27/10/2022,09:17:18,138.65,138.5,450,138.85,600,2700,1404100
NIFTY03NOV2217800CE.NFO,27/10/2022,09:17:20,138.9,138.5,1250,138.95,1250,3100,1404100
NIFTY03NOV2217800CE.NFO,27/10/2022,09:17:21,139,138.75,150,139.1,50,6150,1404100
NIFTY03NOV2217800CE.NFO,27/10/2022,09:17:23,139.05,138.95,50,139.05,50,550,1404100
NIFTY03NOV2217800CE.NFO,27/10/2022,09:17:25,139.3,138.8,600,139.3,1250,3800,1449600
NIFTY03NOV2217800CE.NFO,27/10/2022,09:17:26,139.55,139.55,50,139.7,50,2050,1449600
NIFTY03NOV2217800CE.NFO,27/10/2022,09:17:28,139.15,139.2,100,139.55,200,5600,1449600
NIFTY03NOV2217800CE.NFO,27/10/2022,09:17:30,139.95,139.55,550,139.95,50,8200,1449600
NIFTY03NOV2217800CE.NFO,27/10/2022,09:17:31,140,139.6,200,139.95,50,8600,1449600
NIFTY03NOV2217800CE.NFO,27/10/2022,09:17:33,140,140.1,200,140.4,50,8800,1449600
NIFTY03NOV2217800CE.NFO,27/10/2022,09:17:35,139.9,139.85,250,139.9,50,3300,1449600
NIFTY03NOV2217800CE.NFO,27/10/2022,09:17:36,139.8,139.55,150,139.9,200,650,1449600
NIFTY03NOV2217800CE.NFO,27/10/2022,09:17:38,139.95,140.05,50,140.15,50,3200,1449600
NIFTY03NOV2217800CE.NFO,27/10/2022,09:17:40,140.2,140.45,250,140.55,50,3000,1449600
NIFTY03NOV2217800CE.NFO,27/10/2022,09:17:41,140.3,140.3,50,140.65,250,2150,1449600
NIFTY03NOV2217800CE.NFO,27/10/2022,09:17:43,140.1,139.65,350,140,500,4100,1449600
NIFTY03NOV2217800CE.NFO,27/10/2022,09:17:45,140,139.55,150,139.85,50,3500,1449600
NIFTY03NOV2217800CE.NFO,27/10/2022,09:17:46,139.65,139.2,350,139.6,850,1900,1449600
NIFTY03NOV2217800CE.NFO,27/10/2022,09:17:48,139.15,138.85,150,139.2,800,3250,1449600
NIFTY03NOV2217800CE.NFO,27/10/2022,09:17:50,138.35,138.15,250,138.6,200,4450,1449600
NIFTY03NOV2217800CE.NFO,27/10/2022,09:17:51,138.55,138.1,300,138.6,1000,4050,1449600
NIFTY03NOV2217800CE.NFO,27/10/2022,09:17:53,138.35,138.35,50,138.8,50,3000,1449600
NIFTY03NOV2217800CE.NFO,27/10/2022,09:17:55,138.95,138.95,250,139.45,450,4400,1449600
NIFTY03NOV2217800CE.NFO,27/10/2022,09:17:56,139.1,138.7,350,139.15,200,2800,1449600
NIFTY03NOV2217800CE.NFO,27/10/2022,09:17:58,139.2,139.1,250,139.3,200,6200,1449600
NIFTY03NOV2217800CE.NFO,27/10/2022,09:18:00,139.05,138.7,250,139.05,800,7550,1449600
NIFTY03NOV2217800CE.NFO,27/10/2022,09:18:01,138.65,138.4,50,138.65,50,2700,1449600
NIFTY03NOV2217800CE.NFO,27/10/2022,09:18:03,139.25,138.75,50,139.25,1200,6150,1449600
NIFTY03NOV2217800CE.NFO,27/10/2022,09:18:05,138.85,138.75,350,139.15,50,2300,1449600
NIFTY03NOV2217800CE.NFO,27/10/2022,09:18:06,138.5,138.2,50,138.5,50,3050,1449600
NIFTY03NOV2217800CE.NFO,27/10/2022,09:18:08,138.55,138.2,100,138.6,150,2750,1449600
NIFTY03NOV2217800CE.NFO,27/10/2022,09:18:10,138.25,137.6,350,138.05,200,3950,1449600
NIFTY03NOV2217800CE.NFO,27/10/2022,09:18:11,137.25,137.1,100,137.55,750,5400,1449600
NIFTY03NOV2217800CE.NFO,27/10/2022,09:18:13,136.7,136.65,50,137,450,2250,1449600
NIFTY03NOV2217800CE.NFO,27/10/2022,09:18:15,136.5,136.55,350,136.95,200,2450,1449600
NIFTY03NOV2217800CE.NFO,27/10/2022,09:18:16,136.85,136.35,100,136.75,50,2400,1449600
NIFTY03NOV2217800CE.NFO,27/10/2022,09:18:18,136.85,136.9,50,137.35,100,2400,1449600
NIFTY03NOV2217800CE.NFO,27/10/2022,09:18:20,139,139,50,139.4,400,4350,1449600
NIFTY03NOV2217800CE.NFO,27/10/2022,09:18:21,139.6,138.8,50,139.15,50,3550,1449600
NIFTY03NOV2217800CE.NFO,27/10/2022,09:18:23,139.85,139.6,50,139.85,50,2450,1449600
NIFTY03NOV2217800CE.NFO,27/10/2022,09:18:25,139.75,139.2,500,139.5,50,3250,1449600
NIFTY03NOV2217800CE.NFO,27/10/2022,09:18:26,139.5,139.05,150,139.45,100,2000,1449600
NIFTY03NOV2217800CE.NFO,27/10/2022,09:18:28,138.6,138.45,500,138.85,150,1500,1449600
NIFTY03NOV2217800CE.NFO,27/10/2022,09:18:30,139.5,139.2,400,139.7,50,6000,1449600
NIFTY03NOV2217800CE.NFO,27/10/2022,09:18:31,139.5,139.6,200,139.95,50,2950,1449600
NIFTY03NOV2217800CE.NFO,27/10/2022,09:18:33,139.55,139.1,150,139.5,1300,3300,1449600
NIFTY03NOV2217800CE.NFO,27/10/2022,09:18:34,139.3,139,100,139.3,150,2250,1449600
NIFTY03NOV2217800CE.NFO,27/10/2022,09:18:36,137.5,137.5,1400,137.65,50,4350,1449600
NIFTY03NOV2217800CE.NFO,27/10/2022,09:18:38,138.9,138.55,150,138.85,50,3750,1449600
NIFTY03NOV2217800CE.NFO,27/10/2022,09:18:40,139.3,139,700,139.4,50,3600,1449600
NIFTY03NOV2217800CE.NFO,27/10/2022,09:18:41,138,137.55,50,137.9,50,650,1449600
NIFTY03NOV2217800CE.NFO,27/10/2022,09:18:43,139.1,138.7,150,139.05,50,1550,1449600
NIFTY03NOV2217800CE.NFO,27/10/2022,09:18:45,138.9,138.9,450,139.25,100,1200,1449600
NIFTY03NOV2217800CE.NFO,27/10/2022,09:18:46,138.15,138.3,50,138.55,50,500,1449600
NIFTY03NOV2217800CE.NFO,27/10/2022,09:18:48,138.2,138,11700,138.1,50,20650,1449600
NIFTY03NOV2217800CE.NFO,27/10/2022,09:18:50,138.65,138.7,550,139.15,50,13400,1449600
NIFTY03NOV2217800CE.NFO,27/10/2022,09:18:51,139.3,138.75,50,138.9,200,1500,1449600
NIFTY03NOV2217800CE.NFO,27/10/2022,09:18:53,138.8,138.9,150,139.1,150,3450,1449600
NIFTY03NOV2217800CE.NFO,27/10/2022,09:18:55,138,138.05,50,138.35,200,3050,1449600
NIFTY03NOV2217800CE.NFO,27/10/2022,09:18:56,138.5,138.5,400,138.75,50,7800,1449600
NIFTY03NOV2217800CE.NFO,27/10/2022,09:18:58,138.65,138.35,350,138.65,100,3450,1449600
NIFTY03NOV2217800CE.NFO,27/10/2022,09:19:00,138.55,138.55,150,138.75,100,3000,1449600
NIFTY03NOV2217800CE.NFO,27/10/2022,09:19:01,138.95,138.75,350,139,50,3300,1449600
NIFTY03NOV2217800CE.NFO,27/10/2022,09:19:03,139.5,139.1,150,139.5,700,3500,1449600
NIFTY03NOV2217800CE.NFO,27/10/2022,09:19:05,138.8,138.6,100,138.9,50,1800,1449600
NIFTY03NOV2217800CE.NFO,27/10/2022,09:19:06,138.65,138.35,400,138.65,50,4000,1449600
NIFTY03NOV2217800CE.NFO,27/10/2022,09:19:08,138.55,138.25,50,138.55,50,500,1449600
NIFTY03NOV2217800CE.NFO,27/10/2022,09:19:10,138.6,138.3,350,138.7,200,1350,1449600
NIFTY03NOV2217800CE.NFO,27/10/2022,09:19:11,138.45,138.15,50,138.45,100,3550,1449600
NIFTY03NOV2217800CE.NFO,27/10/2022,09:19:13,138.45,138.2,450,138.55,200,3650,1449600
NIFTY03NOV2217800CE.NFO,27/10/2022,09:19:15,138.1,137.8,400,138.25,250,3700,1449600
NIFTY03NOV2217800CE.NFO,27/10/2022,09:19:16,138.4,138.05,150,138.35,450,800,1449600
NIFTY03NOV2217800CE.NFO,27/10/2022,09:19:18,138.9,138.5,50,138.8,450,900,1449600
NIFTY03NOV2217800CE.NFO,27/10/2022,09:19:20,139.2,139,900,139.4,900,1550,1449600
NIFTY03NOV2217800CE.NFO,27/10/2022,09:19:21,139.95,139.75,350,139.95,50,4050,1449600
NIFTY03NOV2217800CE.NFO,27/10/2022,09:19:23,139.55,139.35,150,139.75,50,1400,1449600
NIFTY03NOV2217800CE.NFO,27/10/2022,09:19:25,139.75,139.3,200,139.7,450,100,1449600
NIFTY03NOV2217800CE.NFO,27/10/2022,09:19:26,140,139.65,50,140,6500,700,1449600
NIFTY03NOV2217800CE.NFO,27/10/2022,09:19:28,139.35,139.55,50,139.75,200,2400,1449600
NIFTY03NOV2217800CE.NFO,27/10/2022,09:19:30,139.25,138.9,700,139.3,50,1700,1449600
NIFTY03NOV2217800CE.NFO,27/10/2022,09:19:31,138.8,138.85,50,139.15,200,1000,1449600
NIFTY03NOV2217800CE.NFO,27/10/2022,09:19:33,138.9,138.95,500,139.2,100,1350,1449600
NIFTY03NOV2217800CE.NFO,27/10/2022,09:19:35,138.9,138.8,50,139.15,50,1850,1449600
NIFTY03NOV2217800CE.NFO,27/10/2022,09:19:36,139.25,139,600,139.35,500,300,1449600
NIFTY03NOV2217800CE.NFO,27/10/2022,09:19:38,138.9,138.75,50,139.15,150,800,1449600
NIFTY03NOV2217800CE.NFO,27/10/2022,09:19:40,139.4,139.35,100,139.7,50,2400,1449600
NIFTY03NOV2217800CE.NFO,27/10/2022,09:19:41,138.95,138.7,50,139,1500,1200,1449600
NIFTY03NOV2217800CE.NFO,27/10/2022,09:19:43,138.25,138.2,1450,138.55,450,3750,1449600
NIFTY03NOV2217800CE.NFO,27/10/2022,09:19:45,138.4,138.3,450,138.75,50,4700,1449600
NIFTY03NOV2217800CE.NFO,27/10/2022,09:19:46,138.7,138.5,350,138.85,450,400,1449600
NIFTY03NOV2217800CE.NFO,27/10/2022,09:19:48,138.65,138.6,350,138.85,50,1300,1449600
NIFTY03NOV2217800CE.NFO,27/10/2022,09:19:50,138.3,138.7,350,138.9,50,1550,1449600
NIFTY03NOV2217800CE.NFO,27/10/2022,09:19:51,138.85,138.65,150,138.95,50,2850,1449600
NIFTY03NOV2217800CE.NFO,27/10/2022,09:19:53,138.95,138.5,650,138.9,1300,1150,1449600
NIFTY03NOV2217800CE.NFO,27/10/2022,09:19:55,138.4,138.5,350,138.7,1300,2350,1449600
NIFTY03NOV2217800CE.NFO,27/10/2022,09:19:56,139.5,139.1,350,139.45,50,3900,1449600
NIFTY03NOV2217800CE.NFO,27/10/2022,09:19:58,139.5,139.1,50,139.5,800,2550,1449600
NIFTY03NOV2217800CE.NFO,27/10/2022,09:20:00,139.05,139.05,400,139.35,50,2750,1449600
NIFTY03NOV2217800CE.NFO,27/10/2022,09:20:01,139.3,139.25,400,139.65,150,3400,1449600
NIFTY03NOV2217800CE.NFO,27/10/2022,09:20:03,139.75,139.65,50,139.9,50,1750,1449600
NIFTY03NOV2217800CE.NFO,27/10/2022,09:20:05,140.2,140.15,50,140.5,400,16250,1449600
NIFTY03NOV2217800CE.NFO,27/10/2022,09:20:06,140.6,140.25,650,140.6,100,3150,1449600
NIFTY03NOV2217800CE.NFO,27/10/2022,09:20:08,140.8,140.6,350,140.85,150,1300,1449600
NIFTY03NOV2217800CE.NFO,27/10/2022,09:20:10,140.85,140.85,300,141,600,2850,1449600
NIFTY03NOV2217800CE.NFO,27/10/2022,09:20:11,141.1,140.9,50,141.2,100,1550,1449600
NIFTY03NOV2217800CE.NFO,27/10/2022,09:20:13,141.6,141.5,50,141.6,50,4450,1449600
NIFTY03NOV2217800CE.NFO,27/10/2022,09:20:15,142.2,142,23850,142.2,200,13350,1449600
NIFTY03NOV2217800CE.NFO,27/10/2022,09:20:16,142.5,142.45,50,142.55,50,5700,1449600
NIFTY03NOV2217800CE.NFO,27/10/2022,09:20:18,142.4,142.2,100,142.4,50,9250,1449600
NIFTY03NOV2217800CE.NFO,27/10/2022,09:20:20,143.8,143.8,150,143.85,700,5350,1449600
NIFTY03NOV2217800CE.NFO,27/10/2022,09:20:21,144.45,144.25,50,144.5,100,6250,1449600
NIFTY03NOV2217800CE.NFO,27/10/2022,09:20:23,144.7,144.2,150,144.65,50,3100,1449600
NIFTY03NOV2217800CE.NFO,27/10/2022,09:20:25,144.7,144.6,500,144.9,50,9200,1449600
NIFTY03NOV2217800CE.NFO,27/10/2022,09:20:26,145,144.6,900,145,2750,9300,1477350
NIFTY03NOV2217800CE.NFO,27/10/2022,09:20:28,145.15,145.2,900,145.55,50,15600,1477350
NIFTY03NOV2217800CE.NFO,27/10/2022,09:20:30,144.7,144.35,750,144.75,150,7250,1477350
NIFTY03NOV2217800CE.NFO,27/10/2022,09:20:31,145,144.4,450,144.85,50,8500,1477350
NIFTY03NOV2217800CE.NFO,27/10/2022,09:20:33,145,144.65,100,145.05,50,6000,1477350
NIFTY03NOV2217800CE.NFO,27/10/2022,09:20:35,145.2,145.1,50,145.55,100,12850,1477350
NIFTY03NOV2217800CE.NFO,27/10/2022,09:20:36,145.25,145.1,50,145.4,50,4700,1477350
NIFTY03NOV2217800CE.NFO,27/10/2022,09:20:38,146,146,250,146.25,250,7900,1477350
NIFTY03NOV2217800CE.NFO,27/10/2022,09:20:40,145.85,145.95,50,146.25,100,9200,1477350
NIFTY03NOV2217800CE.NFO,27/10/2022,09:20:41,146.05,145.7,150,146.05,300,5300,1477350
NIFTY03NOV2217800CE.NFO,27/10/2022,09:20:43,145.75,145.45,1850,145.75,150,6600,1477350
NIFTY03NOV2217800CE.NFO,27/10/2022,09:20:45,144.95,144.7,150,145,100,5700,1477350
NIFTY03NOV2217800CE.NFO,27/10/2022,09:20:46,145.35,145.1,100,145.25,50,1700,1477350
NIFTY03NOV2217800CE.NFO,27/10/2022,09:20:48,145.25,145.25,600,145.7,50,5150,1477350
NIFTY03NOV2217800CE.NFO,27/10/2022,09:20:50,145.35,145.35,150,145.7,50,5150,1477350
NIFTY03NOV2217800CE.NFO,27/10/2022,09:20:51,146.6,146.55,150,146.65,150,4050,1477350
NIFTY03NOV2217800CE.NFO,27/10/2022,09:20:53,146.25,145.9,50,146.25,300,3000,1477350
NIFTY03NOV2217800CE.NFO,27/10/2022,09:20:55,146.6,146.25,150,146.65,200,5500,1477350
NIFTY03NOV2217800CE.NFO,27/10/2022,09:20:56,146.55,146.3,100,146.7,350,5100,1477350
NIFTY03NOV2217800CE.NFO,27/10/2022,09:20:58,146.95,146.75,350,146.95,50,1800,1477350
NIFTY03NOV2217800CE.NFO,27/10/2022,09:21:00,147.35,147.35,50,147.8,50,7500,1477350
NIFTY03NOV2217800CE.NFO,27/10/2022,09:21:01,147.3,147.4,550,147.8,50,2050,1477350
NIFTY03NOV2217800CE.NFO,27/10/2022,09:21:03,147.3,147.25,1100,147.6,250,3550,1477350
NIFTY03NOV2217800CE.NFO,27/10/2022,09:21:05,147.3,147.3,500,147.75,250,9850,1477350
NIFTY03NOV2217800CE.NFO,27/10/2022,09:21:06,148.5,148.5,650,148.95,250,16750,1477350
NIFTY03NOV2217800CE.NFO,27/10/2022,09:21:08,148.6,148.6,950,148.95,150,12400,1477350
NIFTY03NOV2217800CE.NFO,27/10/2022,09:21:10,149,149,50,149.3,200,2200,1477350
NIFTY03NOV2217800CE.NFO,27/10/2022,09:21:11,148.55,148.35,50,148.5,100,4000,1477350
NIFTY03NOV2217800CE.NFO,27/10/2022,09:21:13,148.25,147.9,150,148.25,200,9600,1477350
NIFTY03NOV2217800CE.NFO,27/10/2022,09:21:15,147.2,147.15,450,147.6,700,8150,1477350
NIFTY03NOV2217800CE.NFO,27/10/2022,09:21:16,147.4,147.5,350,147.85,250,2650,1477350
NIFTY03NOV2217800CE.NFO,27/10/2022,09:21:18,147.3,147.05,550,147.4,50,7800,1477350
NIFTY03NOV2217800CE.NFO,27/10/2022,09:21:20,147.7,147.4,350,147.7,50,1800,1477350
NIFTY03NOV2217800CE.NFO,27/10/2022,09:21:21,148,147.6,700,148,250,4150,1477350
NIFTY03NOV2217800CE.NFO,27/10/2022,09:21:23,147.5,147.15,350,147.5,50,7650,1477350
NIFTY03NOV2217800CE.NFO,27/10/2022,09:21:25,148,147.55,350,148,450,8650,1477350
NIFTY03NOV2217800CE.NFO,27/10/2022,09:21:26,147.55,147.3,50,147.35,200,3550,1477350
NIFTY03NOV2217800CE.NFO,27/10/2022,09:21:28,147.25,147.2,350,147.35,200,2350,1477350
NIFTY03NOV2217800CE.NFO,27/10/2022,09:21:30,147.05,147.05,150,147.2,1500,1750,1477350
NIFTY03NOV2217800CE.NFO,27/10/2022,09:21:31,148.35,148.3,150,148.5,100,5800,1477350
NIFTY03NOV2217800CE.NFO,27/10/2022,09:21:33,148.5,148.55,50,148.7,250,6200,1477350
NIFTY03NOV2217800CE.NFO,27/10/2022,09:21:35,149.2,149.15,400,149.5,50,3400,1477350
NIFTY03NOV2217800CE.NFO,27/10/2022,09:21:36,148.85,148.85,400,149.2,50,3050,1477350
NIFTY03NOV2217800CE.NFO,27/10/2022,09:21:38,149.8,149.8,50,149.95,200,10300,1477350
NIFTY03NOV2217800CE.NFO,27/10/2022,09:21:40,149.85,149.8,100,150,9100,5200,1477350
NIFTY03NOV2217800CE.NFO,27/10/2022,09:21:41,149.9,149.9,450,150.3,50,13700,1477350
NIFTY03NOV2217800CE.NFO,27/10/2022,09:21:43,150.55,150.55,550,150.95,300,6300,1477350
NIFTY03NOV2217800CE.NFO,27/10/2022,09:21:45,150.8,150.65,800,150.9,100,6500,1477350
NIFTY03NOV2217800CE.NFO,27/10/2022,09:21:46,151,150.95,550,151.25,250,11850,1477350
NIFTY03NOV2217800CE.NFO,27/10/2022,09:21:48,151.8,151.7,450,152,600,7300,1477350
NIFTY03NOV2217800CE.NFO,27/10/2022,09:21:50,152,151.6,500,152,150,3100,1477350
NIFTY03NOV2217800CE.NFO,27/10/2022,09:21:51,152.05,151.7,350,152,200,4850,1477350
NIFTY03NOV2217800CE.NFO,27/10/2022,09:21:53,150.85,150.85,250,151.1,250,8650,1477350
NIFTY03NOV2217800CE.NFO,27/10/2022,09:21:55,150.8,150.65,600,150.95,50,6250,1477350
NIFTY03NOV2217800CE.NFO,27/10/2022,09:21:56,150.2,150.4,50,150.55,50,5750,1477350
NIFTY03NOV2217800CE.NFO,27/10/2022,09:21:58,150.45,150.4,350,150.65,1900,1150,1477350
NIFTY03NOV2217800CE.NFO,27/10/2022,09:22:00,150.15,150.15,550,150.6,800,1500,1477350
NIFTY03NOV2217800CE.NFO,27/10/2022,09:22:01,151,150.75,50,151,3400,7350,1477350
NIFTY03NOV2217800CE.NFO,27/10/2022,09:22:03,150.05,150.15,1050,150.45,200,4650,1477350
NIFTY03NOV2217800CE.NFO,27/10/2022,09:22:05,150.6,150.2,50,150.5,400,4000,1477350
NIFTY03NOV2217800CE.NFO,27/10/2022,09:22:06,150.75,150.85,250,151.25,600,12400,1477350
NIFTY03NOV2217800CE.NFO,27/10/2022,09:22:08,151.5,151.2,450,151.5,800,2000,1477350
NIFTY03NOV2217800CE.NFO,27/10/2022,09:22:10,151.7,151.5,150,151.85,350,5100,1477350
NIFTY03NOV2217800CE.NFO,27/10/2022,09:22:11,150.9,150.75,450,151.15,600,6300,1477350
NIFTY03NOV2217800CE.NFO,27/10/2022,09:22:13,150.9,150.55,50,150.9,550,4250,1477350
NIFTY03NOV2217800CE.NFO,27/10/2022,09:22:15,151.35,151.05,200,151.4,100,5400,1477350
NIFTY03NOV2217800CE.NFO,27/10/2022,09:22:16,150.95,150.5,1000,150.9,700,8400,1477350
NIFTY03NOV2217800CE.NFO,27/10/2022,09:22:18,150.65,150.35,50,150.75,650,4200,1477350
NIFTY03NOV2217800CE.NFO,27/10/2022,09:22:20,150.4,150.25,50,150.6,200,6400,1477350
NIFTY03NOV2217800CE.NFO,27/10/2022,09:22:21,150.25,150.2,300,150.6,50,9550,1477350
NIFTY03NOV2217800CE.NFO,27/10/2022,09:22:23,149.55,149.65,150,149.9,50,4150,1477350
NIFTY03NOV2217800CE.NFO,27/10/2022,09:22:25,150.35,150,200,150.25,50,7850,1477350
NIFTY03NOV2217800CE.NFO,27/10/2022,09:22:26,149.6,149.5,150,149.85,450,3800,1477350
NIFTY03NOV2217800CE.NFO,27/10/2022,09:22:28,149.5,149.15,350,149.5,600,1900,1477350
NIFTY03NOV2217800CE.NFO,27/10/2022,09:22:30,149.7,149.65,50,149.95,200,6050,1477350
NIFTY03NOV2217800CE.NFO,27/10/2022,09:22:31,148.7,148.65,550,149.05,500,2700,1477350
NIFTY03NOV2217800CE.NFO,27/10/2022,09:22:33,148.9,148.45,50,148.8,750,600,1477350
NIFTY03NOV2217800CE.NFO,27/10/2022,09:22:35,148.8,148.35,500,148.75,400,1200,1477350
NIFTY03NOV2217800CE.NFO,27/10/2022,09:22:36,148.7,148.75,900,148.95,50,3850,1477350
NIFTY03NOV2217800CE.NFO,27/10/2022,09:22:38,148.95,148.75,100,149.05,200,4500,1477350
NIFTY03NOV2217800CE.NFO,27/10/2022,09:22:40,148.55,148.35,150,148.75,150,7100,1477350
NIFTY03NOV2217800CE.NFO,27/10/2022,09:22:41,148.15,148.05,850,148.2,300,2450,1477350
NIFTY03NOV2217800CE.NFO,27/10/2022,09:22:43,148.4,148.35,400,148.45,50,450,1477350
NIFTY03NOV2217800CE.NFO,27/10/2022,09:22:45,148.7,148.25,600,148.5,450,2400,1477350
NIFTY03NOV2217800CE.NFO,27/10/2022,09:22:46,148.45,148.45,100,148.75,150,4750,1477350
NIFTY03NOV2217800CE.NFO,27/10/2022,09:22:48,147.8,147.6,250,147.95,50,4950,1477350
NIFTY03NOV2217800CE.NFO,27/10/2022,09:22:50,147.3,147.15,150,147.5,50,800,1477350
NIFTY03NOV2217800CE.NFO,27/10/2022,09:22:51,147.4,147.3,250,147.7,650,1400,1477350
NIFTY03NOV2217800CE.NFO,27/10/2022,09:22:53,147,147.35,150,147.65,400,3100,1477350
NIFTY03NOV2217800CE.NFO,27/10/2022,09:22:55,147.2,147.1,50,147.5,850,2900,1477350
NIFTY03NOV2217800CE.NFO,27/10/2022,09:22:56,147.6,147.25,250,147.65,400,1150,1477350
NIFTY03NOV2217800CE.NFO,27/10/2022,09:22:58,147.25,146.7,250,147.05,50,1950,1477350
NIFTY03NOV2217800CE.NFO,27/10/2022,09:23:00,146.7,146.3,300,146.7,350,3050,1477350
NIFTY03NOV2217800CE.NFO,27/10/2022,09:23:02,146.55,146.35,50,146.7,50,2800,1477350
NIFTY03NOV2217800CE.NFO,27/10/2022,09:23:03,144.95,144.9,50,145.15,600,11100,1477350
NIFTY03NOV2217800CE.NFO,27/10/2022,09:23:05,144.8,144.7,200,145.05,1600,8000,1477350
NIFTY03NOV2217800CE.NFO,27/10/2022,09:23:07,144.95,145,50,145.3,250,8850,1477350
NIFTY03NOV2217800CE.NFO,27/10/2022,09:23:08,144.9,145.1,50,145.45,200,3450,1477350
NIFTY03NOV2217800CE.NFO,27/10/2022,09:23:10,145.6,145.5,400,145.9,550,3200,1477350
NIFTY03NOV2217800CE.NFO,27/10/2022,09:23:12,146.45,146.45,150,146.8,50,3550,1477350
NIFTY03NOV2217800CE.NFO,27/10/2022,09:23:13,146.5,146.55,650,146.95,150,5650,1477350
NIFTY03NOV2217800CE.NFO,27/10/2022,09:23:15,146.4,146.35,150,146.7,250,2900,1477350
NIFTY03NOV2217800CE.NFO,27/10/2022,09:23:17,146.75,146.5,400,146.85,150,3750,1477350
NIFTY03NOV2217800CE.NFO,27/10/2022,09:23:18,147.15,146.75,750,147.15,200,2800,1477350
NIFTY03NOV2217800CE.NFO,27/10/2022,09:23:20,147.4,147.15,300,147.4,150,3900,1477350
NIFTY03NOV2217800CE.NFO,27/10/2022,09:23:22,147.55,147.45,100,147.85,300,5350,1477350
NIFTY03NOV2217800CE.NFO,27/10/2022,09:23:23,147.95,147.6,50,147.95,700,4200,1477350
NIFTY03NOV2217800CE.NFO,27/10/2022,09:23:25,147.8,147.8,50,147.95,500,2300,1477350
NIFTY03NOV2217800CE.NFO,27/10/2022,09:23:27,147.95,147.65,300,147.95,850,6850,1531300
NIFTY03NOV2217800CE.NFO,27/10/2022,09:23:28,147.15,147.2,350,147.55,900,6700,1531300
NIFTY03NOV2217800CE.NFO,27/10/2022,09:23:30,147.1,147.1,50,147.3,300,4200,1531300
NIFTY03NOV2217800CE.NFO,27/10/2022,09:23:32,145.35,145.35,100,145.75,1000,6650,1531300
NIFTY03NOV2217800CE.NFO,27/10/2022,09:23:33,145.9,145.75,400,146.05,300,2350,1531300
NIFTY03NOV2217800CE.NFO,27/10/2022,09:23:35,145.35,145.15,250,145.5,50,550,1531300
NIFTY03NOV2217800CE.NFO,27/10/2022,09:23:37,144.85,145.05,50,145.35,50,5450,1531300
NIFTY03NOV2217800CE.NFO,27/10/2022,09:23:38,145.3,144.9,300,145.35,50,3000,1531300
NIFTY03NOV2217800CE.NFO,27/10/2022,09:23:40,145.15,144.9,100,145.15,800,1450,1531300
NIFTY03NOV2217800CE.NFO,27/10/2022,09:23:42,144.3,144.3,50,144.7,700,2050,1531300
NIFTY03NOV2217800CE.NFO,27/10/2022,09:23:43,144.05,144,100,144.05,700,7150,1531300
NIFTY03NOV2217800CE.NFO,27/10/2022,09:23:45,143.25,143,300,143.25,600,4300,1531300
NIFTY03NOV2217800CE.NFO,27/10/2022,09:23:47,142.95,142.85,300,143.2,100,4150,1531300
NIFTY03NOV2217800CE.NFO,27/10/2022,09:23:48,143.4,143.5,250,143.8,50,1900,1531300
NIFTY03NOV2217800CE.NFO,27/10/2022,09:23:50,144,143.85,550,144.25,300,1800,1531300
NIFTY03NOV2217800CE.NFO,27/10/2022,09:23:52,143.45,143.15,250,143.5,200,1400,1531300
NIFTY03NOV2217800CE.NFO,27/10/2022,09:23:53,142.4,142.4,100,142.75,300,1000,1531300
NIFTY03NOV2217800CE.NFO,27/10/2022,09:23:55,142.5,142.05,300,142.4,650,1750,1531300
NIFTY03NOV2217800CE.NFO,27/10/2022,09:23:57,142.25,142.05,250,142.25,400,4350,1531300
NIFTY03NOV2217800CE.NFO,27/10/2022,09:23:58,142.5,142.05,650,142.4,400,11800,1531300
NIFTY03NOV2217800CE.NFO,27/10/2022,09:24:00,142.5,142.4,250,142.65,450,2850,1531300
NIFTY03NOV2217800CE.NFO,27/10/2022,09:24:02,142.45,142.6,750,142.95,300,2500,1531300
NIFTY03NOV2217800CE.NFO,27/10/2022,09:24:03,143.45,143.2,450,143.45,50,5150,1531300
NIFTY03NOV2217800CE.NFO,27/10/2022,09:24:05,143.35,143,300,143.35,100,3100,1531300
NIFTY03NOV2217800CE.NFO,27/10/2022,09:24:07,143.45,143.05,50,143.35,250,1500,1531300
NIFTY03NOV2217800CE.NFO,27/10/2022,09:24:08,143.25,142.75,700,143.2,1150,1350,1531300
NIFTY03NOV2217800CE.NFO,27/10/2022,09:24:10,143,143,400,143.25,50,3150,1531300
NIFTY03NOV2217800CE.NFO,27/10/2022,09:24:12,144,143.95,550,144,11250,34800,1531300
NIFTY03NOV2217800CE.NFO,27/10/2022,09:24:13,143.65,143.6,50,143.85,200,2900,1531300
NIFTY03NOV2217800CE.NFO,27/10/2022,09:24:15,142.75,142.65,150,142.75,250,2150,1531300
NIFTY03NOV2217800CE.NFO,27/10/2022,09:24:17,143.2,142.85,250,143.2,50,1300,1531300
NIFTY03NOV2217800CE.NFO,27/10/2022,09:24:18,143.55,143.55,350,143.9,150,300,1531300
NIFTY03NOV2217800CE.NFO,27/10/2022,09:24:20,143.6,143.3,50,143.65,250,2550,1531300
NIFTY03NOV2217800CE.NFO,27/10/2022,09:24:22,143.4,143.4,200,143.75,650,1350,1531300
NIFTY03NOV2217800CE.NFO,27/10/2022,09:24:23,143.6,143.6,200,143.9,100,5550,1531300
NIFTY03NOV2217800CE.NFO,27/10/2022,09:24:25,144,143.9,250,144,5800,1100,1531300
NIFTY03NOV2217800CE.NFO,27/10/2022,09:24:27,143.55,143.7,200,143.95,250,1200,1531300
NIFTY03NOV2217800CE.NFO,27/10/2022,09:24:28,144.6,144.35,350,144.6,500,7050,1531300
NIFTY03NOV2217800CE.NFO,27/10/2022,09:24:30,144.4,144.35,50,144.55,50,1500,1531300
NIFTY03NOV2217800CE.NFO,27/10/2022,09:24:32,144.8,144.5,650,144.95,250,1500,1531300
NIFTY03NOV2217800CE.NFO,27/10/2022,09:24:33,145.2,145.05,250,145.45,150,6500,1531300
NIFTY03NOV2217800CE.NFO,27/10/2022,09:24:35,144.8,144.5,250,144.8,150,6250,1531300
NIFTY03NOV2217800CE.NFO,27/10/2022,09:24:37,144.15,144.1,200,144.15,50,300,1531300
NIFTY03NOV2217800CE.NFO,27/10/2022,09:24:38,144.55,144.2,250,144.55,50,250,1531300
NIFTY03NOV2217800CE.NFO,27/10/2022,09:24:40,144.5,144.3,200,144.65,1400,550,1531300
NIFTY03NOV2217800CE.NFO,27/10/2022,09:24:42,145.8,145.65,200,145.7,50,4650,1531300
NIFTY03NOV2217800CE.NFO,27/10/2022,09:24:43,146.15,146.05,50,146.35,400,3250,1531300
NIFTY03NOV2217800CE.NFO,27/10/2022,09:24:45,146.15,146.25,150,146.6,300,2000,1531300
NIFTY03NOV2217800CE.NFO,27/10/2022,09:24:47,146.15,145.75,150,146.1,150,5500,1531300
NIFTY03NOV2217800CE.NFO,27/10/2022,09:24:48,145.45,145.25,300,145.5,200,6600,1531300
NIFTY03NOV2217800CE.NFO,27/10/2022,09:24:50,145.15,145.15,700,145.5,950,4800,1531300
NIFTY03NOV2217800CE.NFO,27/10/2022,09:24:52,145.4,145.5,50,145.75,500,1800,1531300
NIFTY03NOV2217800CE.NFO,27/10/2022,09:24:53,145.9,145.45,50,145.75,350,300,1531300
NIFTY03NOV2217800CE.NFO,27/10/2022,09:24:55,145.5,145.4,250,145.65,50,500,1531300
NIFTY03NOV2217800CE.NFO,27/10/2022,09:24:57,145.15,144.85,300,145.15,400,3800,1531300
NIFTY03NOV2217800CE.NFO,27/10/2022,09:24:58,145.15,144.95,300,145.25,400,1850,1531300
NIFTY03NOV2217800CE.NFO,27/10/2022,09:25:00,145.6,145.4,150,145.65,50,1150,1531300
NIFTY03NOV2217800CE.NFO,27/10/2022,09:25:02,145.9,146,650,146.35,100,4100,1531300
NIFTY03NOV2217800CE.NFO,27/10/2022,09:25:03,146.95,146.6,400,146.95,200,1800,1531300
NIFTY03NOV2217800CE.NFO,27/10/2022,09:25:05,146,145.95,200,146,50,400,1531300
NIFTY03NOV2217800CE.NFO,27/10/2022,09:25:07,146.55,146.4,300,146.7,50,1300,1531300
NIFTY03NOV2217800CE.NFO,27/10/2022,09:25:08,146.9,146.9,200,147,50,4150,1531300
NIFTY03NOV2217800CE.NFO,27/10/2022,09:25:10,146.3,146.3,400,146.7,650,6350,1531300
NIFTY03NOV2217800CE.NFO,27/10/2022,09:25:12,146.5,146.05,50,146.4,350,2650,1531300
NIFTY03NOV2217800CE.NFO,27/10/2022,09:25:13,146.2,146.15,300,146.5,200,1350,1531300
NIFTY03NOV2217800CE.NFO,27/10/2022,09:25:15,145.95,145.85,300,146.2,50,1950,1531300
NIFTY03NOV2217800CE.NFO,27/10/2022,09:25:17,146.25,145.8,50,146,50,650,1531300
NIFTY03NOV2217800CE.NFO,27/10/2022,09:25:18,146.2,145.9,50,146.25,700,2050,1531300
NIFTY03NOV2217800CE.NFO,27/10/2022,09:25:20,146.5,146.45,50,146.75,700,350,1531300
NIFTY03NOV2217800CE.NFO,27/10/2022,09:25:22,146.7,146.25,300,146.6,900,550,1531300
NIFTY03NOV2217800CE.NFO,27/10/2022,09:25:23,146.1,145.55,300,145.8,100,3200,1531300
NIFTY03NOV2217800CE.NFO,27/10/2022,09:25:25,145.85,145.6,350,146,500,3100,1531300
NIFTY03NOV2217800CE.NFO,27/10/2022,09:25:27,145.7,145.55,350,145.9,150,2750,1531300
NIFTY03NOV2217800CE.NFO,27/10/2022,09:25:28,146.05,145.65,300,146,150,600,1531300
NIFTY03NOV2217800CE.NFO,27/10/2022,09:25:30,145.8,145.8,900,146.15,300,850,1531300
NIFTY03NOV2217800CE.NFO,27/10/2022,09:25:32,145.85,145.5,500,145.75,200,100,1531300
NIFTY03NOV2217800CE.NFO,27/10/2022,09:25:33,145.5,145.3,50,145.6,200,600,1531300
NIFTY03NOV2217800CE.NFO,27/10/2022,09:25:35,145.55,145.6,350,145.9,50,700,1531300
NIFTY03NOV2217800CE.NFO,27/10/2022,09:25:37,145.5,145.5,400,145.55,50,2100,1531300
NIFTY03NOV2217800CE.NFO,27/10/2022,09:25:38,145,144.95,500,145.35,700,7650,1531300
NIFTY03NOV2217800CE.NFO,27/10/2022,09:25:40,144.25,144.5,50,144.75,50,3700,1531300
NIFTY03NOV2217800CE.NFO,27/10/2022,09:25:42,145.25,145.05,50,145.25,50,1350,1531300
NIFTY03NOV2217800CE.NFO,27/10/2022,09:25:43,144.5,144.45,300,144.75,300,1550,1531300
NIFTY03NOV2217800CE.NFO,27/10/2022,09:25:45,144.4,144.4,200,144.75,200,1750,1531300
NIFTY03NOV2217800CE.NFO,27/10/2022,09:25:46,144.4,144.3,600,144.6,300,100,1531300
NIFTY03NOV2217800CE.NFO,27/10/2022,09:25:48,143.95,143.8,250,144.2,1150,2650,1531300
NIFTY03NOV2217800CE.NFO,27/10/2022,09:25:50,143.85,143.55,100,143.8,50,2650,1531300
NIFTY03NOV2217800CE.NFO,27/10/2022,09:25:51,143.95,143.95,100,144.2,100,7100,1531300
NIFTY03NOV2217800CE.NFO,27/10/2022,09:25:53,144.75,144.45,500,144.75,200,1750,1531300
NIFTY03NOV2217800CE.NFO,27/10/2022,09:25:55,143.85,143.5,100,143.8,50,1850,1531300
NIFTY03NOV2217800CE.NFO,27/10/2022,09:25:56,143.6,143.6,450,144,250,3000,1531300
NIFTY03NOV2217800CE.NFO,27/10/2022,09:25:58,143.9,143.25,250,143.5,150,750,1531300
NIFTY03NOV2217800CE.NFO,27/10/2022,09:26:00,142.9,142.7,50,142.95,200,1950,1531300
NIFTY03NOV2217800CE.NFO,27/10/2022,09:26:01,143.3,143.3,1200,143.75,250,5900,1531300
NIFTY03NOV2217800CE.NFO,27/10/2022,09:26:03,143.35,143.3,1250,143.65,50,1050,1531300
NIFTY03NOV2217800CE.NFO,27/10/2022,09:26:05,143.55,143.15,500,143.55,50,2900,1531300
NIFTY03NOV2217800CE.NFO,27/10/2022,09:26:06,143.35,143.4,200,143.45,350,2100,1531300
NIFTY03NOV2217800CE.NFO,27/10/2022,09:26:08,143.65,143.65,50,143.95,250,1650,1531300
NIFTY03NOV2217800CE.NFO,27/10/2022,09:26:10,144.4,144.3,1250,144.6,50,3850,1531300
NIFTY03NOV2217800CE.NFO,27/10/2022,09:26:11,144.75,144.65,100,144.95,50,1900,1531300
NIFTY03NOV2217800CE.NFO,27/10/2022,09:26:13,144.45,144.6,200,144.85,200,450,1531300
NIFTY03NOV2217800CE.NFO,27/10/2022,09:26:15,144.35,144.25,50,144.4,50,850,1531300
NIFTY03NOV2217800CE.NFO,27/10/2022,09:26:16,144.65,144.45,50,144.75,150,1050,1531300
NIFTY03NOV2217800CE.NFO,27/10/2022,09:26:18,144.25,144.15,250,144.5,450,150,1531300
NIFTY03NOV2217800CE.NFO,27/10/2022,09:26:20,144.45,144.15,250,144.45,50,2050,1531300
NIFTY03NOV2217800CE.NFO,27/10/2022,09:26:21,144.45,144.35,250,144.7,250,1650,1531300
NIFTY03NOV2217800CE.NFO,27/10/2022,09:26:23,144.35,144.15,250,144.5,50,150,1531300
NIFTY03NOV2217800CE.NFO,27/10/2022,09:26:25,144.6,144.25,150,144.55,50,150,1531300
NIFTY03NOV2217800CE.NFO,27/10/2022,09:26:26,144.2,144.1,350,144.55,250,1350,1591900
NIFTY03NOV2217800CE.NFO,27/10/2022,09:26:28,144.45,144.2,50,144.5,50,1400,1591900
NIFTY03NOV2217800CE.NFO,27/10/2022,09:26:29,145.55,145.2,250,145.55,50,4900,1591900
NIFTY03NOV2217800CE.NFO,27/10/2022,09:26:31,145.55,144.9,250,145.3,50,400,1591900
NIFTY03NOV2217800CE.NFO,27/10/2022,09:26:33,144.7,144.65,50,144.95,200,1500,1591900
NIFTY03NOV2217800CE.NFO,27/10/2022,09:26:34,145.45,144.9,500,145.25,50,700,1591900
NIFTY03NOV2217800CE.NFO,27/10/2022,09:26:36,145.05,144.7,400,145.05,50,450,1591900
NIFTY03NOV2217800CE.NFO,27/10/2022,09:26:38,144.55,144.3,50,144.65,200,4050,1591900
NIFTY03NOV2217800CE.NFO,27/10/2022,09:26:39,145.45,145.55,50,145.8,200,550,1591900
NIFTY03NOV2217800CE.NFO,27/10/2022,09:26:41,145.55,145.35,450,145.65,150,900,1591900
NIFTY03NOV2217800CE.NFO,27/10/2022,09:26:43,145.6,145.4,250,145.75,250,2150,1591900
NIFTY03NOV2217800CE.NFO,27/10/2022,09:26:44,145.15,145.2,350,145.55,150,1550,1591900
NIFTY03NOV2217800CE.NFO,27/10/2022,09:26:46,145.55,145.75,50,146.05,50,950,1591900
NIFTY03NOV2217800CE.NFO,27/10/2022,09:26:48,145.85,145.4,50,145.7,50,1000,1591900
NIFTY03NOV2217800CE.NFO,27/10/2022,09:26:49,145.5,145.5,150,145.8,100,500,1591900
NIFTY03NOV2217800CE.NFO,27/10/2022,09:26:51,145.75,145.9,300,146.25,50,950,1591900
NIFTY03NOV2217800CE.NFO,27/10/2022,09:26:53,145.7,145.35,250,145.75,300,2050,1591900
NIFTY03NOV2217800CE.NFO,27/10/2022,09:26:54,146.1,145.65,300,146.05,500,550,1591900
NIFTY03NOV2217800CE.NFO,27/10/2022,09:26:56,145.65,145.65,400,146.05,200,1250,1591900
NIFTY03NOV2217800CE.NFO,27/10/2022,09:26:58,145.95,145.4,250,145.8,650,400,1591900
NIFTY03NOV2217800CE.NFO,27/10/2022,09:26:59,145.7,145.75,50,146.1,250,1450,1591900
NIFTY03NOV2217800CE.NFO,27/10/2022,09:27:01,146.65,146.35,200,146.65,50,450,1591900
NIFTY03NOV2217800CE.NFO,27/10/2022,09:27:03,146.9,146.7,200,146.9,450,2250,1591900
NIFTY03NOV2217800CE.NFO,27/10/2022,09:27:04,147.3,147.05,650,147.2,50,3200,1591900
NIFTY03NOV2217800CE.NFO,27/10/2022,09:27:06,148.2,148.15,300,148.45,500,4650,1591900
NIFTY03NOV2217800CE.NFO,27/10/2022,09:27:08,148.55,148.55,650,148.65,50,2400,1591900
NIFTY03NOV2217800CE.NFO,27/10/2022,09:27:09,148.6,148.3,650,148.6,150,3250,1591900
NIFTY03NOV2217800CE.NFO,27/10/2022,09:27:11,148.65,148.6,1150,148.9,50,4850,1591900
NIFTY03NOV2217800CE.NFO,27/10/2022,09:27:13,147.55,147.45,400,147.7,150,4650,1591900
NIFTY03NOV2217800CE.NFO,27/10/2022,09:27:15,147,146.75,50,147.05,50,7600,1591900
NIFTY03NOV2217800CE.NFO,27/10/2022,09:27:16,146.3,146.15,50,146.55,200,2750,1591900
NIFTY03NOV2217800CE.NFO,27/10/2022,09:27:18,146.5,146.4,50,146.8,650,700,1591900
NIFTY03NOV2217800CE.NFO,27/10/2022,09:27:20,147.45,147.05,250,147.35,200,550,1591900
NIFTY03NOV2217800CE.NFO,27/10/2022,09:27:21,148.15,147.75,100,148.1,650,1700,1591900
NIFTY03NOV2217800CE.NFO,27/10/2022,09:27:23,147.35,147.45,150,147.75,200,1650,1591900
NIFTY03NOV2217800CE.NFO,27/10/2022,09:27:25,147.75,147.5,1900,147.9,50,2000,1591900
NIFTY03NOV2217800CE.NFO,27/10/2022,09:27:26,147.8,147.35,50,147.65,350,3000,1591900
NIFTY03NOV2217800CE.NFO,27/10/2022,09:27:28,147.55,147.2,50,147.55,200,1150,1591900
NIFTY03NOV2217800CE.NFO,27/10/2022,09:27:30,147.55,147.65,400,147.95,50,2400,1591900
NIFTY03NOV2217800CE.NFO,27/10/2022,09:27:31,147.05,147.15,100,147.3,100,1900,1591900
NIFTY03NOV2217800CE.NFO,27/10/2022,09:27:33,147.35,147.2,650,147.45,50,1100,1591900
NIFTY03NOV2217800CE.NFO,27/10/2022,09:27:35,147.85,147.8,150,148,300,4250,1591900
NIFTY03NOV2217800CE.NFO,27/10/2022,09:27:36,147.8,147.4,300,147.8,500,2450,1591900
NIFTY03NOV2217800CE.NFO,27/10/2022,09:27:38,147.45,147.4,400,147.75,250,700,1591900
NIFTY03NOV2217800CE.NFO,27/10/2022,09:27:40,147.95,147.75,550,147.95,50,2950,1591900
NIFTY03NOV2217800CE.NFO,27/10/2022,09:27:41,148,147.85,450,148,50,2800,1591900
NIFTY03NOV2217800CE.NFO,27/10/2022,09:27:43,147.9,147.55,50,147.75,100,900,1591900
NIFTY03NOV2217800CE.NFO,27/10/2022,09:27:45,146.6,146.6,300,147,150,3800,1591900
NIFTY03NOV2217800CE.NFO,27/10/2022,09:27:46,146.35,146.4,250,146.55,50,600,1591900
NIFTY03NOV2217800CE.NFO,27/10/2022,09:27:48,146.65,146.55,150,146.9,300,1650,1591900
NIFTY03NOV2217800CE.NFO,27/10/2022,09:27:50,146.6,146.5,300,146.6,1850,1450,1591900
NIFTY03NOV2217800CE.NFO,27/10/2022,09:27:51,146.8,146.4,1200,146.8,600,2850,1591900
NIFTY03NOV2217800CE.NFO,27/10/2022,09:27:53,146.65,146.5,750,146.85,300,500,1591900
NIFTY03NOV2217800CE.NFO,27/10/2022,09:27:55,146.9,146.7,2150,147.05,300,350,1591900
NIFTY03NOV2217800CE.NFO,27/10/2022,09:27:56,146.7,146.45,150,146.7,250,150,1591900
NIFTY03NOV2217800CE.NFO,27/10/2022,09:27:58,146.65,146.3,150,146.65,200,250,1591900
NIFTY03NOV2217800CE.NFO,27/10/2022,09:28:00,146.5,146.25,450,146.5,2600,600,1591900
NIFTY03NOV2217800CE.NFO,27/10/2022,09:28:01,145.8,145.65,150,145.85,50,1050,1591900
NIFTY03NOV2217800CE.NFO,27/10/2022,09:28:03,146.35,146.3,200,146.5,2150,2150,1591900
NIFTY03NOV2217800CE.NFO,27/10/2022,09:28:05,146.8,146.55,650,146.9,100,3750,1591900
NIFTY03NOV2217800CE.NFO,27/10/2022,09:28:06,146.15,146.15,250,146.55,300,4600,1591900
NIFTY03NOV2217800CE.NFO,27/10/2022,09:28:08,146.2,145.8,900,146.2,650,1600,1591900
NIFTY03NOV2217800CE.NFO,27/10/2022,09:28:10,146,145.65,150,146,900,4150,1591900
NIFTY03NOV2217800CE.NFO,27/10/2022,09:28:11,147,146.95,50,147,250,1200,1591900
NIFTY03NOV2217800CE.NFO,27/10/2022,09:28:13,147.15,146.9,50,147.1,50,550,1591900
NIFTY03NOV2217800CE.NFO,27/10/2022,09:28:15,146.9,146.9,450,147.2,50,300,1591900
NIFTY03NOV2217800CE.NFO,27/10/2022,09:28:16,147.3,147,200,147.3,650,800,1591900
NIFTY03NOV2217800CE.NFO,27/10/2022,09:28:18,147,146.85,50,147,100,1050,1591900
NIFTY03NOV2217800CE.NFO,27/10/2022,09:28:20,146.25,146.1,250,146.2,200,350,1591900
NIFTY03NOV2217800CE.NFO,27/10/2022,09:28:21,146.3,146.15,150,146.5,550,1100,1591900
NIFTY03NOV2217800CE.NFO,27/10/2022,09:28:23,146.3,146.2,50,146.45,150,50,1591900
NIFTY03NOV2217800CE.NFO,27/10/2022,09:28:25,146.25,145.8,50,146.1,800,1550,1591900
NIFTY03NOV2217800CE.NFO,27/10/2022,09:28:26,145.5,145.5,300,145.75,350,2100,1591900
NIFTY03NOV2217800CE.NFO,27/10/2022,09:28:28,145.9,145.75,200,146.05,400,350,1591900
NIFTY03NOV2217800CE.NFO,27/10/2022,09:28:30,145.7,145.65,150,146.05,400,400,1591900
NIFTY03NOV2217800CE.NFO,27/10/2022,09:28:31,146.1,145.8,250,146.05,50,700,1591900
NIFTY03NOV2217800CE.NFO,27/10/2022,09:28:33,145.85,145.5,200,145.65,50,1550,1591900
NIFTY03NOV2217800CE.NFO,27/10/2022,09:28:35,145.7,145.55,150,145.9,200,1900,1591900
NIFTY03NOV2217800CE.NFO,27/10/2022,09:28:36,145.6,145.6,250,145.95,600,300,1591900
NIFTY03NOV2217800CE.NFO,27/10/2022,09:28:38,145.1,145.45,50,145.6,200,550,1591900
NIFTY03NOV2217800CE.NFO,27/10/2022,09:28:40,146.3,146.15,50,146.3,250,2250,1591900
NIFTY03NOV2217800CE.NFO,27/10/2022,09:28:41,146.5,146.2,150,146.45,150,1150,1591900
NIFTY03NOV2217800CE.NFO,27/10/2022,09:28:43,146.05,145.55,200,145.9,1000,700,1591900
NIFTY03NOV2217800CE.NFO,27/10/2022,09:28:45,145.05,145,4700,145.25,250,2400,1591900
NIFTY03NOV2217800CE.NFO,27/10/2022,09:28:46,145.35,145.05,250,145.45,450,1300,1591900
NIFTY03NOV2217800CE.NFO,27/10/2022,09:28:48,145.2,145.2,400,145.6,400,300,1591900
NIFTY03NOV2217800CE.NFO,27/10/2022,09:28:50,145.55,145.35,150,145.7,900,400,1591900
NIFTY03NOV2217800CE.NFO,27/10/2022,09:28:51,145.4,145.25,950,145.35,50,900,1591900
NIFTY03NOV2217800CE.NFO,27/10/2022,09:28:53,145.1,145.05,250,145.3,500,1150,1591900
NIFTY03NOV2217800CE.NFO,27/10/2022,09:28:55,145.25,145.25,200,145.55,50,700,1591900
NIFTY03NOV2217800CE.NFO,27/10/2022,09:28:56,145.95,145.75,50,146,550,250,1591900
NIFTY03NOV2217800CE.NFO,27/10/2022,09:28:58,145.9,145.35,950,145.7,250,300,1591900
NIFTY03NOV2217800CE.NFO,27/10/2022,09:29:00,145.7,145.7,450,146,600,2500,1591900
NIFTY03NOV2217800CE.NFO,27/10/2022,09:29:01,145.5,145.15,50,145.5,1000,1200,1591900
NIFTY03NOV2217800CE.NFO,27/10/2022,09:29:03,145.4,145.15,550,145.55,400,1950,1591900
NIFTY03NOV2217800CE.NFO,27/10/2022,09:29:05,145.45,145.45,100,145.75,200,400,1591900
NIFTY03NOV2217800CE.NFO,27/10/2022,09:29:06,145.8,145.45,400,145.8,400,900,1591900
NIFTY03NOV2217800CE.NFO,27/10/2022,09:29:08,146,145.85,150,146.15,200,2000,1591900
NIFTY03NOV2217800CE.NFO,27/10/2022,09:29:10,145.65,145.3,50,145.55,50,100,1591900
NIFTY03NOV2217800CE.NFO,27/10/2022,09:29:11,146,145.8,500,146,250,3100,1591900
NIFTY03NOV2217800CE.NFO,27/10/2022,09:29:13,146.4,146.35,50,146.4,250,1700,1591900
NIFTY03NOV2217800CE.NFO,27/10/2022,09:29:15,146,146,250,146.15,250,1050,1591900
NIFTY03NOV2217800CE.NFO,27/10/2022,09:29:16,146.9,146.7,50,146.95,250,900,1591900
NIFTY03NOV2217800CE.NFO,27/10/2022,09:29:18,146.9,146.9,150,147.2,250,1950,1591900
NIFTY03NOV2217800CE.NFO,27/10/2022,09:29:20,147,146.7,200,147,350,650,1591900
NIFTY03NOV2217800CE.NFO,27/10/2022,09:29:21,146.8,146.7,200,147,250,950,1591900
NIFTY03NOV2217800CE.NFO,27/10/2022,09:29:23,147,146.7,350,147,150,600,1591900
NIFTY03NOV2217800CE.NFO,27/10/2022,09:29:25,146.95,146.75,250,146.95,250,650,1591900
NIFTY03NOV2217800CE.NFO,27/10/2022,09:29:26,147.05,146.9,150,147.2,150,1550,1591900
NIFTY03NOV2217800CE.NFO,27/10/2022,09:29:28,146.05,145.75,100,145.9,50,1900,1611650
NIFTY03NOV2217800CE.NFO,27/10/2022,09:29:30,146.35,146,700,146.4,50,900,1611650
NIFTY03NOV2217800CE.NFO,27/10/2022,09:29:31,146.25,146,200,146.35,700,600,1611650
NIFTY03NOV2217800CE.NFO,27/10/2022,09:29:33,146.5,146.5,50,146.65,50,100,1611650
NIFTY03NOV2217800CE.NFO,27/10/2022,09:29:35,146.6,146.4,700,146.7,750,900,1611650
NIFTY03NOV2217800CE.NFO,27/10/2022,09:29:36,146.5,146.5,50,146.8,1550,800,1611650
NIFTY03NOV2217800CE.NFO,27/10/2022,09:29:38,146.15,146.1,50,146.4,400,150,1611650
NIFTY03NOV2217800CE.NFO,27/10/2022,09:29:40,145.5,145.3,100,145.55,300,1650,1611650
NIFTY03NOV2217800CE.NFO,27/10/2022,09:29:41,145.2,145.1,50,145.5,2550,900,1611650
NIFTY03NOV2217800CE.NFO,27/10/2022,09:29:43,145.05,145,4000,145.05,400,850,1611650
NIFTY03NOV2217800CE.NFO,27/10/2022,09:29:45,144.9,144.65,50,144.95,50,5750,1611650
NIFTY03NOV2217800CE.NFO,27/10/2022,09:29:46,145.25,145.05,50,145.4,200,1100,1611650
NIFTY03NOV2217800CE.NFO,27/10/2022,09:29:48,145.4,145.35,50,145.65,150,1050,1611650
NIFTY03NOV2217800CE.NFO,27/10/2022,09:29:50,145.4,144.9,1050,145.3,200,1050,1611650
NIFTY03NOV2217800CE.NFO,27/10/2022,09:29:51,144.9,145.1,150,145.4,200,1250,1611650
NIFTY03NOV2217800CE.NFO,27/10/2022,09:29:53,145.3,145.35,50,145.6,1700,700,1611650
NIFTY03NOV2217800CE.NFO,27/10/2022,09:29:55,146,146,50,146.25,250,800,1611650
NIFTY03NOV2217800CE.NFO,27/10/2022,09:29:56,145.6,145.6,200,145.95,650,150,1611650
NIFTY03NOV2217800CE.NFO,27/10/2022,09:29:58,146,145.8,50,146,250,900,1611650
NIFTY03NOV2217800CE.NFO,27/10/2022,09:30:00,146,145.9,500,146.25,50,950,1611650
NIFTY03NOV2217800CE.NFO,27/10/2022,09:30:01,146.5,146.3,250,146.65,450,2200,1611650
NIFTY03NOV2217800CE.NFO,27/10/2022,09:30:03,146,145.65,500,145.85,50,4400,1611650
NIFTY03NOV2217800CE.NFO,27/10/2022,09:30:05,145.9,145.65,450,146,350,1300,1611650
NIFTY03NOV2217800CE.NFO,27/10/2022,09:30:06,147.1,147,400,147.35,300,3850,1611650
NIFTY03NOV2217800CE.NFO,27/10/2022,09:30:08,146.95,146.7,50,147.1,1200,2100,1611650
NIFTY03NOV2217800CE.NFO,27/10/2022,09:30:10,147.35,147.05,200,147.4,100,3150,1611650
NIFTY03NOV2217800CE.NFO,27/10/2022,09:30:11,147,146.75,50,147.1,1200,2150,1611650
NIFTY03NOV2217800CE.NFO,27/10/2022,09:30:13,146.75,146.8,200,147.05,300,1000,1611650
NIFTY03NOV2217800CE.NFO,27/10/2022,09:30:15,147.25,147.05,50,147.25,50,1500,1611650
NIFTY03NOV2217800CE.NFO,27/10/2022,09:30:16,147.25,147.2,250,147.5,100,500,1611650
NIFTY03NOV2217800CE.NFO,27/10/2022,09:30:18,147.3,146.85,150,147.15,400,900,1611650
NIFTY03NOV2217800CE.NFO,27/10/2022,09:30:20,146.35,146.4,50,146.6,50,1500,1611650
NIFTY03NOV2217800CE.NFO,27/10/2022,09:30:21,146.4,146.05,200,146.35,500,1050,1611650
NIFTY03NOV2217800CE.NFO,27/10/2022,09:30:23,145.7,145.5,50,145.75,450,1100,1611650
NIFTY03NOV2217800CE.NFO,27/10/2022,09:30:25,146.35,146,200,146.35,200,2200,1611650
NIFTY03NOV2217800CE.NFO,27/10/2022,09:30:26,146.8,146.5,50,146.8,200,700,1611650
NIFTY03NOV2217800CE.NFO,27/10/2022,09:30:28,146.95,146.75,400,147.1,50,900,1611650
NIFTY03NOV2217800CE.NFO,27/10/2022,09:30:30,146.7,146.7,100,147,100,1100,1611650
NIFTY03NOV2217800CE.NFO,27/10/2022,09:30:31,146.75,146.45,100,146.8,150,3200,1611650
NIFTY03NOV2217800CE.NFO,27/10/2022,09:30:33,146.8,146.5,350,146.8,50,2550,1611650
NIFTY03NOV2217800CE.NFO,27/10/2022,09:30:35,146.9,146.6,750,146.9,450,1100,1611650
NIFTY03NOV2217800CE.NFO,27/10/2022,09:30:36,147,146.75,100,146.95,50,1000,1611650
NIFTY03NOV2217800CE.NFO,27/10/2022,09:30:38,147,146.55,150,146.9,1150,250,1611650
NIFTY03NOV2217800CE.NFO,27/10/2022,09:30:40,146.2,146.2,200,146.45,300,1100,1611650
NIFTY03NOV2217800CE.NFO,27/10/2022,09:30:41,146.2,146.15,900,146.5,1000,2000,1611650
NIFTY03NOV2217800CE.NFO,27/10/2022,09:30:43,146.95,146.8,50,147.1,400,1750,1611650
NIFTY03NOV2217800CE.NFO,27/10/2022,09:30:45,147.3,147,400,147.3,250,1750,1611650
NIFTY03NOV2217800CE.NFO,27/10/2022,09:30:46,147.9,147.7,100,147.9,200,1950,1611650
NIFTY03NOV2217800CE.NFO,27/10/2022,09:30:48,147.55,147.45,200,147.7,400,1800,1611650
NIFTY03NOV2217800CE.NFO,27/10/2022,09:30:50,147.55,147.55,450,147.8,50,900,1611650
NIFTY03NOV2217800CE.NFO,27/10/2022,09:30:51,148,147.75,300,148,1000,4300,1611650
NIFTY03NOV2217800CE.NFO,27/10/2022,09:30:53,148.25,148.25,150,148.45,50,2300,1611650
NIFTY03NOV2217800CE.NFO,27/10/2022,09:30:55,147.95,147.65,700,147.95,50,1400,1611650
NIFTY03NOV2217800CE.NFO,27/10/2022,09:30:56,148,147.7,400,148,150,3100,1611650
NIFTY03NOV2217800CE.NFO,27/10/2022,09:30:58,147,146.8,400,147.15,250,2450,1611650
NIFTY03NOV2217800CE.NFO,27/10/2022,09:31:00,147.1,147.1,150,147.45,350,950,1611650
NIFTY03NOV2217800CE.NFO,27/10/2022,09:31:01,146.55,146.55,50,146.8,50,400,1611650
NIFTY03NOV2217800CE.NFO,27/10/2022,09:31:03,147.15,147.15,350,147.4,250,1500,1611650
NIFTY03NOV2217800CE.NFO,27/10/2022,09:31:05,145.9,146.05,450,146.3,150,5150,1611650
NIFTY03NOV2217800CE.NFO,27/10/2022,09:31:06,146.3,146.05,250,146.35,50,550,1611650
NIFTY03NOV2217800CE.NFO,27/10/2022,09:31:08,146.4,146.05,50,146.4,100,3150,1611650
NIFTY03NOV2217800CE.NFO,27/10/2022,09:31:10,146.35,146.15,550,146.4,200,300,1611650
NIFTY03NOV2217800CE.NFO,27/10/2022,09:31:11,146.45,146.35,150,146.65,100,1350,1611650
NIFTY03NOV2217800CE.NFO,27/10/2022,09:31:13,146.4,146.6,400,146.8,50,300,1611650
NIFTY03NOV2217800CE.NFO,27/10/2022,09:31:15,146.05,146,800,146.3,50,900,1611650
NIFTY03NOV2217800CE.NFO,27/10/2022,09:31:16,146.4,146.2,200,146.6,250,1800,1611650
NIFTY03NOV2217800CE.NFO,27/10/2022,09:31:18,146.3,146.25,400,146.6,600,1600,1611650
NIFTY03NOV2217800CE.NFO,27/10/2022,09:31:20,146.8,146.25,550,146.6,300,100,1611650
NIFTY03NOV2217800CE.NFO,27/10/2022,09:31:21,146.4,146,50,146.2,50,1250,1611650
NIFTY03NOV2217800CE.NFO,27/10/2022,09:31:23,145.55,145.55,100,145.85,400,650,1611650
NIFTY03NOV2217800CE.NFO,27/10/2022,09:31:25,145.2,145.2,350,145.55,500,4100,1611650
NIFTY03NOV2217800CE.NFO,27/10/2022,09:31:26,145.7,145.5,50,145.85,250,1250,1611650
NIFTY03NOV2217800CE.NFO,27/10/2022,09:31:28,145.1,145.05,300,145.45,800,1200,1611650
NIFTY03NOV2217800CE.NFO,27/10/2022,09:31:30,145.25,145.05,1100,145.4,50,1000,1611650
NIFTY03NOV2217800CE.NFO,27/10/2022,09:31:31,146.15,146.1,1100,146.4,200,1450,1611650
NIFTY03NOV2217800CE.NFO,27/10/2022,09:31:33,146.1,145.95,50,146.1,50,1300,1611650
NIFTY03NOV2217800CE.NFO,27/10/2022,09:31:35,145.6,145.35,50,145.5,50,300,1611650
NIFTY03NOV2217800CE.NFO,27/10/2022,09:31:37,145.8,145.45,200,145.8,400,450,1611650
NIFTY03NOV2217800CE.NFO,27/10/2022,09:31:38,145.95,145.45,350,145.85,900,150,1611650
NIFTY03NOV2217800CE.NFO,27/10/2022,09:31:40,145.85,145.45,250,145.75,700,300,1611650
NIFTY03NOV2217800CE.NFO,27/10/2022,09:31:42,145.7,145.25,250,145.6,200,1950,1611650
NIFTY03NOV2217800CE.NFO,27/10/2022,09:31:43,145.65,145.55,50,145.8,200,250,1611650
NIFTY03NOV2217800CE.NFO,27/10/2022,09:31:45,145.5,145.65,150,145.9,200,150,1611650
NIFTY03NOV2217800CE.NFO,27/10/2022,09:31:46,145,144.8,50,145,400,5250,1611650
NIFTY03NOV2217800CE.NFO,27/10/2022,09:31:48,145,144.9,850,145.2,100,100,1611650
NIFTY03NOV2217800CE.NFO,27/10/2022,09:31:50,145.2,144.85,800,145.25,650,700,1611650
NIFTY03NOV2217800CE.NFO,27/10/2022,09:31:51,145.15,144.6,100,144.95,200,400,1611650
NIFTY03NOV2217800CE.NFO,27/10/2022,09:31:53,144.6,144.65,50,144.7,50,500,1611650
NIFTY03NOV2217800CE.NFO,27/10/2022,09:31:55,144.6,144.5,250,144.75,250,1800,1611650
NIFTY03NOV2217800CE.NFO,27/10/2022,09:31:56,144.65,144.45,150,144.75,100,1100,1611650
NIFTY03NOV2217800CE.NFO,27/10/2022,09:31:58,144.6,144.2,250,144.55,400,550,1611650
NIFTY03NOV2217800CE.NFO,27/10/2022,09:32:00,144.3,144.05,50,144.35,100,400,1611650
NIFTY03NOV2217800CE.NFO,27/10/2022,09:32:01,143.75,143.7,50,143.95,200,6250,1611650
NIFTY03NOV2217800CE.NFO,27/10/2022,09:32:03,144.55,144.1,350,144.4,200,1300,1611650
NIFTY03NOV2217800CE.NFO,27/10/2022,09:32:05,145.45,145.25,50,145.5,50,2650,1611650
NIFTY03NOV2217800CE.NFO,27/10/2022,09:32:06,146.2,146.05,250,146.4,50,4250,1611650
NIFTY03NOV2217800CE.NFO,27/10/2022,09:32:08,145.7,145.5,250,145.9,1000,1000,1611650
NIFTY03NOV2217800CE.NFO,27/10/2022,09:32:10,145.65,145.3,50,145.65,250,850,1611650
NIFTY03NOV2217800CE.NFO,27/10/2022,09:32:11,145.6,145.75,50,145.95,250,600,1611650
NIFTY03NOV2217800CE.NFO,27/10/2022,09:32:13,145.95,146,1050,146.4,250,500,1611650
NIFTY03NOV2217800CE.NFO,27/10/2022,09:32:15,146.9,146.5,250,146.9,400,1400,1611650
NIFTY03NOV2217800CE.NFO,27/10/2022,09:32:16,146.95,146.6,400,146.95,100,1350,1611650
NIFTY03NOV2217800CE.NFO,27/10/2022,09:32:18,146.9,146.6,250,146.95,550,100,1611650
NIFTY03NOV2217800CE.NFO,27/10/2022,09:32:20,146.8,146.8,50,147.1,250,3300,1611650
NIFTY03NOV2217800CE.NFO,27/10/2022,09:32:21,146.5,146.55,600,146.9,50,600,1611650
NIFTY03NOV2217800CE.NFO,27/10/2022,09:32:23,146.4,146.15,50,146.45,50,3000,1611650
NIFTY03NOV2217800CE.NFO,27/10/2022,09:32:25,146.4,146.35,50,146.55,250,1150,1611650
NIFTY03NOV2217800CE.NFO,27/10/2022,09:32:26,146.5,146.2,100,146.5,700,250,1611650
NIFTY03NOV2217800CE.NFO,27/10/2022,09:32:28,146.7,146.55,250,146.85,50,800,1648350
NIFTY03NOV2217800CE.NFO,27/10/2022,09:32:30,146.65,146.65,50,146.9,50,1100,1648350
NIFTY03NOV2217800CE.NFO,27/10/2022,09:32:31,146.35,146.15,50,146.45,250,2750,1648350
NIFTY03NOV2217800CE.NFO,27/10/2022,09:32:33,146.2,146,250,146.15,50,750,1648350
NIFTY03NOV2217800CE.NFO,27/10/2022,09:32:35,146.1,145.85,400,146.2,100,1200,1648350
NIFTY03NOV2217800CE.NFO,27/10/2022,09:32:36,145.65,145.65,100,145.95,50,1250,1648350
NIFTY03NOV2217800CE.NFO,27/10/2022,09:32:38,145.7,145.8,50,146.05,250,650,1648350
NIFTY03NOV2217800CE.NFO,27/10/2022,09:32:40,146.15,146,100,146.05,150,2500,1648350
NIFTY03NOV2217800CE.NFO,27/10/2022,09:32:41,146.1,146,200,146.2,50,400,1648350
NIFTY03NOV2217800CE.NFO,27/10/2022,09:32:43,146.4,146.2,200,146.5,300,1150,1648350
NIFTY03NOV2217800CE.NFO,27/10/2022,09:32:45,146.2,146.2,50,146.4,100,3400,1648350
NIFTY03NOV2217800CE.NFO,27/10/2022,09:32:46,146.45,146.35,50,146.65,250,450,1648350
NIFTY03NOV2217800CE.NFO,27/10/2022,09:32:48,146.5,146.2,200,146.45,250,2300,1648350
NIFTY03NOV2217800CE.NFO,27/10/2022,09:32:50,147.1,146.8,250,147.1,200,3950,1648350
NIFTY03NOV2217800CE.NFO,27/10/2022,09:32:51,147.15,147.1,50,147.35,900,1800,1648350
NIFTY03NOV2217800CE.NFO,27/10/2022,09:32:53,146.7,146.35,50,146.65,250,1750,1648350
NIFTY03NOV2217800CE.NFO,27/10/2022,09:32:55,146.1,146.05,50,146.15,50,1000,1648350
NIFTY03NOV2217800CE.NFO,27/10/2022,09:32:56,145.95,145.85,550,146,250,850,1648350
NIFTY03NOV2217800CE.NFO,27/10/2022,09:32:58,145,144.95,100,145.25,250,2500,1648350
NIFTY03NOV2217800CE.NFO,27/10/2022,09:33:00,145.3,145,200,145.2,1200,4900,1648350
NIFTY03NOV2217800CE.NFO,27/10/2022,09:33:01,145.25,144.95,50,145.25,50,4250,1648350
NIFTY03NOV2217800CE.NFO,27/10/2022,09:33:03,145,144.85,150,145,150,2650,1648350
NIFTY03NOV2217800CE.NFO,27/10/2022,09:33:05,145.2,145.1,300,145.5,450,1900,1648350
NIFTY03NOV2217800CE.NFO,27/10/2022,09:33:06,145.85,145.85,300,146.2,150,950,1648350
NIFTY03NOV2217800CE.NFO,27/10/2022,09:33:08,145.85,145.75,100,145.8,150,650,1648350
NIFTY03NOV2217800CE.NFO,27/10/2022,09:33:10,145.1,145,500,145.15,550,1100,1648350
NIFTY03NOV2217800CE.NFO,27/10/2022,09:33:11,145,144.9,50,145.1,150,4700,1648350
NIFTY03NOV2217800CE.NFO,27/10/2022,09:33:13,145.2,145.1,100,145.4,150,1250,1648350
NIFTY03NOV2217800CE.NFO,27/10/2022,09:33:15,145.5,145.2,250,145.5,200,300,1648350
NIFTY03NOV2217800CE.NFO,27/10/2022,09:33:16,145.75,145.6,50,145.95,50,800,1648350
NIFTY03NOV2217800CE.NFO,27/10/2022,09:33:18,145.75,145.6,100,145.95,200,250,1648350
NIFTY03NOV2217800CE.NFO,27/10/2022,09:33:20,145.55,145.3,50,145.55,400,800,1648350
NIFTY03NOV2217800CE.NFO,27/10/2022,09:33:21,144.9,144.7,250,144.95,50,1750,1648350
NIFTY03NOV2217800CE.NFO,27/10/2022,09:33:23,145,145.15,50,145.3,50,600,1648350
NIFTY03NOV2217800CE.NFO,27/10/2022,09:33:25,144.8,144.7,250,145.05,400,2550,1648350
NIFTY03NOV2217800CE.NFO,27/10/2022,09:33:26,144.75,144.85,50,145.15,100,4300,1648350
NIFTY03NOV2217800CE.NFO,27/10/2022,09:33:28,145,145.05,50,145.25,400,3050,1648350
NIFTY03NOV2217800CE.NFO,27/10/2022,09:33:30,145,144.65,50,145,50,3200,1648350
NIFTY03NOV2217800CE.NFO,27/10/2022,09:33:31,143.6,143.45,50,143.6,50,20100,1648350
NIFTY03NOV2217800CE.NFO,27/10/2022,09:33:33,142.95,142.85,150,143.1,200,25050,1648350
NIFTY03NOV2217800CE.NFO,27/10/2022,09:33:35,143.45,143.1,600,143.45,400,9800,1648350
NIFTY03NOV2217800CE.NFO,27/10/2022,09:33:36,143.85,143.55,150,143.85,400,2950,1648350
NIFTY03NOV2217800CE.NFO,27/10/2022,09:33:38,142.8,142.85,50,143.2,1050,5650,1648350
NIFTY03NOV2217800CE.NFO,27/10/2022,09:33:40,142.1,142.2,50,142.5,250,6000,1648350
NIFTY03NOV2217800CE.NFO,27/10/2022,09:33:42,142.15,142,8550,142.15,50,1400,1648350
NIFTY03NOV2217800CE.NFO,27/10/2022,09:33:43,141.8,141.75,400,142.1,550,13600,1648350
NIFTY03NOV2217800CE.NFO,27/10/2022,09:33:45,142.3,141.95,850,142.3,700,6000,1648350
NIFTY03NOV2217800CE.NFO,27/10/2022,09:33:47,142.2,142.35,50,142.7,700,1600,1648350
NIFTY03NOV2217800CE.NFO,27/10/2022,09:33:48,142,142,200,142.35,200,750,1648350
NIFTY03NOV2217800CE.NFO,27/10/2022,09:33:50,142.1,142.1,100,142.2,300,6100,1648350
NIFTY03NOV2217800CE.NFO,27/10/2022,09:33:52,141.55,141.55,100,141.9,800,1500,1648350
NIFTY03NOV2217800CE.NFO,27/10/2022,09:33:53,141.7,141.4,50,141.7,150,1850,1648350
NIFTY03NOV2217800CE.NFO,27/10/2022,09:33:55,141,141,700,141.2,500,5850,1648350
NIFTY03NOV2217800CE.NFO,27/10/2022,09:33:57,141.1,140.8,450,141.15,750,3250,1648350
NIFTY03NOV2217800CE.NFO,27/10/2022,09:33:58,140.25,140.4,50,140.7,50,4800,1648350
NIFTY03NOV2217800CE.NFO,27/10/2022,09:34:00,140.85,140.6,850,140.85,150,3650,1648350
NIFTY03NOV2217800CE.NFO,27/10/2022,09:34:02,140.7,140.7,1200,140.95,300,5200,1648350
NIFTY03NOV2217800CE.NFO,27/10/2022,09:34:03,141.2,141.4,150,141.7,150,1550,1648350
NIFTY03NOV2217800CE.NFO,27/10/2022,09:34:05,141.3,141.1,1300,141.3,500,15000,1648350
NIFTY03NOV2217800CE.NFO,27/10/2022,09:34:07,141.1,141.1,1250,141.2,50,550,1648350
NIFTY03NOV2217800CE.NFO,27/10/2022,09:34:08,141.55,141.3,1200,141.6,300,2450,1648350
NIFTY03NOV2217800CE.NFO,27/10/2022,09:34:10,141.4,141.6,400,141.9,150,3100,1648350
NIFTY03NOV2217800CE.NFO,27/10/2022,09:34:12,142.1,141.75,400,142.1,700,1250,1648350
NIFTY03NOV2217800CE.NFO,27/10/2022,09:34:13,141.7,141.45,50,141.75,450,300,1648350
NIFTY03NOV2217800CE.NFO,27/10/2022,09:34:15,141.35,141.2,400,141.45,50,5100,1648350
NIFTY03NOV2217800CE.NFO,27/10/2022,09:34:17,141.45,141.45,50,141.7,300,1500,1648350
NIFTY03NOV2217800CE.NFO,27/10/2022,09:34:18,141.75,141.45,250,141.75,300,2200,1648350
NIFTY03NOV2217800CE.NFO,27/10/2022,09:34:20,142.15,141.95,50,142,200,3300,1648350
NIFTY03NOV2217800CE.NFO,27/10/2022,09:34:22,141.2,141.25,150,141.55,1050,4050,1648350
NIFTY03NOV2217800CE.NFO,27/10/2022,09:34:23,142.1,141.7,50,141.9,400,2250,1648350
NIFTY03NOV2217800CE.NFO,27/10/2022,09:34:25,142.3,142.3,1550,142.35,450,19900,1648350
NIFTY03NOV2217800CE.NFO,27/10/2022,09:34:26,142.4,142.15,300,142.4,50,2700,1648350
NIFTY03NOV2217800CE.NFO,27/10/2022,09:34:28,142.3,142.6,850,142.95,400,150,1648350
NIFTY03NOV2217800CE.NFO,27/10/2022,09:34:30,142.6,142.55,250,142.85,100,50,1648350
NIFTY03NOV2217800CE.NFO,27/10/2022,09:34:31,142.75,142.5,50,142.7,200,500,1648350
NIFTY03NOV2217800CE.NFO,27/10/2022,09:34:33,142.3,142.25,100,142.3,150,1300,1648350
NIFTY03NOV2217800CE.NFO,27/10/2022,09:34:35,141.5,141.3,300,141.7,650,5800,1648350
NIFTY03NOV2217800CE.NFO,27/10/2022,09:34:36,141.85,141.7,400,142,150,5550,1648350
NIFTY03NOV2217800CE.NFO,27/10/2022,09:34:38,141.85,141.8,8900,141.95,50,3250,1648350
NIFTY03NOV2217800CE.NFO,27/10/2022,09:34:40,141.95,141.45,450,141.8,400,14200,1648350
NIFTY03NOV2217800CE.NFO,27/10/2022,09:34:41,141.6,141.65,250,141.95,700,2900,1648350
NIFTY03NOV2217800CE.NFO,27/10/2022,09:34:43,141.85,141.75,50,141.85,300,3750,1648350
NIFTY03NOV2217800CE.NFO,27/10/2022,09:34:45,141.5,141.3,700,141.65,250,2950,1648350
NIFTY03NOV2217800CE.NFO,27/10/2022,09:34:46,141.5,141.3,50,141.55,50,300,1648350
NIFTY03NOV2217800CE.NFO,27/10/2022,09:34:48,141.3,141.15,400,141.45,350,1150,1648350
NIFTY03NOV2217800CE.NFO,27/10/2022,09:34:50,141.7,141.5,250,141.8,350,550,1648350
NIFTY03NOV2217800CE.NFO,27/10/2022,09:34:51,141.95,141.75,400,142.05,300,1650,1648350
NIFTY03NOV2217800CE.NFO,27/10/2022,09:34:53,142.1,141.95,50,142.15,50,700,1648350
NIFTY03NOV2217800CE.NFO,27/10/2022,09:34:55,141.75,141.5,50,141.75,600,350,1648350
NIFTY03NOV2217800CE.NFO,27/10/2022,09:34:56,142,141.75,50,142.1,300,450,1648350
NIFTY03NOV2217800CE.NFO,27/10/2022,09:34:58,141.7,141.9,50,142,250,1000,1648350
NIFTY03NOV2217800CE.NFO,27/10/2022,09:35:00,142.4,142.5,50,142.65,350,2150,1648350
NIFTY03NOV2217800CE.NFO,27/10/2022,09:35:01,142.05,142.1,100,142.3,50,100,1648350
NIFTY03NOV2217800CE.NFO,27/10/2022,09:35:03,141.85,141.9,50,142.15,400,900,1648350
NIFTY03NOV2217800CE.NFO,27/10/2022,09:35:05,141.7,141.45,400,141.65,400,12050,1648350
NIFTY03NOV2217800CE.NFO,27/10/2022,09:35:06,141.95,142.05,450,142.35,350,750,1648350
NIFTY03NOV2217800CE.NFO,27/10/2022,09:35:08,142.45,142.35,350,142.6,50,1000,1648350
NIFTY03NOV2217800CE.NFO,27/10/2022,09:35:10,142.2,142.15,100,142.4,100,350,1648350
NIFTY03NOV2217800CE.NFO,27/10/2022,09:35:11,142.2,142.05,500,142.15,100,650,1648350
NIFTY03NOV2217800CE.NFO,27/10/2022,09:35:13,141.9,141.95,50,142.05,300,1050,1648350
NIFTY03NOV2217800CE.NFO,27/10/2022,09:35:15,141.95,141.85,50,141.95,300,900,1648350
NIFTY03NOV2217800CE.NFO,27/10/2022,09:35:16,142.3,142.05,200,142.3,150,8050,1648350
NIFTY03NOV2217800CE.NFO,27/10/2022,09:35:18,141.4,141.35,300,141.6,50,1100,1648350
NIFTY03NOV2217800CE.NFO,27/10/2022,09:35:20,141.7,141.85,200,142.1,150,650,1648350
NIFTY03NOV2217800CE.NFO,27/10/2022,09:35:21,142.55,142.35,300,142.55,50,1300,1648350
NIFTY03NOV2217800CE.NFO,27/10/2022,09:35:23,142.25,142.05,50,142.35,50,650,1648350
NIFTY03NOV2217800CE.NFO,27/10/2022,09:35:25,142.1,142.05,100,142.35,450,150,1648350
NIFTY03NOV2217800CE.NFO,27/10/2022,09:35:26,142.2,142.15,250,142.45,400,450,1648350
NIFTY03NOV2217800CE.NFO,27/10/2022,09:35:28,142.4,142.1,250,142.35,50,700,1650750
NIFTY03NOV2217800CE.NFO,27/10/2022,09:35:30,142.35,142.4,50,142.6,500,200,1650750
NIFTY03NOV2217800CE.NFO,27/10/2022,09:35:31,142.35,142.1,50,142.35,400,150,1650750
NIFTY03NOV2217800CE.NFO,27/10/2022,09:35:33,142.15,142.15,100,142.4,50,3450,1650750
NIFTY03NOV2217800CE.NFO,27/10/2022,09:35:35,142.05,142.05,500,142.25,100,700,1650750
NIFTY03NOV2217800CE.NFO,27/10/2022,09:35:36,142.75,142.7,300,142.95,200,2050,1650750
NIFTY03NOV2217800CE.NFO,27/10/2022,09:35:38,143.3,143.15,150,143.45,1450,700,1650750
NIFTY03NOV2217800CE.NFO,27/10/2022,09:35:40,144.2,143.95,250,144.2,200,4900,1650750
NIFTY03NOV2217800CE.NFO,27/10/2022,09:35:41,142.75,142.6,250,142.85,450,6900,1650750
NIFTY03NOV2217800CE.NFO,27/10/2022,09:35:43,142.3,142.4,50,142.55,400,1450,1650750
NIFTY03NOV2217800CE.NFO,27/10/2022,09:35:45,142.75,142.4,300,142.65,50,400,1650750
NIFTY03NOV2217800CE.NFO,27/10/2022,09:35:46,142.35,142.35,250,142.65,50,1450,1650750
NIFTY03NOV2217800CE.NFO,27/10/2022,09:35:48,142.55,142.3,300,142.45,50,750,1650750
NIFTY03NOV2217800CE.NFO,27/10/2022,09:35:50,142.2,142,6100,142.1,50,3150,1650750
NIFTY03NOV2217800CE.NFO,27/10/2022,09:35:51,141.75,141.5,100,141.8,50,7000,1650750
NIFTY03NOV2217800CE.NFO,27/10/2022,09:35:53,141.45,141.4,950,141.75,850,550,1650750
NIFTY03NOV2217800CE.NFO,27/10/2022,09:35:55,141.6,141.3,50,141.65,1250,2150,1650750
NIFTY03NOV2217800CE.NFO,27/10/2022,09:35:57,141.85,141.55,200,141.85,300,1250,1650750
NIFTY03NOV2217800CE.NFO,27/10/2022,09:35:58,141.7,141.65,200,141.9,100,150,1650750
NIFTY03NOV2217800CE.NFO,27/10/2022,09:36:00,142.15,142.1,50,142.2,1500,750,1650750
NIFTY03NOV2217800CE.NFO,27/10/2022,09:36:02,142.2,142.2,50,142.4,250,150,1650750
NIFTY03NOV2217800CE.NFO,27/10/2022,09:36:03,142.7,142.6,100,142.8,50,300,1650750
NIFTY03NOV2217800CE.NFO,27/10/2022,09:36:05,142.6,142.35,750,142.65,150,50,1650750
NIFTY03NOV2217800CE.NFO,27/10/2022,09:36:07,142.7,142.8,50,142.95,50,100,1650750
NIFTY03NOV2217800CE.NFO,27/10/2022,09:36:08,142.75,142.45,350,142.75,250,150,1650750
NIFTY03NOV2217800CE.NFO,27/10/2022,09:36:10,142.85,142.95,50,143.1,50,250,1650750
NIFTY03NOV2217800CE.NFO,27/10/2022,09:36:12,143.2,143.05,400,143.4,1700,150,1650750
NIFTY03NOV2217800CE.NFO,27/10/2022,09:36:13,143.05,142.65,350,143,750,1300,1650750
NIFTY03NOV2217800CE.NFO,27/10/2022,09:36:15,142.2,142.2,600,142.5,250,4750,1650750
NIFTY03NOV2217800CE.NFO,27/10/2022,09:36:17,142.8,142.6,50,142.8,100,2000,1650750
NIFTY03NOV2217800CE.NFO,27/10/2022,09:36:18,143,142.85,50,143.15,250,3250,1650750
NIFTY03NOV2217800CE.NFO,27/10/2022,09:36:20,142.8,142.65,50,142.8,650,3800,1650750
NIFTY03NOV2217800CE.NFO,27/10/2022,09:36:22,142.45,142.25,50,142.45,400,500,1650750
NIFTY03NOV2217800CE.NFO,27/10/2022,09:36:23,142.55,142.4,50,142.45,50,300,1650750
NIFTY03NOV2217800CE.NFO,27/10/2022,09:36:25,142.45,142.2,50,142.5,500,450,1650750
NIFTY03NOV2217800CE.NFO,27/10/2022,09:36:27,142,142,550,142.35,100,600,1650750
NIFTY03NOV2217800CE.NFO,27/10/2022,09:36:28,142.5,142.2,150,142.5,2050,1900,1650750
NIFTY03NOV2217800CE.NFO,27/10/2022,09:36:30,142,141.95,150,142,2750,19950,1650750
NIFTY03NOV2217800CE.NFO,27/10/2022,09:36:32,142.1,142.25,50,142.55,450,12900,1650750
NIFTY03NOV2217800CE.NFO,27/10/2022,09:36:33,142,141.8,250,142,50,550,1650750
NIFTY03NOV2217800CE.NFO,27/10/2022,09:36:35,142.1,142.3,600,142.65,450,100,1650750
NIFTY03NOV2217800CE.NFO,27/10/2022,09:36:37,142,141.8,650,142.15,50,1650,1650750
NIFTY03NOV2217800CE.NFO,27/10/2022,09:36:38,142,141.8,50,142.15,150,100,1650750
NIFTY03NOV2217800CE.NFO,27/10/2022,09:36:40,142.05,142.1,50,142.15,50,2700,1650750
NIFTY03NOV2217800CE.NFO,27/10/2022,09:36:42,142,141.8,250,142.1,50,600,1650750
NIFTY03NOV2217800CE.NFO,27/10/2022,09:36:43,142,141.9,750,142.15,250,1800,1650750
NIFTY03NOV2217800CE.NFO,27/10/2022,09:36:45,142,141.8,250,142.1,400,100,1650750
NIFTY03NOV2217800CE.NFO,27/10/2022,09:36:47,141.6,141.5,300,141.8,400,950,1650750
NIFTY03NOV2217800CE.NFO,27/10/2022,09:36:48,142,141.65,150,141.95,350,350,1650750
NIFTY03NOV2217800CE.NFO,27/10/2022,09:36:50,142.1,142.05,50,142.2,100,400,1650750
NIFTY03NOV2217800CE.NFO,27/10/2022,09:36:52,142.1,142.25,400,142.5,250,700,1650750
NIFTY03NOV2217800CE.NFO,27/10/2022,09:36:53,142,141.9,550,142,600,2350,1650750
NIFTY03NOV2217800CE.NFO,27/10/2022,09:36:55,141.8,141.65,400,141.95,250,250,1650750
NIFTY03NOV2217800CE.NFO,27/10/2022,09:36:57,141.55,141.35,250,141.7,50,750,1650750
NIFTY03NOV2217800CE.NFO,27/10/2022,09:36:58,141.85,141.6,50,141.85,250,1050,1650750
NIFTY03NOV2217800CE.NFO,27/10/2022,09:37:00,142,141.8,50,142,550,250,1650750
NIFTY03NOV2217800CE.NFO,27/10/2022,09:37:02,142,141.75,50,142,1400,8350,1650750
NIFTY03NOV2217800CE.NFO,27/10/2022,09:37:03,141.85,141.65,50,141.85,50,100,1650750
NIFTY03NOV2217800CE.NFO,27/10/2022,09:37:05,142,141.8,100,142,1800,8100,1650750
NIFTY03NOV2217800CE.NFO,27/10/2022,09:37:07,141.9,141.7,50,141.95,50,700,1650750
NIFTY03NOV2217800CE.NFO,27/10/2022,09:37:08,141.85,141.6,150,141.85,100,1050,1650750
NIFTY03NOV2217800CE.NFO,27/10/2022,09:37:10,141.8,141.45,50,141.75,550,1050,1650750
NIFTY03NOV2217800CE.NFO,27/10/2022,09:37:12,141.8,141.7,500,142,1350,100,1650750
NIFTY03NOV2217800CE.NFO,27/10/2022,09:37:13,141.95,141.65,250,141.95,150,950,1650750
NIFTY03NOV2217800CE.NFO,27/10/2022,09:37:15,142,141.85,600,142,1250,2850,1650750
NIFTY03NOV2217800CE.NFO,27/10/2022,09:37:17,142.5,142.25,200,142.5,300,9050,1650750
NIFTY03NOV2217800CE.NFO,27/10/2022,09:37:18,142,142.35,50,142.5,350,1000,1650750
NIFTY03NOV2217800CE.NFO,27/10/2022,09:37:20,142.2,142.15,250,142.4,50,800,1650750
NIFTY03NOV2217800CE.NFO,27/10/2022,09:37:22,142.5,142.2,750,142.45,450,50,1650750
NIFTY03NOV2217800CE.NFO,27/10/2022,09:37:23,142.45,142.15,650,142.45,850,650,1650750
NIFTY03NOV2217800CE.NFO,27/10/2022,09:37:25,142.5,142.05,500,142.4,400,400,1650750
NIFTY03NOV2217800CE.NFO,27/10/2022,09:37:27,142,141.85,50,142,450,1350,1650750
NIFTY03NOV2217800CE.NFO,27/10/2022,09:37:28,142.05,141.85,50,142.05,550,400,1650750
NIFTY03NOV2217800CE.NFO,27/10/2022,09:37:30,141.85,141.8,50,142,350,400,1650750
NIFTY03NOV2217800CE.NFO,27/10/2022,09:37:32,142.25,142,100,142.35,800,300,1650750
NIFTY03NOV2217800CE.NFO,27/10/2022,09:37:33,142.45,142.3,250,142.65,250,600,1650750
NIFTY03NOV2217800CE.NFO,27/10/2022,09:37:35,142.45,142.35,250,142.6,250,0,1650750
NIFTY03NOV2217800CE.NFO,27/10/2022,09:37:37,142.2,142.35,150,142.65,600,1000,1650750
NIFTY03NOV2217800CE.NFO,27/10/2022,09:37:38,142.65,142.3,100,142.6,1200,50,1650750
NIFTY03NOV2217800CE.NFO,27/10/2022,09:37:40,142.5,142.25,200,142.5,150,450,1650750
NIFTY03NOV2217800CE.NFO,27/10/2022,09:37:42,142.25,142.2,450,142.55,50,400,1650750
NIFTY03NOV2217800CE.NFO,27/10/2022,09:37:43,142.05,142,700,142.35,150,1500,1650750
NIFTY03NOV2217800CE.NFO,27/10/2022,09:37:45,142.2,142,200,142.25,300,150,1650750
NIFTY03NOV2217800CE.NFO,27/10/2022,09:37:46,142.2,142,2200,142.25,200,650,1650750
NIFTY03NOV2217800CE.NFO,27/10/2022,09:37:48,141.8,141.75,50,141.85,100,2550,1650750
NIFTY03NOV2217800CE.NFO,27/10/2022,09:37:50,141.9,141.7,300,141.9,50,350,1650750
NIFTY03NOV2217800CE.NFO,27/10/2022,09:37:51,142.3,141.95,100,142.3,650,450,1650750
NIFTY03NOV2217800CE.NFO,27/10/2022,09:37:53,141.95,141.7,50,142,3150,450,1650750
NIFTY03NOV2217800CE.NFO,27/10/2022,09:37:55,142,141.95,100,142,2050,6400,1650750
NIFTY03NOV2217800CE.NFO,27/10/2022,09:37:56,142.2,142.25,50,142.4,150,7900,1650750
NIFTY03NOV2217800CE.NFO,27/10/2022,09:37:58,142.1,142.05,700,142.4,150,100,1650750
NIFTY03NOV2217800CE.NFO,27/10/2022,09:38:00,142.2,142.1,850,142.35,1200,3050,1650750
NIFTY03NOV2217800CE.NFO,27/10/2022,09:38:01,142.95,142.75,1250,143,3200,2800,1650750
NIFTY03NOV2217800CE.NFO,27/10/2022,09:38:03,142.75,142.5,150,142.8,1050,1700,1650750
NIFTY03NOV2217800CE.NFO,27/10/2022,09:38:05,143.25,143.1,700,143.45,150,4550,1650750
NIFTY03NOV2217800CE.NFO,27/10/2022,09:38:06,143.35,143.2,450,143.4,300,100,1650750
NIFTY03NOV2217800CE.NFO,27/10/2022,09:38:08,143.55,143.3,250,143.6,800,450,1650750
NIFTY03NOV2217800CE.NFO,27/10/2022,09:38:10,143.55,143.45,50,143.55,450,1650,1650750
NIFTY03NOV2217800CE.NFO,27/10/2022,09:38:12,143.65,143.45,550,143.75,50,3500,1650750
NIFTY03NOV2217800CE.NFO,27/10/2022,09:38:13,143.7,143.65,50,143.95,50,2650,1650750
NIFTY03NOV2217800CE.NFO,27/10/2022,09:38:15,143.65,143.3,450,143.6,50,1200,1650750
NIFTY03NOV2217800CE.NFO,27/10/2022,09:38:17,143.7,143.45,200,143.85,50,3000,1650750
NIFTY03NOV2217800CE.NFO,27/10/2022,09:38:18,143.7,143.4,800,143.65,100,0,1650750
NIFTY03NOV2217800CE.NFO,27/10/2022,09:38:20,143.7,143.4,850,143.7,400,1400,1650750
NIFTY03NOV2217800CE.NFO,27/10/2022,09:38:22,143.9,143.5,150,143.85,500,600,1650750
NIFTY03NOV2217800CE.NFO,27/10/2022,09:38:23,144,143.6,150,143.9,200,2050,1650750
NIFTY03NOV2217800CE.NFO,27/10/2022,09:38:25,142.25,142.05,200,142.2,50,9850,1650750
NIFTY03NOV2217800CE.NFO,27/10/2022,09:38:27,142.15,142.15,400,142.45,50,2750,1650750
NIFTY03NOV2217800CE.NFO,27/10/2022,09:38:28,142.9,142.95,400,143.2,50,2150,1704550
NIFTY03NOV2217800CE.NFO,27/10/2022,09:38:30,143.1,142.75,450,143.1,50,200,1704550
NIFTY03NOV2217800CE.NFO,27/10/2022,09:38:32,142.85,142.75,500,142.9,150,1900,1704550
NIFTY03NOV2217800CE.NFO,27/10/2022,09:38:33,142.75,142.45,200,142.75,200,700,1704550
NIFTY03NOV2217800CE.NFO,27/10/2022,09:38:35,142.8,142.35,200,142.7,50,2050,1704550
NIFTY03NOV2217800CE.NFO,27/10/2022,09:38:37,142.4,142.2,50,142.45,200,1000,1704550
NIFTY03NOV2217800CE.NFO,27/10/2022,09:38:38,142.65,142.2,200,142.6,1150,600,1704550
NIFTY03NOV2217800CE.NFO,27/10/2022,09:38:40,142.5,142.5,100,142.8,100,750,1704550
NIFTY03NOV2217800CE.NFO,27/10/2022,09:38:42,142.65,142.6,50,142.9,100,950,1704550
NIFTY03NOV2217800CE.NFO,27/10/2022,09:38:43,142.95,142.6,150,142.85,50,350,1704550
NIFTY03NOV2217800CE.NFO,27/10/2022,09:38:45,142.85,142.65,100,142.9,50,200,1704550
NIFTY03NOV2217800CE.NFO,27/10/2022,09:38:47,143.2,143.15,50,143.35,50,1200,1704550
NIFTY03NOV2217800CE.NFO,27/10/2022,09:38:48,143.6,143.25,450,143.5,200,650,1704550
NIFTY03NOV2217800CE.NFO,27/10/2022,09:38:50,143.55,143.5,950,143.75,200,3650,1704550
NIFTY03NOV2217800CE.NFO,27/10/2022,09:38:52,143.6,143.35,250,143.6,50,800,1704550
NIFTY03NOV2217800CE.NFO,27/10/2022,09:38:53,143.8,143.65,350,143.8,1850,1100,1704550
NIFTY03NOV2217800CE.NFO,27/10/2022,09:38:55,143.85,143.9,850,144,300,2650,1704550
NIFTY03NOV2217800CE.NFO,27/10/2022,09:38:56,144.35,144,250,144.3,900,1550,1704550
NIFTY03NOV2217800CE.NFO,27/10/2022,09:38:58,143.85,143.85,250,144.25,600,1400,1704550
NIFTY03NOV2217800CE.NFO,27/10/2022,09:39:00,144,143.8,1050,144.1,150,450,1704550
NIFTY03NOV2217800CE.NFO,27/10/2022,09:39:01,144.25,143.95,100,144.2,50,700,1704550
NIFTY03NOV2217800CE.NFO,27/10/2022,09:39:03,143.9,143.9,100,144.2,100,450,1704550
NIFTY03NOV2217800CE.NFO,27/10/2022,09:39:05,143.9,143.8,900,144.05,50,400,1704550
NIFTY03NOV2217800CE.NFO,27/10/2022,09:39:06,144.15,144.1,50,144.4,200,3950,1704550
NIFTY03NOV2217800CE.NFO,27/10/2022,09:39:08,144.3,143.95,550,144.3,50,3050,1704550
NIFTY03NOV2217800CE.NFO,27/10/2022,09:39:10,144.5,144.15,250,144.5,250,2200,1704550
NIFTY03NOV2217800CE.NFO,27/10/2022,09:39:11,144.3,144.25,250,144.55,400,4300,1704550
NIFTY03NOV2217800CE.NFO,27/10/2022,09:39:13,144.2,143.95,150,144.25,300,2750,1704550
NIFTY03NOV2217800CE.NFO,27/10/2022,09:39:15,144.15,144.25,100,144.5,50,800,1704550
NIFTY03NOV2217800CE.NFO,27/10/2022,09:39:16,144.4,144.15,550,144.45,50,2200,1704550
NIFTY03NOV2217800CE.NFO,27/10/2022,09:39:18,143.7,143.45,50,143.75,200,1200,1704550
NIFTY03NOV2217800CE.NFO,27/10/2022,09:39:20,143.65,143.35,50,143.65,50,550,1704550
NIFTY03NOV2217800CE.NFO,27/10/2022,09:39:21,143.35,142.9,200,143.25,100,1150,1704550
NIFTY03NOV2217800CE.NFO,27/10/2022,09:39:23,142.75,142.9,650,143.2,100,450,1704550
NIFTY03NOV2217800CE.NFO,27/10/2022,09:39:24,143.2,143.15,400,143.55,600,750,1704550
NIFTY03NOV2217800CE.NFO,27/10/2022,09:39:26,143.05,143.2,50,143.3,50,650,1704550
NIFTY03NOV2217800CE.NFO,27/10/2022,09:39:28,143.65,143.6,100,143.95,400,750,1704550
NIFTY03NOV2217800CE.NFO,27/10/2022,09:39:29,143.4,143.35,200,143.65,450,400,1704550
NIFTY03NOV2217800CE.NFO,27/10/2022,09:39:31,143.9,143.65,250,143.95,100,650,1704550
NIFTY03NOV2217800CE.NFO,27/10/2022,09:39:33,143.1,143.1,150,143.35,50,950,1704550
NIFTY03NOV2217800CE.NFO,27/10/2022,09:39:34,143.2,143.15,400,143.4,200,250,1704550
NIFTY03NOV2217800CE.NFO,27/10/2022,09:39:36,143.2,143.25,900,143.5,250,350,1704550
NIFTY03NOV2217800CE.NFO,27/10/2022,09:39:38,143.4,143.15,400,143.5,150,1550,1704550
NIFTY03NOV2217800CE.NFO,27/10/2022,09:39:39,143.35,143.3,50,143.6,500,1350,1704550
NIFTY03NOV2217800CE.NFO,27/10/2022,09:39:41,143.8,143.5,50,143.85,400,1350,1704550
NIFTY03NOV2217800CE.NFO,27/10/2022,09:39:43,143.75,143.75,200,144.1,300,3050,1704550
NIFTY03NOV2217800CE.NFO,27/10/2022,09:39:44,144.5,144.2,200,144.5,250,700,1704550
NIFTY03NOV2217800CE.NFO,27/10/2022,09:39:46,144.3,144.3,50,144.55,50,1700,1704550
NIFTY03NOV2217800CE.NFO,27/10/2022,09:39:48,144.55,144.65,150,144.85,100,3750,1704550
NIFTY03NOV2217800CE.NFO,27/10/2022,09:39:49,144.65,144.6,100,144.9,150,350,1704550
NIFTY03NOV2217800CE.NFO,27/10/2022,09:39:51,145,144.85,50,144.95,100,400,1704550
NIFTY03NOV2217800CE.NFO,27/10/2022,09:39:53,144.75,144.4,450,144.75,150,650,1704550
NIFTY03NOV2217800CE.NFO,27/10/2022,09:39:54,144.85,144.55,50,144.8,50,800,1704550
NIFTY03NOV2217800CE.NFO,27/10/2022,09:39:56,144.75,144.5,200,144.8,50,350,1704550
NIFTY03NOV2217800CE.NFO,27/10/2022,09:39:58,144.7,144.5,2000,144.6,50,400,1704550
NIFTY03NOV2217800CE.NFO,27/10/2022,09:39:59,144.5,144.55,100,144.85,100,1150,1704550
NIFTY03NOV2217800CE.NFO,27/10/2022,09:40:01,144.85,144.55,600,144.9,200,300,1704550
NIFTY03NOV2217800CE.NFO,27/10/2022,09:40:03,144.5,144.55,100,144.9,150,250,1704550
NIFTY03NOV2217800CE.NFO,27/10/2022,09:40:04,144.35,144.15,50,144.45,100,6000,1704550
NIFTY03NOV2217800CE.NFO,27/10/2022,09:40:06,143.35,143.15,50,143.5,1000,4700,1704550
NIFTY03NOV2217800CE.NFO,27/10/2022,09:40:08,143.45,143.35,50,143.65,550,450,1704550
NIFTY03NOV2217800CE.NFO,27/10/2022,09:40:09,143.85,143.6,150,143.85,100,150,1704550
NIFTY03NOV2217800CE.NFO,27/10/2022,09:40:11,143.75,143.75,400,144,2700,2850,1704550
NIFTY03NOV2217800CE.NFO,27/10/2022,09:40:13,143.7,143.5,50,143.75,400,1100,1704550
NIFTY03NOV2217800CE.NFO,27/10/2022,09:40:14,143.45,143.45,50,143.75,650,450,1704550
NIFTY03NOV2217800CE.NFO,27/10/2022,09:40:16,143.6,143.35,200,143.6,250,250,1704550
NIFTY03NOV2217800CE.NFO,27/10/2022,09:40:18,143.7,143.5,50,143.85,750,450,1704550
NIFTY03NOV2217800CE.NFO,27/10/2022,09:40:20,143.35,143.2,250,143.5,50,1000,1704550
NIFTY03NOV2217800CE.NFO,27/10/2022,09:40:21,143.6,143.3,250,143.6,350,1050,1704550
NIFTY03NOV2217800CE.NFO,27/10/2022,09:40:23,143.45,143.45,150,143.8,450,50,1704550
NIFTY03NOV2217800CE.NFO,27/10/2022,09:40:25,144.1,143.85,50,144.2,700,20400,1704550
NIFTY03NOV2217800CE.NFO,27/10/2022,09:40:26,144.2,143.9,350,144.2,250,300,1704550
NIFTY03NOV2217800CE.NFO,27/10/2022,09:40:28,144.3,143.8,350,144.1,50,1400,1704550
NIFTY03NOV2217800CE.NFO,27/10/2022,09:40:30,144,143.55,750,143.95,50,1700,1704550
NIFTY03NOV2217800CE.NFO,27/10/2022,09:40:31,143.95,143.8,350,144.05,200,250,1704550
NIFTY03NOV2217800CE.NFO,27/10/2022,09:40:33,143.55,143.55,250,143.85,100,850,1704550
NIFTY03NOV2217800CE.NFO,27/10/2022,09:40:35,143.85,143.65,50,143.9,50,350,1704550
NIFTY03NOV2217800CE.NFO,27/10/2022,09:40:36,143.65,143.55,50,143.65,350,950,1704550
NIFTY03NOV2217800CE.NFO,27/10/2022,09:40:38,143.55,143.5,950,143.6,150,500,1704550
NIFTY03NOV2217800CE.NFO,27/10/2022,09:40:39,143.8,143.5,500,143.7,50,200,1704550
NIFTY03NOV2217800CE.NFO,27/10/2022,09:40:41,143.8,143.7,400,143.95,300,350,1704550
NIFTY03NOV2217800CE.NFO,27/10/2022,09:40:43,143.95,143.55,100,143.75,200,250,1704550
NIFTY03NOV2217800CE.NFO,27/10/2022,09:40:44,143.55,143.5,150,143.55,1950,850,1704550
NIFTY03NOV2217800CE.NFO,27/10/2022,09:40:46,143.85,143.75,150,144,1500,800,1704550
NIFTY03NOV2217800CE.NFO,27/10/2022,09:40:48,143.25,143.2,350,143.55,500,400,1704550
NIFTY03NOV2217800CE.NFO,27/10/2022,09:40:49,143.1,142.8,1600,143.1,200,13400,1704550
NIFTY03NOV2217800CE.NFO,27/10/2022,09:40:51,143.1,142.95,750,143.3,400,600,1704550
NIFTY03NOV2217800CE.NFO,27/10/2022,09:40:53,143,142.75,250,143,50,1050,1704550
NIFTY03NOV2217800CE.NFO,27/10/2022,09:40:54,143.25,142.8,150,143,50,1100,1704550
NIFTY03NOV2217800CE.NFO,27/10/2022,09:40:56,143.15,142.85,150,143.15,400,1350,1704550
NIFTY03NOV2217800CE.NFO,27/10/2022,09:40:58,143,142.65,750,142.95,50,1100,1704550
NIFTY03NOV2217800CE.NFO,27/10/2022,09:40:59,143.05,142.8,1800,143.15,50,200,1704550
NIFTY03NOV2217800CE.NFO,27/10/2022,09:41:01,143.1,143.05,50,143.35,400,350,1704550
NIFTY03NOV2217800CE.NFO,27/10/2022,09:41:03,143.05,143.15,50,143.4,350,150,1704550
NIFTY03NOV2217800CE.NFO,27/10/2022,09:41:04,143.15,143.15,50,143.35,50,950,1704550
NIFTY03NOV2217800CE.NFO,27/10/2022,09:41:06,143.95,143.6,50,143.95,350,1400,1704550
NIFTY03NOV2217800CE.NFO,27/10/2022,09:41:08,143.5,143.6,50,143.95,350,350,1704550
NIFTY03NOV2217800CE.NFO,27/10/2022,09:41:09,144.75,144.35,50,144.7,350,4200,1704550
NIFTY03NOV2217800CE.NFO,27/10/2022,09:41:11,144.5,144.15,250,144.5,350,1400,1704550
NIFTY03NOV2217800CE.NFO,27/10/2022,09:41:13,143.9,143.85,100,144.1,50,2100,1704550
NIFTY03NOV2217800CE.NFO,27/10/2022,09:41:14,143.9,143.7,300,143.95,50,1000,1704550
NIFTY03NOV2217800CE.NFO,27/10/2022,09:41:16,143.85,143.5,150,143.85,50,700,1704550
NIFTY03NOV2217800CE.NFO,27/10/2022,09:41:18,143.7,143.45,50,143.6,50,500,1704550
NIFTY03NOV2217800CE.NFO,27/10/2022,09:41:19,143.95,143.95,200,144.2,200,1200,1704550
NIFTY03NOV2217800CE.NFO,27/10/2022,09:41:21,144.2,144.1,300,144.4,50,550,1704550
NIFTY03NOV2217800CE.NFO,27/10/2022,09:41:23,144,144,1150,144.35,150,400,1704550
NIFTY03NOV2217800CE.NFO,27/10/2022,09:41:24,144,143.6,300,143.9,100,50,1704550
NIFTY03NOV2217800CE.NFO,27/10/2022,09:41:26,143.45,143.45,300,143.8,550,300,1704550
NIFTY03NOV2217800CE.NFO,27/10/2022,09:41:28,143.7,143.6,50,143.95,50,450,1704550
NIFTY03NOV2217800CE.NFO,27/10/2022,09:41:29,143.8,143.8,100,144.05,50,1300,1732300
NIFTY03NOV2217800CE.NFO,27/10/2022,09:41:31,144.2,144.05,450,144.4,1100,1050,1732300
NIFTY03NOV2217800CE.NFO,27/10/2022,09:41:33,144.25,144,50,144.25,650,2150,1732300
NIFTY03NOV2217800CE.NFO,27/10/2022,09:41:34,144.05,143.9,50,144.2,150,1450,1732300
NIFTY03NOV2217800CE.NFO,27/10/2022,09:41:36,144.15,144.15,100,144.2,50,600,1732300
NIFTY03NOV2217800CE.NFO,27/10/2022,09:41:38,144.75,144.55,300,144.75,50,4500,1732300
NIFTY03NOV2217800CE.NFO,27/10/2022,09:41:39,144.8,144.45,700,144.75,50,1100,1732300
NIFTY03NOV2217800CE.NFO,27/10/2022,09:41:41,144.7,144.6,50,144.85,50,3000,1732300
NIFTY03NOV2217800CE.NFO,27/10/2022,09:41:43,144.85,144.55,250,144.9,750,100,1732300
NIFTY03NOV2217800CE.NFO,27/10/2022,09:41:44,144.95,144.55,250,144.85,300,400,1732300
NIFTY03NOV2217800CE.NFO,27/10/2022,09:41:46,144.9,144.6,200,144.9,350,2400,1732300
NIFTY03NOV2217800CE.NFO,27/10/2022,09:41:48,145,144.85,50,145,4000,400,1732300
NIFTY03NOV2217800CE.NFO,27/10/2022,09:41:49,145,144.75,500,145,3250,1250,1732300
NIFTY03NOV2217800CE.NFO,27/10/2022,09:41:51,144.75,144.7,350,144.95,250,2200,1732300
NIFTY03NOV2217800CE.NFO,27/10/2022,09:41:53,144.85,144.6,250,144.75,50,450,1732300
NIFTY03NOV2217800CE.NFO,27/10/2022,09:41:54,144.85,144.7,350,145.05,50,4350,1732300
NIFTY03NOV2217800CE.NFO,27/10/2022,09:41:56,144.8,144.5,350,144.75,550,1600,1732300
NIFTY03NOV2217800CE.NFO,27/10/2022,09:41:58,144.85,144.55,350,144.9,2050,1300,1732300
NIFTY03NOV2217800CE.NFO,27/10/2022,09:41:59,145.2,144.85,350,145.2,1650,1000,1732300
NIFTY03NOV2217800CE.NFO,27/10/2022,09:42:01,144.95,144.6,300,144.9,300,700,1732300
NIFTY03NOV2217800CE.NFO,27/10/2022,09:42:03,145.2,144.8,450,145.25,200,1950,1732300
NIFTY03NOV2217800CE.NFO,27/10/2022,09:42:04,144.85,144.85,300,145.1,50,400,1732300
NIFTY03NOV2217800CE.NFO,27/10/2022,09:42:06,144.95,144.65,200,145.05,150,1000,1732300
NIFTY03NOV2217800CE.NFO,27/10/2022,09:42:08,144.75,144.35,100,144.75,1000,650,1732300
NIFTY03NOV2217800CE.NFO,27/10/2022,09:42:09,144.7,144.4,50,144.7,500,650,1732300
NIFTY03NOV2217800CE.NFO,27/10/2022,09:42:11,144.85,144.85,50,145.1,500,1150,1732300
NIFTY03NOV2217800CE.NFO,27/10/2022,09:42:13,144.7,144.6,50,144.85,50,100,1732300
NIFTY03NOV2217800CE.NFO,27/10/2022,09:42:14,144.85,144.65,100,145,1450,50,1732300
NIFTY03NOV2217800CE.NFO,27/10/2022,09:42:16,144.65,144.6,50,144.8,50,750,1732300
NIFTY03NOV2217800CE.NFO,27/10/2022,09:42:18,144.85,144.75,200,144.95,1050,1000,1732300
NIFTY03NOV2217800CE.NFO,27/10/2022,09:42:19,144.95,144.7,50,145,700,300,1732300
NIFTY03NOV2217800CE.NFO,27/10/2022,09:42:21,144.85,144.6,50,144.9,1000,900,1732300
NIFTY03NOV2217800CE.NFO,27/10/2022,09:42:23,144.6,144.3,250,144.55,550,2200,1732300
NIFTY03NOV2217800CE.NFO,27/10/2022,09:42:24,144.55,144.25,250,144.6,2650,850,1732300
NIFTY03NOV2217800CE.NFO,27/10/2022,09:42:26,144.6,144.2,300,144.45,800,100,1732300
NIFTY03NOV2217800CE.NFO,27/10/2022,09:42:28,144.5,144.25,200,144.55,150,500,1732300
NIFTY03NOV2217800CE.NFO,27/10/2022,09:42:29,144.25,144.25,50,144.55,700,300,1732300
NIFTY03NOV2217800CE.NFO,27/10/2022,09:42:31,143.8,143.75,250,143.95,100,6300,1732300
NIFTY03NOV2217800CE.NFO,27/10/2022,09:42:33,143.8,143.75,250,144,1450,350,1732300
NIFTY03NOV2217800CE.NFO,27/10/2022,09:42:35,143.95,143.55,50,143.95,450,900,1732300
NIFTY03NOV2217800CE.NFO,27/10/2022,09:42:36,143.6,143.25,650,143.65,250,400,1732300
NIFTY03NOV2217800CE.NFO,27/10/2022,09:42:38,143.35,143.35,200,143.75,50,200,1732300
NIFTY03NOV2217800CE.NFO,27/10/2022,09:42:40,143.75,143.35,300,143.75,200,650,1732300
NIFTY03NOV2217800CE.NFO,27/10/2022,09:42:41,143.1,143.05,50,143.3,550,700,1732300
NIFTY03NOV2217800CE.NFO,27/10/2022,09:42:43,143.45,143.1,50,143.45,300,750,1732300
NIFTY03NOV2217800CE.NFO,27/10/2022,09:42:45,143.05,143.1,450,143.2,50,150,1732300
NIFTY03NOV2217800CE.NFO,27/10/2022,09:42:46,143.45,143.45,850,143.7,250,2200,1732300
NIFTY03NOV2217800CE.NFO,27/10/2022,09:42:48,144.1,143.85,250,144.05,50,2400,1732300
NIFTY03NOV2217800CE.NFO,27/10/2022,09:42:50,143.75,143.75,650,143.95,50,550,1732300
NIFTY03NOV2217800CE.NFO,27/10/2022,09:42:51,143.85,143.85,200,144.15,50,850,1732300
NIFTY03NOV2217800CE.NFO,27/10/2022,09:42:53,143.8,143.35,250,143.65,50,300,1732300
NIFTY03NOV2217800CE.NFO,27/10/2022,09:42:55,143.5,143.2,50,143.5,200,250,1732300
NIFTY03NOV2217800CE.NFO,27/10/2022,09:42:56,143.6,143.25,150,143.55,150,50,1732300
NIFTY03NOV2217800CE.NFO,27/10/2022,09:42:58,143.55,143.35,200,143.75,50,650,1732300
NIFTY03NOV2217800CE.NFO,27/10/2022,09:43:00,143.9,143.75,50,143.9,350,1200,1732300
NIFTY03NOV2217800CE.NFO,27/10/2022,09:43:01,143.7,143.55,150,143.85,100,150,1732300
NIFTY03NOV2217800CE.NFO,27/10/2022,09:43:03,143.9,143.55,150,143.85,100,150,1732300
NIFTY03NOV2217800CE.NFO,27/10/2022,09:43:05,143.65,143.8,450,143.9,300,500,1732300
NIFTY03NOV2217800CE.NFO,27/10/2022,09:43:06,144.05,144.1,350,144.5,250,1250,1732300
NIFTY03NOV2217800CE.NFO,27/10/2022,09:43:08,144,143.7,1500,144,50,700,1732300
NIFTY03NOV2217800CE.NFO,27/10/2022,09:43:10,144.05,143.75,1000,144.1,300,600,1732300
NIFTY03NOV2217800CE.NFO,27/10/2022,09:43:11,143.6,143.65,50,143.9,250,200,1732300
NIFTY03NOV2217800CE.NFO,27/10/2022,09:43:13,143.85,143.7,850,144.05,150,550,1732300
NIFTY03NOV2217800CE.NFO,27/10/2022,09:43:15,143.55,143.5,100,143.8,300,450,1732300
NIFTY03NOV2217800CE.NFO,27/10/2022,09:43:16,143.8,143.4,350,143.65,200,400,1732300
NIFTY03NOV2217800CE.NFO,27/10/2022,09:43:18,143.5,143.05,600,143.5,250,9000,1732300
NIFTY03NOV2217800CE.NFO,27/10/2022,09:43:20,143.6,143.5,50,143.6,250,200,1732300
NIFTY03NOV2217800CE.NFO,27/10/2022,09:43:21,143.65,143.35,50,143.65,250,300,1732300
NIFTY03NOV2217800CE.NFO,27/10/2022,09:43:23,143.5,143.25,250,143.6,400,150,1732300
NIFTY03NOV2217800CE.NFO,27/10/2022,09:43:25,143.4,143.8,150,144,150,50,1732300
NIFTY03NOV2217800CE.NFO,27/10/2022,09:43:26,143.5,143.6,50,143.85,100,600,1732300
NIFTY03NOV2217800CE.NFO,27/10/2022,09:43:28,143.95,143.8,50,143.95,100,450,1732300
NIFTY03NOV2217800CE.NFO,27/10/2022,09:43:30,144.1,143.65,350,143.95,400,900,1732300
NIFTY03NOV2217800CE.NFO,27/10/2022,09:43:31,143.75,143.25,350,143.55,100,50,1732300
NIFTY03NOV2217800CE.NFO,27/10/2022,09:43:33,143.75,143.35,400,143.7,450,650,1732300
NIFTY03NOV2217800CE.NFO,27/10/2022,09:43:34,143.75,143.35,350,143.7,250,100,1732300
NIFTY03NOV2217800CE.NFO,27/10/2022,09:43:36,143.7,143.45,300,143.7,800,350,1732300
NIFTY03NOV2217800CE.NFO,27/10/2022,09:43:38,143.35,143.45,50,143.8,750,550,1732300
NIFTY03NOV2217800CE.NFO,27/10/2022,09:43:39,143.7,143.25,350,143.55,50,450,1732300
NIFTY03NOV2217800CE.NFO,27/10/2022,09:43:41,143.6,143.3,50,143.6,350,250,1732300
NIFTY03NOV2217800CE.NFO,27/10/2022,09:43:43,143.5,143.45,250,143.7,2650,250,1732300
NIFTY03NOV2217800CE.NFO,27/10/2022,09:43:44,143.2,143.05,250,143.35,50,700,1732300
NIFTY03NOV2217800CE.NFO,27/10/2022,09:43:46,143,142.85,750,143,1850,6700,1732300
NIFTY03NOV2217800CE.NFO,27/10/2022,09:43:48,142.95,142.8,500,143,1800,200,1732300
NIFTY03NOV2217800CE.NFO,27/10/2022,09:43:49,143,142.85,50,143,1400,400,1732300
NIFTY03NOV2217800CE.NFO,27/10/2022,09:43:51,142.85,142.75,350,143,1300,3000,1732300
NIFTY03NOV2217800CE.NFO,27/10/2022,09:43:53,142.85,142.55,350,142.8,50,450,1732300
NIFTY03NOV2217800CE.NFO,27/10/2022,09:43:54,142.8,142.55,400,142.85,350,1500,1732300
NIFTY03NOV2217800CE.NFO,27/10/2022,09:43:56,142.4,142.2,750,142.4,50,600,1732300
NIFTY03NOV2217800CE.NFO,27/10/2022,09:43:58,142.2,142.25,50,142.5,800,650,1732300
NIFTY03NOV2217800CE.NFO,27/10/2022,09:43:59,142.05,142.05,450,142.4,400,1500,1732300
NIFTY03NOV2217800CE.NFO,27/10/2022,09:44:01,142.25,142.35,250,142.6,350,150,1732300
NIFTY03NOV2217800CE.NFO,27/10/2022,09:44:03,142.5,142.15,650,142.45,300,700,1732300
NIFTY03NOV2217800CE.NFO,27/10/2022,09:44:04,142.3,142.1,400,142.4,700,300,1732300
NIFTY03NOV2217800CE.NFO,27/10/2022,09:44:06,142.6,142.7,150,142.85,100,300,1732300
NIFTY03NOV2217800CE.NFO,27/10/2022,09:44:08,142.2,142.05,50,142.15,450,5050,1732300
NIFTY03NOV2217800CE.NFO,27/10/2022,09:44:09,141.9,141.9,100,142.1,50,1950,1732300
NIFTY03NOV2217800CE.NFO,27/10/2022,09:44:11,142.2,142,100,142.2,100,400,1732300
NIFTY03NOV2217800CE.NFO,27/10/2022,09:44:13,142.5,142.15,50,142.45,50,1000,1732300
NIFTY03NOV2217800CE.NFO,27/10/2022,09:44:14,142.45,142.7,500,142.85,100,1300,1732300
NIFTY03NOV2217800CE.NFO,27/10/2022,09:44:16,142.95,142.95,50,143.1,300,6500,1732300
NIFTY03NOV2217800CE.NFO,27/10/2022,09:44:18,143.05,142.65,50,142.9,300,1250,1732300
NIFTY03NOV2217800CE.NFO,27/10/2022,09:44:19,142.6,142.7,50,143,200,850,1732300
NIFTY03NOV2217800CE.NFO,27/10/2022,09:44:21,142.65,142.45,50,142.65,250,700,1732300
NIFTY03NOV2217800CE.NFO,27/10/2022,09:44:23,142.65,142.55,50,142.65,250,0,1732300
NIFTY03NOV2217800CE.NFO,27/10/2022,09:44:24,142.25,142.3,100,142.6,400,550,1732300
NIFTY03NOV2217800CE.NFO,27/10/2022,09:44:26,142.65,142.6,50,142.65,50,550,1732300
NIFTY03NOV2217800CE.NFO,27/10/2022,09:44:28,142.5,142.35,350,142.6,50,450,1732300
NIFTY03NOV2217800CE.NFO,27/10/2022,09:44:29,143.05,142.8,200,143.05,50,600,1766800
NIFTY03NOV2217800CE.NFO,27/10/2022,09:44:31,142.95,142.85,200,142.95,100,1100,1766800
NIFTY03NOV2217800CE.NFO,27/10/2022,09:44:33,143,142.9,650,143.25,650,1300,1766800
NIFTY03NOV2217800CE.NFO,27/10/2022,09:44:34,143.05,142.8,250,143.1,350,850,1766800
NIFTY03NOV2217800CE.NFO,27/10/2022,09:44:36,143,142.75,600,143.1,500,300,1766800
NIFTY03NOV2217800CE.NFO,27/10/2022,09:44:38,143.05,142.75,200,143.05,50,400,1766800
NIFTY03NOV2217800CE.NFO,27/10/2022,09:44:39,142.65,142.5,50,142.65,50,150,1766800
NIFTY03NOV2217800CE.NFO,27/10/2022,09:44:41,142.6,142.5,50,142.7,50,1250,1766800
NIFTY03NOV2217800CE.NFO,27/10/2022,09:44:43,142.25,142.05,50,142.3,50,1150,1766800
NIFTY03NOV2217800CE.NFO,27/10/2022,09:44:44,142.6,142.35,400,142.65,50,1250,1766800
NIFTY03NOV2217800CE.NFO,27/10/2022,09:44:46,142.75,142.55,50,142.75,150,550,1766800
NIFTY03NOV2217800CE.NFO,27/10/2022,09:44:48,142.25,142.2,50,142.35,50,1050,1766800
NIFTY03NOV2217800CE.NFO,27/10/2022,09:44:49,142.3,142.15,50,142.4,50,1400,1766800
NIFTY03NOV2217800CE.NFO,27/10/2022,09:44:51,142.4,142.4,50,142.45,550,100,1766800
NIFTY03NOV2217800CE.NFO,27/10/2022,09:44:53,142.65,142.45,50,142.55,500,650,1766800
NIFTY03NOV2217800CE.NFO,27/10/2022,09:44:54,143,142.8,150,143,650,700,1766800
NIFTY03NOV2217800CE.NFO,27/10/2022,09:44:56,143.25,143.35,50,143.65,250,1950,1766800
NIFTY03NOV2217800CE.NFO,27/10/2022,09:44:58,143.6,143.3,50,143.6,150,900,1766800
NIFTY03NOV2217800CE.NFO,27/10/2022,09:44:59,143.55,143.3,100,143.65,150,150,1766800
NIFTY03NOV2217800CE.NFO,27/10/2022,09:45:01,143.85,143.65,250,143.95,150,1400,1766800
NIFTY03NOV2217800CE.NFO,27/10/2022,09:45:03,144,143.8,50,144,600,800,1766800
NIFTY03NOV2217800CE.NFO,27/10/2022,09:45:04,144.4,144.05,400,144.3,550,2000,1766800
NIFTY03NOV2217800CE.NFO,27/10/2022,09:45:06,144.6,144.5,500,144.85,100,4250,1766800
NIFTY03NOV2217800CE.NFO,27/10/2022,09:45:08,145,144.95,50,145,350,6300,1766800
NIFTY03NOV2217800CE.NFO,27/10/2022,09:45:09,144.95,144.6,250,144.9,1750,1350,1766800
NIFTY03NOV2217800CE.NFO,27/10/2022,09:45:11,145.1,145.05,50,145.25,150,1900,1766800
NIFTY03NOV2217800CE.NFO,27/10/2022,09:45:13,145.05,144.8,250,145.1,50,1100,1766800
NIFTY03NOV2217800CE.NFO,27/10/2022,09:45:14,145.05,144.8,200,145.15,50,950,1766800
NIFTY03NOV2217800CE.NFO,27/10/2022,09:45:16,145,144.8,250,145.15,50,1800,1766800
NIFTY03NOV2217800CE.NFO,27/10/2022,09:45:18,144.8,144.7,50,144.95,50,650,1766800
NIFTY03NOV2217800CE.NFO,27/10/2022,09:45:19,145,144.7,400,145,450,850,1766800
NIFTY03NOV2217800CE.NFO,27/10/2022,09:45:21,144.8,144.9,50,145.2,1150,500,1766800
NIFTY03NOV2217800CE.NFO,27/10/2022,09:45:23,145.3,145.05,150,145.3,50,800,1766800
NIFTY03NOV2217800CE.NFO,27/10/2022,09:45:24,145.25,145.2,150,145.5,1500,1300,1766800
NIFTY03NOV2217800CE.NFO,27/10/2022,09:45:26,145.05,145.05,100,145.25,50,450,1766800
NIFTY03NOV2217800CE.NFO,27/10/2022,09:45:28,145.15,145.2,50,145.45,250,300,1766800
NIFTY03NOV2217800CE.NFO,27/10/2022,09:45:29,145.25,145.05,100,145.25,250,600,1766800
NIFTY03NOV2217800CE.NFO,27/10/2022,09:45:31,144.65,144.7,100,144.9,300,900,1766800
NIFTY03NOV2217800CE.NFO,27/10/2022,09:45:33,144.4,144.35,250,144.7,350,700,1766800
NIFTY03NOV2217800CE.NFO,27/10/2022,09:45:34,144.95,144.55,100,144.8,50,1800,1766800
NIFTY03NOV2217800CE.NFO,27/10/2022,09:45:36,144.95,144.75,50,145,150,650,1766800
NIFTY03NOV2217800CE.NFO,27/10/2022,09:45:38,144.85,144.85,200,145.1,50,150,1766800
NIFTY03NOV2217800CE.NFO,27/10/2022,09:45:39,144.45,144.6,50,144.9,400,550,1766800
NIFTY03NOV2217800CE.NFO,27/10/2022,09:45:41,144.3,144.35,50,144.6,250,2900,1766800
NIFTY03NOV2217800CE.NFO,27/10/2022,09:45:43,144,144.05,150,144.3,150,4250,1766800
NIFTY03NOV2217800CE.NFO,27/10/2022,09:45:44,144,144,1150,144.2,100,550,1766800
NIFTY03NOV2217800CE.NFO,27/10/2022,09:45:46,144.35,144.1,50,144.35,650,550,1766800
NIFTY03NOV2217800CE.NFO,27/10/2022,09:45:48,144.3,144,950,144.2,250,1650,1766800
NIFTY03NOV2217800CE.NFO,27/10/2022,09:45:49,143.9,143.6,300,143.9,450,1250,1766800
NIFTY03NOV2217800CE.NFO,27/10/2022,09:45:51,143.5,143.25,250,143.5,950,3850,1766800
NIFTY03NOV2217800CE.NFO,27/10/2022,09:45:53,143.5,143.4,50,143.6,150,2600,1766800
NIFTY03NOV2217800CE.NFO,27/10/2022,09:45:54,143.3,142.95,150,143.3,850,250,1766800
NIFTY03NOV2217800CE.NFO,27/10/2022,09:45:56,142.85,142.9,50,143.2,200,300,1766800
NIFTY03NOV2217800CE.NFO,27/10/2022,09:45:58,142.6,142.7,800,143.1,1050,750,1766800
NIFTY03NOV2217800CE.NFO,27/10/2022,09:45:59,142.75,142.7,300,143,50,1000,1766800
NIFTY03NOV2217800CE.NFO,27/10/2022,09:46:01,142.7,142.4,250,142.7,850,1600,1766800
NIFTY03NOV2217800CE.NFO,27/10/2022,09:46:03,142.7,142.35,500,142.65,250,300,1766800
NIFTY03NOV2217800CE.NFO,27/10/2022,09:46:04,142.45,142.55,50,142.85,350,550,1766800
NIFTY03NOV2217800CE.NFO,27/10/2022,09:46:06,142.3,142.25,50,142.45,850,1200,1766800
NIFTY03NOV2217800CE.NFO,27/10/2022,09:46:08,142.2,142.2,250,142.45,50,900,1766800
NIFTY03NOV2217800CE.NFO,27/10/2022,09:46:09,142,142,3200,142.35,100,750,1766800
NIFTY03NOV2217800CE.NFO,27/10/2022,09:46:11,142.05,141.8,150,142.1,250,4950,1766800
NIFTY03NOV2217800CE.NFO,27/10/2022,09:46:13,142,142,200,142.2,200,600,1766800
NIFTY03NOV2217800CE.NFO,27/10/2022,09:46:14,142,141.65,100,142,350,400,1766800
NIFTY03NOV2217800CE.NFO,27/10/2022,09:46:16,141.6,141.5,150,141.8,350,550,1766800
NIFTY03NOV2217800CE.NFO,27/10/2022,09:46:18,141.55,141.35,100,141.45,400,2350,1766800
NIFTY03NOV2217800CE.NFO,27/10/2022,09:46:19,141.45,141.2,700,141.55,650,100,1766800
NIFTY03NOV2217800CE.NFO,27/10/2022,09:46:21,141.2,140.85,350,141.1,350,2000,1766800
NIFTY03NOV2217800CE.NFO,27/10/2022,09:46:23,140.3,140.4,50,140.7,750,950,1766800
NIFTY03NOV2217800CE.NFO,27/10/2022,09:46:24,139.75,139.6,50,139.9,350,13650,1766800
NIFTY03NOV2217800CE.NFO,27/10/2022,09:46:26,139.8,139.8,50,140.15,250,2150,1766800
NIFTY03NOV2217800CE.NFO,27/10/2022,09:46:28,139,139.15,400,139.5,350,3700,1766800
NIFTY03NOV2217800CE.NFO,27/10/2022,09:46:29,138.6,138.6,550,138.9,350,2200,1766800
NIFTY03NOV2217800CE.NFO,27/10/2022,09:46:31,138.9,138.7,350,139,50,2650,1766800
NIFTY03NOV2217800CE.NFO,27/10/2022,09:46:33,139.25,139.05,200,139.3,300,2250,1766800
NIFTY03NOV2217800CE.NFO,27/10/2022,09:46:34,137.65,137.4,250,137.65,450,4650,1766800
NIFTY03NOV2217800CE.NFO,27/10/2022,09:46:36,138.3,138.25,50,138.5,350,2550,1766800
NIFTY03NOV2217800CE.NFO,27/10/2022,09:46:38,137.7,137.65,300,138,1300,1150,1766800
NIFTY03NOV2217800CE.NFO,27/10/2022,09:46:39,138,137.75,250,138.15,500,1950,1766800
NIFTY03NOV2217800CE.NFO,27/10/2022,09:46:41,137.4,137.25,300,137.6,750,850,1766800
NIFTY03NOV2217800CE.NFO,27/10/2022,09:46:43,137.55,137.8,200,138.05,350,800,1766800
NIFTY03NOV2217800CE.NFO,27/10/2022,09:46:44,137.65,137.1,350,137.35,150,1700,1766800
NIFTY03NOV2217800CE.NFO,27/10/2022,09:46:46,137.6,137.5,400,137.85,300,1350,1766800
NIFTY03NOV2217800CE.NFO,27/10/2022,09:46:48,137.4,137.5,50,137.6,50,850,1766800
NIFTY03NOV2217800CE.NFO,27/10/2022,09:46:49,137.75,137.6,100,137.75,350,1800,1766800
NIFTY03NOV2217800CE.NFO,27/10/2022,09:46:51,137.85,137.6,50,137.9,350,1350,1766800
NIFTY03NOV2217800CE.NFO,27/10/2022,09:46:53,137.65,137.65,50,137.8,350,1650,1766800
NIFTY03NOV2217800CE.NFO,27/10/2022,09:46:55,137.5,137.25,300,137.55,150,1800,1766800
NIFTY03NOV2217800CE.NFO,27/10/2022,09:46:56,137.25,137.25,200,137.55,250,500,1766800
NIFTY03NOV2217800CE.NFO,27/10/2022,09:46:58,137.5,137.15,200,137.5,350,1550,1766800
NIFTY03NOV2217800CE.NFO,27/10/2022,09:47:00,137.25,137.2,50,137.5,400,400,1766800
NIFTY03NOV2217800CE.NFO,27/10/2022,09:47:01,137.1,137.3,50,137.55,800,14750,1766800
NIFTY03NOV2217800CE.NFO,27/10/2022,09:47:03,137.1,137.05,450,137.1,50,19350,1766800
NIFTY03NOV2217800CE.NFO,27/10/2022,09:47:05,137.35,137.2,500,137.4,100,2250,1766800
NIFTY03NOV2217800CE.NFO,27/10/2022,09:47:06,137.6,137.35,350,137.7,1150,750,1766800
NIFTY03NOV2217800CE.NFO,27/10/2022,09:47:08,137.45,137.25,100,137.45,300,650,1766800
NIFTY03NOV2217800CE.NFO,27/10/2022,09:47:10,137.6,137.55,100,137.8,50,1300,1766800
NIFTY03NOV2217800CE.NFO,27/10/2022,09:47:11,137.65,137.35,400,137.65,600,650,1766800
NIFTY03NOV2217800CE.NFO,27/10/2022,09:47:13,137.65,137.35,400,137.7,1700,500,1766800
NIFTY03NOV2217800CE.NFO,27/10/2022,09:47:15,137.55,137.35,300,137.55,50,450,1766800
NIFTY03NOV2217800CE.NFO,27/10/2022,09:47:16,137.55,137.55,250,137.85,50,500,1766800
NIFTY03NOV2217800CE.NFO,27/10/2022,09:47:18,137.9,137.55,400,137.95,1150,1150,1766800
NIFTY03NOV2217800CE.NFO,27/10/2022,09:47:20,138.1,137.85,450,138.2,350,1550,1766800
NIFTY03NOV2217800CE.NFO,27/10/2022,09:47:21,137.95,138.05,50,138.3,1100,700,1766800
NIFTY03NOV2217800CE.NFO,27/10/2022,09:47:23,138,137.85,50,138.05,2150,350,1766800
NIFTY03NOV2217800CE.NFO,27/10/2022,09:47:24,138.1,138,50,138.3,1600,800,1766800
NIFTY03NOV2217800CE.NFO,27/10/2022,09:47:26,138.4,138.1,50,138.4,650,1300,1766800
NIFTY03NOV2217800CE.NFO,27/10/2022,09:47:28,138.6,138.75,50,139,200,100,1766800
NIFTY03NOV2217800CE.NFO,27/10/2022,09:47:29,138.75,138.6,100,138.75,350,600,1766800
NIFTY03NOV2217800CE.NFO,27/10/2022,09:47:31,139,138.8,50,139,150,350,1782000
NIFTY03NOV2217800CE.NFO,27/10/2022,09:47:33,138.75,138.6,350,138.9,850,950,1782000
NIFTY03NOV2217800CE.NFO,27/10/2022,09:47:34,139,138.75,50,139.05,150,350,1782000
NIFTY03NOV2217800CE.NFO,27/10/2022,09:47:36,139.3,138.85,50,139.1,2000,500,1782000
NIFTY03NOV2217800CE.NFO,27/10/2022,09:47:38,139.4,139.2,600,139.45,350,550,1782000
NIFTY03NOV2217800CE.NFO,27/10/2022,09:47:39,139.4,139.1,350,139.4,100,450,1782000
NIFTY03NOV2217800CE.NFO,27/10/2022,09:47:41,139.85,139.35,50,139.8,2100,1100,1782000
NIFTY03NOV2217800CE.NFO,27/10/2022,09:47:43,139.4,139.2,200,139.5,900,200,1782000
NIFTY03NOV2217800CE.NFO,27/10/2022,09:47:44,139.7,139.4,750,139.75,200,100,1782000
NIFTY03NOV2217800CE.NFO,27/10/2022,09:47:46,140,139.7,500,140,6050,650,1782000
NIFTY03NOV2217800CE.NFO,27/10/2022,09:47:47,140,139.85,50,140,5700,400,1782000
