Ticker,Date,Time,LTP,BuyPrice,BuyQty,SellPrice,SellQty,LTQ,OpenInterest
NIFTY03NOV2217800PE.NFO,27/10/2022,09:15:00,215.7,133.7,2650,153.2,400,2550,411300
NIFTY03NOV2217800PE.NFO,27/10/2022,09:15:00,215.7,133.7,2650,153.2,400,0,411300
NIFTY03NOV2217800PE.NFO,27/10/2022,09:15:00,228.45,133.7,2650,153.2,400,0,411300
NIFTY03NOV2217800PE.NFO,27/10/2022,09:15:00,130.05,133.7,2650,153.2,400,0,411300
NIFTY03NOV2217800PE.NFO,27/10/2022,09:15:01,130,133.25,450,147.1,100,11700,411300
NIFTY03NOV2217800PE.NFO,27/10/2022,09:15:01,121.35,133.25,450,147.1,100,0,411300
NIFTY03NOV2217800PE.NFO,27/10/2022,09:15:03,138.8,134.2,50,138.7,800,21050,411300
NIFTY03NOV2217800PE.NFO,27/10/2022,09:15:03,95,134.2,50,138.7,800,0,411300
NIFTY03NOV2217800PE.NFO,27/10/2022,09:15:05,141.25,141.25,400,148.05,300,11400,411300
NIFTY03NOV2217800PE.NFO,27/10/2022,09:15:06,148.15,141.45,400,150.05,50,13700,411300
NIFTY03NOV2217800PE.NFO,27/10/2022,09:15:08,145.15,142.2,50,145.15,400,17450,411300
NIFTY03NOV2217800PE.NFO,27/10/2022,09:15:10,144.65,141.6,400,144.65,100,12550,411300
NIFTY03NOV2217800PE.NFO,27/10/2022,09:15:11,145.15,143.35,50,144.95,200,9300,411300
NIFTY03NOV2217800PE.NFO,27/10/2022,09:15:13,143.85,143.6,150,143.85,50,8900,411300
NIFTY03NOV2217800PE.NFO,27/10/2022,09:15:15,144.05,144.1,50,145.15,400,8200,411300
NIFTY03NOV2217800PE.NFO,27/10/2022,09:15:16,145,144.8,50,145.5,400,4500,411300
NIFTY03NOV2217800PE.NFO,27/10/2022,09:15:18,142.1,142.2,400,143.8,700,8450,411300
NIFTY03NOV2217800PE.NFO,27/10/2022,09:15:20,141.3,141.3,400,143.8,50,16050,411300
NIFTY03NOV2217800PE.NFO,27/10/2022,09:15:21,143.55,143.45,50,144.2,50,6200,411300
NIFTY03NOV2217800PE.NFO,27/10/2022,09:15:23,143.15,141.3,400,142.9,150,10800,411300
NIFTY03NOV2217800PE.NFO,27/10/2022,09:15:25,143.75,143.1,50,143.45,400,12500,411300
NIFTY03NOV2217800PE.NFO,27/10/2022,09:15:26,144.25,143.75,400,144.25,400,9350,411300
NIFTY03NOV2217800PE.NFO,27/10/2022,09:15:28,144.3,143.25,400,144.3,100,25200,411300
NIFTY03NOV2217800PE.NFO,27/10/2022,09:15:30,143.05,142.35,300,143.45,400,7900,411300
NIFTY03NOV2217800PE.NFO,27/10/2022,09:15:31,144.95,144.25,350,145,400,4100,411300
NIFTY03NOV2217800PE.NFO,27/10/2022,09:15:33,145.5,144.85,50,145.5,150,3700,411300
NIFTY03NOV2217800PE.NFO,27/10/2022,09:15:35,147,146.95,50,147.05,200,7500,411300
NIFTY03NOV2217800PE.NFO,27/10/2022,09:15:36,146.95,146.95,50,147.6,500,4400,411300
NIFTY03NOV2217800PE.NFO,27/10/2022,09:15:38,147.55,147.25,100,147.55,300,4600,411300
NIFTY03NOV2217800PE.NFO,27/10/2022,09:15:40,147.1,146.2,400,147,50,7400,411300
NIFTY03NOV2217800PE.NFO,27/10/2022,09:15:41,146.95,146.55,50,147.2,350,5600,411300
NIFTY03NOV2217800PE.NFO,27/10/2022,09:15:43,147.95,147.3,100,147.95,50,3650,411300
NIFTY03NOV2217800PE.NFO,27/10/2022,09:15:45,149.35,148.7,50,149.35,400,16150,411300
NIFTY03NOV2217800PE.NFO,27/10/2022,09:15:46,151.65,151.05,450,151.75,350,7100,411300
NIFTY03NOV2217800PE.NFO,27/10/2022,09:15:48,152.75,151.95,150,152.35,350,2500,411300
NIFTY03NOV2217800PE.NFO,27/10/2022,09:15:50,152.6,151.7,100,152.55,50,3350,411300
NIFTY03NOV2217800PE.NFO,27/10/2022,09:15:51,153.75,152.65,50,153.45,350,8600,411300
NIFTY03NOV2217800PE.NFO,27/10/2022,09:15:53,154.3,153.75,50,154.25,350,900,411300
NIFTY03NOV2217800PE.NFO,27/10/2022,09:15:55,154.65,153.95,50,154.65,300,11900,411300
NIFTY03NOV2217800PE.NFO,27/10/2022,09:15:56,154.7,154.7,50,155.5,400,6300,411300
NIFTY03NOV2217800PE.NFO,27/10/2022,09:15:58,156.6,156.35,50,156.65,400,7350,411300
NIFTY03NOV2217800PE.NFO,27/10/2022,09:16:00,157.25,156.6,200,157.25,400,9200,411300
NIFTY03NOV2217800PE.NFO,27/10/2022,09:16:01,155.05,154.95,350,155,50,6100,411300
NIFTY03NOV2217800PE.NFO,27/10/2022,09:16:03,154.95,154.75,550,155.3,100,6450,411300
NIFTY03NOV2217800PE.NFO,27/10/2022,09:16:05,153.65,153.65,100,154,150,3100,411300
NIFTY03NOV2217800PE.NFO,27/10/2022,09:16:06,152,151.9,50,152.05,200,7600,411300
NIFTY03NOV2217800PE.NFO,27/10/2022,09:16:08,151.05,151,250,151.15,50,4200,411300
NIFTY03NOV2217800PE.NFO,27/10/2022,09:16:10,152.6,152.05,100,152.35,200,5750,411300
NIFTY03NOV2217800PE.NFO,27/10/2022,09:16:11,151.15,151.7,50,152.2,100,2450,411300
NIFTY03NOV2217800PE.NFO,27/10/2022,09:16:13,153.35,153.25,50,153.7,300,2000,411300
NIFTY03NOV2217800PE.NFO,27/10/2022,09:16:15,153.85,153.65,100,153.95,350,2050,411300
NIFTY03NOV2217800PE.NFO,27/10/2022,09:16:16,154.1,154.3,100,154.7,50,2550,411300
NIFTY03NOV2217800PE.NFO,27/10/2022,09:16:18,154.1,154.05,150,154.25,150,2350,411300
NIFTY03NOV2217800PE.NFO,27/10/2022,09:16:20,154.95,154.65,300,154.95,50,1000,411300
NIFTY03NOV2217800PE.NFO,27/10/2022,09:16:21,153.45,153.3,150,153.6,250,2650,411300
NIFTY03NOV2217800PE.NFO,27/10/2022,09:16:23,151.45,151.15,100,151.45,150,21650,411300
NIFTY03NOV2217800PE.NFO,27/10/2022,09:16:25,150.3,150.3,50,150.75,500,24250,411300
NIFTY03NOV2217800PE.NFO,27/10/2022,09:16:26,150.95,150.6,100,151,350,1900,411300
NIFTY03NOV2217800PE.NFO,27/10/2022,09:16:28,150.85,150.75,100,151.3,150,2650,411300
NIFTY03NOV2217800PE.NFO,27/10/2022,09:16:30,151.35,151.1,50,151.4,350,1100,411300
NIFTY03NOV2217800PE.NFO,27/10/2022,09:16:32,151.5,151.35,100,151.5,100,600,411300
NIFTY03NOV2217800PE.NFO,27/10/2022,09:16:33,152.5,151.95,1150,152.55,350,1950,411300
NIFTY03NOV2217800PE.NFO,27/10/2022,09:16:35,152.1,151.6,550,152.15,350,1300,411300
NIFTY03NOV2217800PE.NFO,27/10/2022,09:16:37,152.05,151.8,100,152.2,100,2250,411300
NIFTY03NOV2217800PE.NFO,27/10/2022,09:16:38,152.25,151.65,100,152.2,100,2900,411300
NIFTY03NOV2217800PE.NFO,27/10/2022,09:16:40,151.8,151.75,350,152.35,150,2400,411300
NIFTY03NOV2217800PE.NFO,27/10/2022,09:16:42,151.65,151.55,50,152,100,2650,411300
NIFTY03NOV2217800PE.NFO,27/10/2022,09:16:43,152.85,152.7,50,152.9,100,450,411300
NIFTY03NOV2217800PE.NFO,27/10/2022,09:16:45,153.25,153.25,350,153.55,50,2400,411300
NIFTY03NOV2217800PE.NFO,27/10/2022,09:16:46,153.45,153.25,250,153.65,650,1000,411300
NIFTY03NOV2217800PE.NFO,27/10/2022,09:16:48,153.25,153.6,250,153.75,100,3450,411300
NIFTY03NOV2217800PE.NFO,27/10/2022,09:16:50,153.75,153.5,100,153.95,150,1350,411300
NIFTY03NOV2217800PE.NFO,27/10/2022,09:16:51,154.3,154.3,250,154.45,150,2050,411300
NIFTY03NOV2217800PE.NFO,27/10/2022,09:16:53,155.35,155.35,50,155.4,700,1250,411300
NIFTY03NOV2217800PE.NFO,27/10/2022,09:16:55,154.75,154.35,50,154.7,100,3400,411300
NIFTY03NOV2217800PE.NFO,27/10/2022,09:16:56,155.2,155.2,150,155.3,100,2150,411300
NIFTY03NOV2217800PE.NFO,27/10/2022,09:16:58,154.75,154.6,50,154.8,100,11350,411300
NIFTY03NOV2217800PE.NFO,27/10/2022,09:17:00,154.15,153.8,150,154.15,200,3400,411300
NIFTY03NOV2217800PE.NFO,27/10/2022,09:17:01,154.45,154.05,100,154.45,300,4300,411300
NIFTY03NOV2217800PE.NFO,27/10/2022,09:17:03,154.05,154.05,50,154.2,50,1600,411300
NIFTY03NOV2217800PE.NFO,27/10/2022,09:17:05,155.2,154.8,350,155.1,50,3650,411300
NIFTY03NOV2217800PE.NFO,27/10/2022,09:17:06,154.55,154.3,50,154.65,100,600,411300
NIFTY03NOV2217800PE.NFO,27/10/2022,09:17:08,154.05,154,900,154.45,100,1950,411300
NIFTY03NOV2217800PE.NFO,27/10/2022,09:17:10,154.6,154.1,50,154.45,50,1950,411300
NIFTY03NOV2217800PE.NFO,27/10/2022,09:17:11,153.4,153.3,350,153.65,100,13100,411300
NIFTY03NOV2217800PE.NFO,27/10/2022,09:17:13,152.7,152.55,200,153,600,7000,411300
NIFTY03NOV2217800PE.NFO,27/10/2022,09:17:15,152.4,152.6,300,153.05,50,300,411300
NIFTY03NOV2217800PE.NFO,27/10/2022,09:17:16,152.9,152.45,200,152.85,100,3450,411300
NIFTY03NOV2217800PE.NFO,27/10/2022,09:17:18,152.85,152.7,50,152.8,50,1650,411300
NIFTY03NOV2217800PE.NFO,27/10/2022,09:17:20,152.4,152.45,150,152.85,100,1950,411300
NIFTY03NOV2217800PE.NFO,27/10/2022,09:17:21,152.4,152.1,400,152.45,50,1850,411300
NIFTY03NOV2217800PE.NFO,27/10/2022,09:17:23,152.1,152.05,150,152.1,350,2150,411300
NIFTY03NOV2217800PE.NFO,27/10/2022,09:17:25,152.45,152.1,50,152.55,200,3950,520000
NIFTY03NOV2217800PE.NFO,27/10/2022,09:17:26,151.35,151.35,50,151.7,100,6000,520000
NIFTY03NOV2217800PE.NFO,27/10/2022,09:17:28,152,151.55,50,151.85,100,4800,520000
NIFTY03NOV2217800PE.NFO,27/10/2022,09:17:30,151.55,151.65,100,152,150,1950,520000
NIFTY03NOV2217800PE.NFO,27/10/2022,09:17:31,151.45,151.55,400,151.9,100,5100,520000
NIFTY03NOV2217800PE.NFO,27/10/2022,09:17:33,151.05,151.05,50,151.4,500,2700,520000
NIFTY03NOV2217800PE.NFO,27/10/2022,09:17:35,151.9,151.55,50,151.85,400,3800,520000
NIFTY03NOV2217800PE.NFO,27/10/2022,09:17:36,151.95,151.8,450,152.1,100,850,520000
NIFTY03NOV2217800PE.NFO,27/10/2022,09:17:38,151.35,151.3,350,151.55,50,1600,520000
NIFTY03NOV2217800PE.NFO,27/10/2022,09:17:40,151.2,151.05,50,151.2,200,2900,520000
NIFTY03NOV2217800PE.NFO,27/10/2022,09:17:41,151.9,151.55,950,151.9,50,2550,520000
NIFTY03NOV2217800PE.NFO,27/10/2022,09:17:43,152.4,152.4,600,152.85,450,2000,520000
NIFTY03NOV2217800PE.NFO,27/10/2022,09:17:45,153,152.95,150,153.3,1250,2300,520000
NIFTY03NOV2217800PE.NFO,27/10/2022,09:17:46,153.9,153.95,50,154,50,1700,520000
NIFTY03NOV2217800PE.NFO,27/10/2022,09:17:48,154.65,154.4,200,154.7,150,700,520000
NIFTY03NOV2217800PE.NFO,27/10/2022,09:17:50,155.5,155.6,100,155.8,200,900,520000
NIFTY03NOV2217800PE.NFO,27/10/2022,09:17:51,155.85,155.7,200,156.1,600,1850,520000
NIFTY03NOV2217800PE.NFO,27/10/2022,09:17:53,155.55,155.7,50,155.9,200,1900,520000
NIFTY03NOV2217800PE.NFO,27/10/2022,09:17:55,155,154.45,350,154.75,50,3250,520000
NIFTY03NOV2217800PE.NFO,27/10/2022,09:17:56,154.9,154.8,150,155.25,200,2950,520000
NIFTY03NOV2217800PE.NFO,27/10/2022,09:17:58,154.85,154.85,150,155.2,450,2650,520000
NIFTY03NOV2217800PE.NFO,27/10/2022,09:18:00,155.35,155.3,50,155.55,100,5050,520000
NIFTY03NOV2217800PE.NFO,27/10/2022,09:18:01,155.8,155.85,200,156.05,50,3050,520000
NIFTY03NOV2217800PE.NFO,27/10/2022,09:18:03,154.75,155.1,50,155.4,200,2850,520000
NIFTY03NOV2217800PE.NFO,27/10/2022,09:18:05,155.5,155.2,200,155.55,150,1050,520000
NIFTY03NOV2217800PE.NFO,27/10/2022,09:18:06,156,156.1,50,156.4,50,1700,520000
NIFTY03NOV2217800PE.NFO,27/10/2022,09:18:08,156.2,156.2,50,156.55,50,500,520000
NIFTY03NOV2217800PE.NFO,27/10/2022,09:18:10,157,157.45,50,157.55,50,3300,520000
NIFTY03NOV2217800PE.NFO,27/10/2022,09:18:11,158.25,157.95,50,158.2,100,4300,520000
NIFTY03NOV2217800PE.NFO,27/10/2022,09:18:13,158.95,158.65,50,158.95,100,1050,520000
NIFTY03NOV2217800PE.NFO,27/10/2022,09:18:15,158.75,158.85,50,159.15,100,2500,520000
NIFTY03NOV2217800PE.NFO,27/10/2022,09:18:16,158.8,159.1,50,159.4,200,1300,520000
NIFTY03NOV2217800PE.NFO,27/10/2022,09:18:18,158.1,158.2,150,158.6,50,1200,520000
NIFTY03NOV2217800PE.NFO,27/10/2022,09:18:20,156.2,155.9,100,156.3,150,3000,520000
NIFTY03NOV2217800PE.NFO,27/10/2022,09:18:21,156.5,156.05,150,156.65,100,1950,520000
NIFTY03NOV2217800PE.NFO,27/10/2022,09:18:23,155.5,155.2,50,155.55,300,1050,520000
NIFTY03NOV2217800PE.NFO,27/10/2022,09:18:25,155.65,155.95,50,156.2,100,4350,520000
NIFTY03NOV2217800PE.NFO,27/10/2022,09:18:26,156.1,156.05,100,156.45,100,700,520000
NIFTY03NOV2217800PE.NFO,27/10/2022,09:18:28,156.95,156.7,100,157.15,250,300,520000
NIFTY03NOV2217800PE.NFO,27/10/2022,09:18:30,155.5,155.75,200,156.25,350,3500,520000
NIFTY03NOV2217800PE.NFO,27/10/2022,09:18:31,155.2,155.2,50,155.55,100,5100,520000
NIFTY03NOV2217800PE.NFO,27/10/2022,09:18:33,155.45,155.55,100,155.85,50,6950,520000
NIFTY03NOV2217800PE.NFO,27/10/2022,09:18:34,155.1,155.25,100,155.6,50,4400,520000
NIFTY03NOV2217800PE.NFO,27/10/2022,09:18:36,157.5,157.05,50,157.5,50,13500,520000
NIFTY03NOV2217800PE.NFO,27/10/2022,09:18:38,156.1,155.6,500,155.8,100,6650,520000
NIFTY03NOV2217800PE.NFO,27/10/2022,09:18:40,155.35,155.15,50,155.55,50,3650,520000
NIFTY03NOV2217800PE.NFO,27/10/2022,09:18:41,157.55,157.2,50,157.6,150,800,520000
NIFTY03NOV2217800PE.NFO,27/10/2022,09:18:43,156.8,156.15,50,156.5,50,1600,520000
NIFTY03NOV2217800PE.NFO,27/10/2022,09:18:45,156.1,155.65,50,156,50,900,520000
NIFTY03NOV2217800PE.NFO,27/10/2022,09:18:46,157.1,156.75,50,157.25,100,400,520000
NIFTY03NOV2217800PE.NFO,27/10/2022,09:18:48,157.95,157.75,200,157.95,50,1000,520000
NIFTY03NOV2217800PE.NFO,27/10/2022,09:18:50,157.65,157.15,50,157.5,50,1800,520000
NIFTY03NOV2217800PE.NFO,27/10/2022,09:18:51,157.15,157.25,50,157.45,50,1150,520000
NIFTY03NOV2217800PE.NFO,27/10/2022,09:18:53,157.75,157.4,50,157.8,150,1050,520000
NIFTY03NOV2217800PE.NFO,27/10/2022,09:18:55,158.6,158.5,200,158.9,50,2750,520000
NIFTY03NOV2217800PE.NFO,27/10/2022,09:18:56,157.65,157.6,50,157.95,50,6300,520000
NIFTY03NOV2217800PE.NFO,27/10/2022,09:18:58,157.7,157.55,50,157.95,50,4600,520000
NIFTY03NOV2217800PE.NFO,27/10/2022,09:19:00,157.8,157.5,1150,157.75,50,2400,520000
NIFTY03NOV2217800PE.NFO,27/10/2022,09:19:01,157.6,157.25,50,157.65,50,6800,520000
NIFTY03NOV2217800PE.NFO,27/10/2022,09:19:03,157.1,156.95,350,157.35,50,1050,520000
NIFTY03NOV2217800PE.NFO,27/10/2022,09:19:05,157.55,157.9,50,158.3,50,2250,520000
NIFTY03NOV2217800PE.NFO,27/10/2022,09:19:06,158.15,158.1,50,158.3,50,2400,520000
NIFTY03NOV2217800PE.NFO,27/10/2022,09:19:08,158.55,158.45,100,158.85,100,2800,520000
NIFTY03NOV2217800PE.NFO,27/10/2022,09:19:10,158.75,158.85,100,159.05,250,1000,520000
NIFTY03NOV2217800PE.NFO,27/10/2022,09:19:11,158.85,158.8,600,159.15,150,2100,520000
NIFTY03NOV2217800PE.NFO,27/10/2022,09:19:13,158.4,158.45,100,158.85,100,600,520000
NIFTY03NOV2217800PE.NFO,27/10/2022,09:19:15,159.5,159.25,50,159.55,50,1150,520000
NIFTY03NOV2217800PE.NFO,27/10/2022,09:19:16,159,158.85,50,159.3,100,1550,520000
NIFTY03NOV2217800PE.NFO,27/10/2022,09:19:18,158.9,158.4,100,158.9,1550,400,520000
NIFTY03NOV2217800PE.NFO,27/10/2022,09:19:20,158.6,158.2,250,158.6,150,500,520000
NIFTY03NOV2217800PE.NFO,27/10/2022,09:19:21,158.15,157.9,50,158.1,50,900,520000
NIFTY03NOV2217800PE.NFO,27/10/2022,09:19:23,159,158.9,50,159.25,1350,700,520000
NIFTY03NOV2217800PE.NFO,27/10/2022,09:19:25,159.15,158.7,100,159.1,350,450,520000
NIFTY03NOV2217800PE.NFO,27/10/2022,09:19:26,158.75,158.4,100,158.75,200,450,520000
NIFTY03NOV2217800PE.NFO,27/10/2022,09:19:28,158.5,158.55,350,158.95,100,1200,520000
NIFTY03NOV2217800PE.NFO,27/10/2022,09:19:30,159.55,159.1,100,159.55,100,2500,520000
NIFTY03NOV2217800PE.NFO,27/10/2022,09:19:31,160.15,159.5,100,160.1,50,4200,520000
NIFTY03NOV2217800PE.NFO,27/10/2022,09:19:33,159.35,159.15,100,159.7,800,1900,520000
NIFTY03NOV2217800PE.NFO,27/10/2022,09:19:35,160.25,159.5,150,159.95,400,1000,520000
NIFTY03NOV2217800PE.NFO,27/10/2022,09:19:36,159.4,159.1,100,159.55,50,1400,520000
NIFTY03NOV2217800PE.NFO,27/10/2022,09:19:38,159.8,159.55,350,160,100,2000,520000
NIFTY03NOV2217800PE.NFO,27/10/2022,09:19:40,159.35,159.1,100,159.35,50,1000,520000
NIFTY03NOV2217800PE.NFO,27/10/2022,09:19:41,160.2,159.9,50,160.15,50,1850,520000
NIFTY03NOV2217800PE.NFO,27/10/2022,09:19:43,160.4,160.4,50,160.5,50,12050,520000
NIFTY03NOV2217800PE.NFO,27/10/2022,09:19:45,160.5,160.25,100,160.7,150,1250,520000
NIFTY03NOV2217800PE.NFO,27/10/2022,09:19:46,160.1,160.15,100,160.5,250,750,520000
NIFTY03NOV2217800PE.NFO,27/10/2022,09:19:48,160.1,159.75,100,160.15,100,1850,520000
NIFTY03NOV2217800PE.NFO,27/10/2022,09:19:50,159.45,159.55,50,159.95,250,2200,520000
NIFTY03NOV2217800PE.NFO,27/10/2022,09:19:51,159.8,159.4,100,159.8,100,2000,520000
NIFTY03NOV2217800PE.NFO,27/10/2022,09:19:53,159.35,159.45,150,159.9,50,400,520000
NIFTY03NOV2217800PE.NFO,27/10/2022,09:19:55,159.35,159.3,250,159.75,100,200,520000
NIFTY03NOV2217800PE.NFO,27/10/2022,09:19:56,158.65,158.5,500,158.85,500,1200,520000
NIFTY03NOV2217800PE.NFO,27/10/2022,09:19:58,159.1,158.65,100,159.05,100,150,520000
NIFTY03NOV2217800PE.NFO,27/10/2022,09:20:00,158.45,158.55,50,158.95,50,3000,520000
NIFTY03NOV2217800PE.NFO,27/10/2022,09:20:01,157.35,157.45,100,157.95,700,4000,520000
NIFTY03NOV2217800PE.NFO,27/10/2022,09:20:03,157.15,156.8,750,157.35,600,2000,520000
NIFTY03NOV2217800PE.NFO,27/10/2022,09:20:05,155.8,156,350,156.35,100,1450,520000
NIFTY03NOV2217800PE.NFO,27/10/2022,09:20:06,155.8,155.75,50,156.05,50,1000,520000
NIFTY03NOV2217800PE.NFO,27/10/2022,09:20:08,155.2,155.2,150,155.6,150,3450,520000
NIFTY03NOV2217800PE.NFO,27/10/2022,09:20:10,154.45,154.5,250,154.85,50,3250,520000
NIFTY03NOV2217800PE.NFO,27/10/2022,09:20:11,154.35,154.1,150,154.55,150,1450,520000
NIFTY03NOV2217800PE.NFO,27/10/2022,09:20:13,154,153.7,50,153.95,50,1000,520000
NIFTY03NOV2217800PE.NFO,27/10/2022,09:20:15,153.6,153.35,50,153.5,350,950,520000
NIFTY03NOV2217800PE.NFO,27/10/2022,09:20:16,152.35,152.4,100,152.75,100,1550,520000
NIFTY03NOV2217800PE.NFO,27/10/2022,09:20:18,152.95,152.95,150,153.3,300,1150,520000
NIFTY03NOV2217800PE.NFO,27/10/2022,09:20:19,151.9,151.8,150,151.85,150,1450,520000
NIFTY03NOV2217800PE.NFO,27/10/2022,09:20:21,151.7,151.6,50,151.7,50,4500,520000
NIFTY03NOV2217800PE.NFO,27/10/2022,09:20:23,151.75,151.5,50,151.8,200,2350,520000
NIFTY03NOV2217800PE.NFO,27/10/2022,09:20:24,150.8,150.55,50,150.85,750,6050,520000
NIFTY03NOV2217800PE.NFO,27/10/2022,09:20:26,150.55,150.25,50,150.55,50,700,547900
NIFTY03NOV2217800PE.NFO,27/10/2022,09:20:28,150.05,149.65,550,150,50,12800,547900
NIFTY03NOV2217800PE.NFO,27/10/2022,09:20:29,151.35,151.25,50,151.65,150,2200,547900
NIFTY03NOV2217800PE.NFO,27/10/2022,09:20:31,151.45,151.15,150,151.45,400,3100,547900
NIFTY03NOV2217800PE.NFO,27/10/2022,09:20:33,151.2,150.8,500,151.05,100,1500,547900
NIFTY03NOV2217800PE.NFO,27/10/2022,09:20:34,150.75,150.75,150,150.95,50,5850,547900
NIFTY03NOV2217800PE.NFO,27/10/2022,09:20:36,151.2,150.85,50,150.95,200,4850,547900
NIFTY03NOV2217800PE.NFO,27/10/2022,09:20:38,149.9,149.65,100,149.85,350,7300,547900
NIFTY03NOV2217800PE.NFO,27/10/2022,09:20:39,150.1,149.9,50,150.15,50,2750,547900
NIFTY03NOV2217800PE.NFO,27/10/2022,09:20:41,150.3,150.35,50,150.75,200,2850,547900
NIFTY03NOV2217800PE.NFO,27/10/2022,09:20:43,151.3,151,50,151.25,100,3650,547900
NIFTY03NOV2217800PE.NFO,27/10/2022,09:20:45,152.3,152.3,50,152.65,200,3600,547900
NIFTY03NOV2217800PE.NFO,27/10/2022,09:20:46,152.25,151.95,50,152.25,750,3850,547900
NIFTY03NOV2217800PE.NFO,27/10/2022,09:20:48,151.75,151.45,100,151.8,250,1450,547900
NIFTY03NOV2217800PE.NFO,27/10/2022,09:20:50,152.2,151.95,400,152.4,500,5850,547900
NIFTY03NOV2217800PE.NFO,27/10/2022,09:20:51,150.6,150.4,50,150.55,50,5900,547900
NIFTY03NOV2217800PE.NFO,27/10/2022,09:20:53,151.05,150.65,650,151.05,150,3350,547900
NIFTY03NOV2217800PE.NFO,27/10/2022,09:20:55,150.6,150.35,450,150.7,100,1850,547900
NIFTY03NOV2217800PE.NFO,27/10/2022,09:20:56,150.6,150.35,100,150.75,100,850,547900
NIFTY03NOV2217800PE.NFO,27/10/2022,09:20:58,149.5,149.5,900,149.85,100,6100,547900
NIFTY03NOV2217800PE.NFO,27/10/2022,09:21:00,149.35,149.05,50,149.4,450,5700,547900
NIFTY03NOV2217800PE.NFO,27/10/2022,09:21:01,149.5,149.35,50,149.5,250,2350,547900
NIFTY03NOV2217800PE.NFO,27/10/2022,09:21:03,149.25,149.15,100,149.25,450,2000,547900
NIFTY03NOV2217800PE.NFO,27/10/2022,09:21:05,149.7,149.35,100,149.7,350,6400,547900
NIFTY03NOV2217800PE.NFO,27/10/2022,09:21:06,148.1,148.1,50,148.2,100,14650,547900
NIFTY03NOV2217800PE.NFO,27/10/2022,09:21:08,148.15,147.9,350,148.2,1000,8950,547900
NIFTY03NOV2217800PE.NFO,27/10/2022,09:21:10,148,147.9,50,148.15,100,7150,547900
NIFTY03NOV2217800PE.NFO,27/10/2022,09:21:11,148.7,148.55,50,148.7,150,2200,547900
NIFTY03NOV2217800PE.NFO,27/10/2022,09:21:13,149.2,149.1,50,149.25,250,2950,547900
NIFTY03NOV2217800PE.NFO,27/10/2022,09:21:15,149.75,149.4,100,149.75,100,5000,547900
NIFTY03NOV2217800PE.NFO,27/10/2022,09:21:16,149.45,149.1,550,149.45,250,7400,547900
NIFTY03NOV2217800PE.NFO,27/10/2022,09:21:18,149.55,149.55,50,149.85,50,4300,547900
NIFTY03NOV2217800PE.NFO,27/10/2022,09:21:20,149.45,149.1,100,149.35,400,9950,547900
NIFTY03NOV2217800PE.NFO,27/10/2022,09:21:21,149.05,149,150,149.25,1250,2850,547900
NIFTY03NOV2217800PE.NFO,27/10/2022,09:21:23,149.25,149.35,50,149.65,100,5300,547900
NIFTY03NOV2217800PE.NFO,27/10/2022,09:21:25,149.35,149.05,50,149.3,100,5200,547900
NIFTY03NOV2217800PE.NFO,27/10/2022,09:21:26,149.7,149.25,400,149.65,50,6800,547900
NIFTY03NOV2217800PE.NFO,27/10/2022,09:21:28,149.5,149.25,200,149.5,300,2650,547900
NIFTY03NOV2217800PE.NFO,27/10/2022,09:21:30,149.6,149.45,800,149.75,100,1050,547900
NIFTY03NOV2217800PE.NFO,27/10/2022,09:21:31,148.05,148.2,50,148.35,200,3100,547900
NIFTY03NOV2217800PE.NFO,27/10/2022,09:21:33,147.9,147.7,250,147.9,100,2800,547900
NIFTY03NOV2217800PE.NFO,27/10/2022,09:21:35,146.6,146.2,400,146.6,50,6300,547900
NIFTY03NOV2217800PE.NFO,27/10/2022,09:21:36,147.15,147.15,50,147.4,50,1250,547900
NIFTY03NOV2217800PE.NFO,27/10/2022,09:21:38,145.85,145.8,50,146,50,5350,547900
NIFTY03NOV2217800PE.NFO,27/10/2022,09:21:40,145.55,145.55,50,145.85,500,2200,547900
NIFTY03NOV2217800PE.NFO,27/10/2022,09:21:41,145,145,2000,145.2,1100,2700,547900
NIFTY03NOV2217800PE.NFO,27/10/2022,09:21:43,144.65,144.5,50,144.75,200,6400,547900
NIFTY03NOV2217800PE.NFO,27/10/2022,09:21:45,144.55,144.25,50,144.55,150,6150,547900
NIFTY03NOV2217800PE.NFO,27/10/2022,09:21:46,143.15,143.25,100,143.6,150,8700,547900
NIFTY03NOV2217800PE.NFO,27/10/2022,09:21:48,143.4,143.15,50,143.45,100,6850,547900
NIFTY03NOV2217800PE.NFO,27/10/2022,09:21:50,143.45,143.3,50,143.5,300,2700,547900
NIFTY03NOV2217800PE.NFO,27/10/2022,09:21:51,143.4,143.35,50,143.55,100,2950,547900
NIFTY03NOV2217800PE.NFO,27/10/2022,09:21:53,145.05,144.7,550,145.1,550,8600,547900
NIFTY03NOV2217800PE.NFO,27/10/2022,09:21:55,146.3,146.15,150,146.35,350,3550,547900
NIFTY03NOV2217800PE.NFO,27/10/2022,09:21:56,146.9,146.6,450,146.9,100,2300,547900
NIFTY03NOV2217800PE.NFO,27/10/2022,09:21:58,146.6,146.35,50,146.6,300,600,547900
NIFTY03NOV2217800PE.NFO,27/10/2022,09:22:00,146.7,146.4,50,146.7,400,450,547900
NIFTY03NOV2217800PE.NFO,27/10/2022,09:22:01,145.8,145.5,800,145.8,100,650,547900
NIFTY03NOV2217800PE.NFO,27/10/2022,09:22:03,146.35,146.1,1000,146.4,150,800,547900
NIFTY03NOV2217800PE.NFO,27/10/2022,09:22:05,146.4,146.2,300,146.5,100,1350,547900
NIFTY03NOV2217800PE.NFO,27/10/2022,09:22:06,145.7,145.35,450,145.75,450,750,547900
NIFTY03NOV2217800PE.NFO,27/10/2022,09:22:08,145.3,144.95,300,145.3,50,3450,547900
NIFTY03NOV2217800PE.NFO,27/10/2022,09:22:10,145,144.55,300,144.9,400,750,547900
NIFTY03NOV2217800PE.NFO,27/10/2022,09:22:11,144.8,144.75,500,145,450,3050,547900
NIFTY03NOV2217800PE.NFO,27/10/2022,09:22:13,145.35,145.5,500,145.8,200,3300,547900
NIFTY03NOV2217800PE.NFO,27/10/2022,09:22:15,145.3,145.25,350,145.55,150,3800,547900
NIFTY03NOV2217800PE.NFO,27/10/2022,09:22:16,145.65,145.5,300,145.85,400,2750,547900
NIFTY03NOV2217800PE.NFO,27/10/2022,09:22:18,145.95,145.9,50,146.2,350,1400,547900
NIFTY03NOV2217800PE.NFO,27/10/2022,09:22:20,146.7,146.4,100,146.75,1050,3200,547900
NIFTY03NOV2217800PE.NFO,27/10/2022,09:22:21,146.85,146.6,150,146.85,100,3600,547900
NIFTY03NOV2217800PE.NFO,27/10/2022,09:22:23,147.4,147,50,147.3,50,2150,547900
NIFTY03NOV2217800PE.NFO,27/10/2022,09:22:25,146.55,146.4,500,146.65,50,2250,547900
NIFTY03NOV2217800PE.NFO,27/10/2022,09:22:26,146.35,146.5,450,146.8,100,2500,547900
NIFTY03NOV2217800PE.NFO,27/10/2022,09:22:28,147.3,147,50,147.3,600,2200,547900
NIFTY03NOV2217800PE.NFO,27/10/2022,09:22:30,146.7,146.4,50,146.65,50,6850,547900
NIFTY03NOV2217800PE.NFO,27/10/2022,09:22:31,147,146.95,50,147.2,900,2400,547900
NIFTY03NOV2217800PE.NFO,27/10/2022,09:22:33,147.05,147.05,200,147.3,350,1000,547900
NIFTY03NOV2217800PE.NFO,27/10/2022,09:22:35,147.1,147,50,147.2,50,700,547900
NIFTY03NOV2217800PE.NFO,27/10/2022,09:22:36,146.8,146.85,50,147.1,350,1600,547900
NIFTY03NOV2217800PE.NFO,27/10/2022,09:22:38,146.75,146.55,350,147,150,2650,547900
NIFTY03NOV2217800PE.NFO,27/10/2022,09:22:40,146.95,147.1,100,147.5,550,1900,547900
NIFTY03NOV2217800PE.NFO,27/10/2022,09:22:41,147.85,147.7,600,147.85,150,1350,547900
NIFTY03NOV2217800PE.NFO,27/10/2022,09:22:43,147.55,147.45,150,147.75,400,1100,547900
NIFTY03NOV2217800PE.NFO,27/10/2022,09:22:45,147.85,147.75,800,147.95,50,1400,547900
NIFTY03NOV2217800PE.NFO,27/10/2022,09:22:46,147.7,147.75,50,148.05,600,1850,547900
NIFTY03NOV2217800PE.NFO,27/10/2022,09:22:48,148.95,148.9,50,149,100,2150,547900
NIFTY03NOV2217800PE.NFO,27/10/2022,09:22:50,149.45,149.3,300,149.5,150,1400,547900
NIFTY03NOV2217800PE.NFO,27/10/2022,09:22:51,149.65,149.25,550,149.65,200,2750,547900
NIFTY03NOV2217800PE.NFO,27/10/2022,09:22:53,149.6,149.35,50,149.6,50,2250,547900
NIFTY03NOV2217800PE.NFO,27/10/2022,09:22:55,149.95,149.6,750,149.95,300,1350,547900
NIFTY03NOV2217800PE.NFO,27/10/2022,09:22:56,148.9,148.8,450,149.15,100,1300,547900
NIFTY03NOV2217800PE.NFO,27/10/2022,09:22:58,150.3,150.55,400,150.85,100,4250,547900
NIFTY03NOV2217800PE.NFO,27/10/2022,09:23:00,150.6,150.6,250,150.85,50,1200,547900
NIFTY03NOV2217800PE.NFO,27/10/2022,09:23:01,150.35,150.1,400,150.45,800,2900,547900
NIFTY03NOV2217800PE.NFO,27/10/2022,09:23:03,152.1,151.85,150,152.1,100,7100,547900
NIFTY03NOV2217800PE.NFO,27/10/2022,09:23:05,152.05,152.05,100,152.25,550,8100,547900
NIFTY03NOV2217800PE.NFO,27/10/2022,09:23:06,151.9,151.5,1750,151.95,100,4350,547900
NIFTY03NOV2217800PE.NFO,27/10/2022,09:23:08,151.75,151.5,50,151.8,50,3250,547900
NIFTY03NOV2217800PE.NFO,27/10/2022,09:23:10,151.1,150.9,100,151.1,300,1650,547900
NIFTY03NOV2217800PE.NFO,27/10/2022,09:23:11,150.35,150.05,150,150.35,400,2600,547900
NIFTY03NOV2217800PE.NFO,27/10/2022,09:23:13,150.05,150.05,150,150.4,500,5100,547900
NIFTY03NOV2217800PE.NFO,27/10/2022,09:23:15,150.5,150.2,50,150.6,350,1950,547900
NIFTY03NOV2217800PE.NFO,27/10/2022,09:23:16,150.45,150.25,450,150.55,350,1350,547900
NIFTY03NOV2217800PE.NFO,27/10/2022,09:23:18,150.1,150,7050,150.25,100,2850,547900
NIFTY03NOV2217800PE.NFO,27/10/2022,09:23:20,149.9,149.9,200,150.25,350,10100,547900
NIFTY03NOV2217800PE.NFO,27/10/2022,09:23:21,149.55,149.6,350,149.75,500,4000,547900
NIFTY03NOV2217800PE.NFO,27/10/2022,09:23:23,149.6,149.3,450,149.55,50,1800,547900
NIFTY03NOV2217800PE.NFO,27/10/2022,09:23:25,149.5,149.25,1500,149.4,50,2150,547900
NIFTY03NOV2217800PE.NFO,27/10/2022,09:23:26,149,148.75,400,148.9,200,7350,547900
NIFTY03NOV2217800PE.NFO,27/10/2022,09:23:28,149.5,149.5,800,149.7,550,3550,668450
NIFTY03NOV2217800PE.NFO,27/10/2022,09:23:30,150,149.7,550,150.05,450,4050,668450
NIFTY03NOV2217800PE.NFO,27/10/2022,09:23:31,151.35,151.4,1850,151.55,450,2800,668450
NIFTY03NOV2217800PE.NFO,27/10/2022,09:23:33,150.8,150.75,550,150.85,500,4250,668450
NIFTY03NOV2217800PE.NFO,27/10/2022,09:23:35,151.65,151.3,150,151.65,300,2300,668450
NIFTY03NOV2217800PE.NFO,27/10/2022,09:23:36,151.9,152,50,152.3,450,1600,668450
NIFTY03NOV2217800PE.NFO,27/10/2022,09:23:38,151.8,151.75,50,152.2,450,2750,668450
NIFTY03NOV2217800PE.NFO,27/10/2022,09:23:40,152.25,152.25,600,152.4,250,1750,668450
NIFTY03NOV2217800PE.NFO,27/10/2022,09:23:41,153,152.75,450,153,1550,5300,668450
NIFTY03NOV2217800PE.NFO,27/10/2022,09:23:43,153.25,152.9,550,153.1,50,7650,668450
NIFTY03NOV2217800PE.NFO,27/10/2022,09:23:45,154,153.9,950,154,50,9700,668450
NIFTY03NOV2217800PE.NFO,27/10/2022,09:23:46,154.05,153.95,150,154.35,800,4450,668450
NIFTY03NOV2217800PE.NFO,27/10/2022,09:23:48,153.3,153.05,50,153.35,350,2900,668450
NIFTY03NOV2217800PE.NFO,27/10/2022,09:23:50,152.6,152.55,400,152.9,350,2450,668450
NIFTY03NOV2217800PE.NFO,27/10/2022,09:23:51,153.45,153.05,650,153.45,150,1600,668450
NIFTY03NOV2217800PE.NFO,27/10/2022,09:23:53,154.15,154.1,50,154.35,350,1700,668450
NIFTY03NOV2217800PE.NFO,27/10/2022,09:23:55,154.45,154.5,150,154.85,350,2500,668450
NIFTY03NOV2217800PE.NFO,27/10/2022,09:23:56,154.9,154.75,500,155,800,1650,668450
NIFTY03NOV2217800PE.NFO,27/10/2022,09:23:58,154.85,154.6,350,154.9,50,1900,668450
NIFTY03NOV2217800PE.NFO,27/10/2022,09:24:00,154.4,154.25,350,154.45,200,2000,668450
NIFTY03NOV2217800PE.NFO,27/10/2022,09:24:01,154.5,154.3,50,154.75,50,2750,668450
NIFTY03NOV2217800PE.NFO,27/10/2022,09:24:03,153.45,153.05,300,153.45,100,2050,668450
NIFTY03NOV2217800PE.NFO,27/10/2022,09:24:05,154,153.7,250,154,100,2000,668450
NIFTY03NOV2217800PE.NFO,27/10/2022,09:24:06,154,153.75,50,154.1,350,3650,668450
NIFTY03NOV2217800PE.NFO,27/10/2022,09:24:08,154.45,154.2,50,154.5,300,1750,668450
NIFTY03NOV2217800PE.NFO,27/10/2022,09:24:10,154,153.6,250,153.95,350,1900,668450
NIFTY03NOV2217800PE.NFO,27/10/2022,09:24:11,152.1,151.6,350,151.85,50,9400,668450
NIFTY03NOV2217800PE.NFO,27/10/2022,09:24:13,152.85,152.75,50,152.95,50,3150,668450
NIFTY03NOV2217800PE.NFO,27/10/2022,09:24:15,154.45,154.25,350,154.65,350,2050,668450
NIFTY03NOV2217800PE.NFO,27/10/2022,09:24:16,153.85,153.7,100,154.05,300,650,668450
NIFTY03NOV2217800PE.NFO,27/10/2022,09:24:18,153.6,153.15,300,153.6,550,750,668450
NIFTY03NOV2217800PE.NFO,27/10/2022,09:24:20,153.55,153.5,100,154,850,950,668450
NIFTY03NOV2217800PE.NFO,27/10/2022,09:24:21,153.65,153.45,50,153.8,300,2750,668450
NIFTY03NOV2217800PE.NFO,27/10/2022,09:24:23,152.75,152.95,2000,153.3,300,3050,668450
NIFTY03NOV2217800PE.NFO,27/10/2022,09:24:25,152.9,152.65,50,152.9,200,1650,668450
NIFTY03NOV2217800PE.NFO,27/10/2022,09:24:26,153.15,153.05,450,153.35,250,750,668450
NIFTY03NOV2217800PE.NFO,27/10/2022,09:24:28,152.3,152.25,700,152.6,450,4000,668450
NIFTY03NOV2217800PE.NFO,27/10/2022,09:24:30,152.5,152.35,50,152.65,150,950,668450
NIFTY03NOV2217800PE.NFO,27/10/2022,09:24:31,152.15,152.1,50,152.35,200,800,668450
NIFTY03NOV2217800PE.NFO,27/10/2022,09:24:33,151.5,151.3,50,151.7,300,2550,668450
NIFTY03NOV2217800PE.NFO,27/10/2022,09:24:35,152.4,152.25,800,152.55,300,7400,668450
NIFTY03NOV2217800PE.NFO,27/10/2022,09:24:36,152.95,152.65,300,152.95,300,1500,668450
NIFTY03NOV2217800PE.NFO,27/10/2022,09:24:38,152.85,152.6,100,152.95,300,750,668450
NIFTY03NOV2217800PE.NFO,27/10/2022,09:24:40,152.75,152.5,50,152.65,150,100,668450
NIFTY03NOV2217800PE.NFO,27/10/2022,09:24:41,150.65,150.65,50,150.9,200,3200,668450
NIFTY03NOV2217800PE.NFO,27/10/2022,09:24:43,150.25,150.15,50,150.45,100,2100,668450
NIFTY03NOV2217800PE.NFO,27/10/2022,09:24:45,150.95,150.25,50,150.5,100,300,668450
NIFTY03NOV2217800PE.NFO,27/10/2022,09:24:46,150.5,150.4,150,150.7,300,5300,668450
NIFTY03NOV2217800PE.NFO,27/10/2022,09:24:48,151.9,151.8,350,152.15,150,6850,668450
NIFTY03NOV2217800PE.NFO,27/10/2022,09:24:50,152.05,151.65,50,151.95,150,2850,668450
NIFTY03NOV2217800PE.NFO,27/10/2022,09:24:51,152.1,151.75,150,152.1,50,1450,668450
NIFTY03NOV2217800PE.NFO,27/10/2022,09:24:53,151.55,151.85,150,152.1,350,350,668450
NIFTY03NOV2217800PE.NFO,27/10/2022,09:24:55,152.05,151.65,100,152,50,650,668450
NIFTY03NOV2217800PE.NFO,27/10/2022,09:24:56,152.65,152.55,150,152.65,50,450,668450
NIFTY03NOV2217800PE.NFO,27/10/2022,09:24:58,152.4,152.4,350,152.6,50,950,668450
NIFTY03NOV2217800PE.NFO,27/10/2022,09:25:00,152.45,151.7,150,152.1,150,1700,668450
NIFTY03NOV2217800PE.NFO,27/10/2022,09:25:01,151.5,151.3,150,151.75,300,5700,668450
NIFTY03NOV2217800PE.NFO,27/10/2022,09:25:03,151,150.8,150,151.15,50,2250,668450
NIFTY03NOV2217800PE.NFO,27/10/2022,09:25:05,151.6,151.45,150,151.9,300,2900,668450
NIFTY03NOV2217800PE.NFO,27/10/2022,09:25:07,151.1,151,2400,151.35,50,350,668450
NIFTY03NOV2217800PE.NFO,27/10/2022,09:25:08,150.35,150.3,150,150.35,250,6700,668450
NIFTY03NOV2217800PE.NFO,27/10/2022,09:25:10,150.5,150.4,750,150.85,200,1650,668450
NIFTY03NOV2217800PE.NFO,27/10/2022,09:25:12,150.35,150.35,50,150.7,150,300,668450
NIFTY03NOV2217800PE.NFO,27/10/2022,09:25:13,150.75,150.5,300,150.85,150,1500,668450
NIFTY03NOV2217800PE.NFO,27/10/2022,09:25:15,151.35,151.25,50,151.45,50,500,668450
NIFTY03NOV2217800PE.NFO,27/10/2022,09:25:17,151.7,151.7,50,151.95,50,200,668450
NIFTY03NOV2217800PE.NFO,27/10/2022,09:25:18,151.05,151.05,200,151.5,500,800,668450
NIFTY03NOV2217800PE.NFO,27/10/2022,09:25:20,150.9,150.45,200,150.65,50,500,668450
NIFTY03NOV2217800PE.NFO,27/10/2022,09:25:22,150.9,150.6,50,150.85,50,50,668450
NIFTY03NOV2217800PE.NFO,27/10/2022,09:25:23,151.9,151.65,50,151.95,150,250,668450
NIFTY03NOV2217800PE.NFO,27/10/2022,09:25:25,151.55,151.4,200,151.75,100,3850,668450
NIFTY03NOV2217800PE.NFO,27/10/2022,09:25:27,152.1,151.4,200,151.8,150,1350,668450
NIFTY03NOV2217800PE.NFO,27/10/2022,09:25:28,151.55,151.6,200,151.85,100,450,668450
NIFTY03NOV2217800PE.NFO,27/10/2022,09:25:30,151.9,151.5,50,151.65,250,2050,668450
NIFTY03NOV2217800PE.NFO,27/10/2022,09:25:32,152.05,151.75,400,152.15,200,650,668450
NIFTY03NOV2217800PE.NFO,27/10/2022,09:25:33,152.45,152,250,152.3,500,3100,668450
NIFTY03NOV2217800PE.NFO,27/10/2022,09:25:35,152.35,151.95,200,152.3,150,1150,668450
NIFTY03NOV2217800PE.NFO,27/10/2022,09:25:37,152.45,152.15,50,152.5,200,1600,668450
NIFTY03NOV2217800PE.NFO,27/10/2022,09:25:38,152.8,152.75,50,153,650,2150,668450
NIFTY03NOV2217800PE.NFO,27/10/2022,09:25:40,153.75,153.75,50,153.9,50,2750,668450
NIFTY03NOV2217800PE.NFO,27/10/2022,09:25:42,152.75,152.75,150,153.05,150,3200,668450
NIFTY03NOV2217800PE.NFO,27/10/2022,09:25:43,153.1,153.1,400,153.4,150,1100,668450
NIFTY03NOV2217800PE.NFO,27/10/2022,09:25:45,153.35,153.15,50,153.5,700,2050,668450
NIFTY03NOV2217800PE.NFO,27/10/2022,09:25:46,153.5,153.25,300,153.6,250,1900,668450
NIFTY03NOV2217800PE.NFO,27/10/2022,09:25:48,153.95,154,50,154.3,250,7850,668450
NIFTY03NOV2217800PE.NFO,27/10/2022,09:25:50,154.4,154.4,200,154.45,250,2900,668450
NIFTY03NOV2217800PE.NFO,27/10/2022,09:25:51,154.3,154.1,650,154.5,600,1950,668450
NIFTY03NOV2217800PE.NFO,27/10/2022,09:25:53,154.15,153.95,250,154.15,400,6050,668450
NIFTY03NOV2217800PE.NFO,27/10/2022,09:25:55,154.5,154.35,950,154.7,50,2650,668450
NIFTY03NOV2217800PE.NFO,27/10/2022,09:25:56,154.45,154.55,50,154.75,650,700,668450
NIFTY03NOV2217800PE.NFO,27/10/2022,09:25:58,155.1,155.1,250,155.4,50,4450,668450
NIFTY03NOV2217800PE.NFO,27/10/2022,09:26:00,155.95,155.75,50,156,1100,2300,668450
NIFTY03NOV2217800PE.NFO,27/10/2022,09:26:01,154.95,154.6,250,154.95,100,2950,668450
NIFTY03NOV2217800PE.NFO,27/10/2022,09:26:03,155,154.6,50,154.9,50,2700,668450
NIFTY03NOV2217800PE.NFO,27/10/2022,09:26:05,155.1,155,50,155.1,1850,950,668450
NIFTY03NOV2217800PE.NFO,27/10/2022,09:26:06,155.5,155.5,300,155.65,100,4050,668450
NIFTY03NOV2217800PE.NFO,27/10/2022,09:26:08,155.2,155.05,200,155.3,350,1550,668450
NIFTY03NOV2217800PE.NFO,27/10/2022,09:26:10,154.05,154.05,50,154.35,800,2250,668450
NIFTY03NOV2217800PE.NFO,27/10/2022,09:26:11,153.65,153.55,50,153.9,700,1450,668450
NIFTY03NOV2217800PE.NFO,27/10/2022,09:26:13,154.05,153.65,650,154.05,400,550,668450
NIFTY03NOV2217800PE.NFO,27/10/2022,09:26:15,154.5,154.2,650,154.45,50,950,668450
NIFTY03NOV2217800PE.NFO,27/10/2022,09:26:16,154.45,154.05,300,154.35,50,1200,668450
NIFTY03NOV2217800PE.NFO,27/10/2022,09:26:18,154.6,154.15,100,154.5,50,150,668450
NIFTY03NOV2217800PE.NFO,27/10/2022,09:26:20,154.1,154.1,150,154.45,400,2150,668450
NIFTY03NOV2217800PE.NFO,27/10/2022,09:26:21,154.6,154.3,50,154.6,300,650,668450
NIFTY03NOV2217800PE.NFO,27/10/2022,09:26:23,153.95,154.25,50,154.5,300,1050,668450
NIFTY03NOV2217800PE.NFO,27/10/2022,09:26:25,154.3,154,450,154.25,250,50,668450
NIFTY03NOV2217800PE.NFO,27/10/2022,09:26:26,153.9,153.7,50,153.95,100,750,705000
NIFTY03NOV2217800PE.NFO,27/10/2022,09:26:28,153.8,153.6,250,153.9,250,1000,705000
NIFTY03NOV2217800PE.NFO,27/10/2022,09:26:29,152.8,152.4,150,152.7,400,3300,705000
NIFTY03NOV2217800PE.NFO,27/10/2022,09:26:31,152.55,152.4,50,152.7,550,250,705000
NIFTY03NOV2217800PE.NFO,27/10/2022,09:26:33,152.9,152.9,350,153.15,500,4050,705000
NIFTY03NOV2217800PE.NFO,27/10/2022,09:26:34,152.7,152.55,50,152.7,250,1800,705000
NIFTY03NOV2217800PE.NFO,27/10/2022,09:26:36,152.9,152.55,650,152.9,50,450,705000
NIFTY03NOV2217800PE.NFO,27/10/2022,09:26:38,152.6,152.5,250,152.7,700,500,705000
NIFTY03NOV2217800PE.NFO,27/10/2022,09:26:39,151.95,151.35,300,151.75,350,1850,705000
NIFTY03NOV2217800PE.NFO,27/10/2022,09:26:41,151.95,151.65,300,151.9,50,1950,705000
NIFTY03NOV2217800PE.NFO,27/10/2022,09:26:43,151.65,151.65,500,151.75,50,1150,705000
NIFTY03NOV2217800PE.NFO,27/10/2022,09:26:44,152.1,151.75,300,152.15,750,1300,705000
NIFTY03NOV2217800PE.NFO,27/10/2022,09:26:46,151.75,151.2,200,151.55,150,100,705000
NIFTY03NOV2217800PE.NFO,27/10/2022,09:26:48,151.2,151.25,100,151.5,250,2250,705000
NIFTY03NOV2217800PE.NFO,27/10/2022,09:26:49,151.45,151.25,50,151.65,600,100,705000
NIFTY03NOV2217800PE.NFO,27/10/2022,09:26:51,151,150.8,650,151.2,450,5150,705000
NIFTY03NOV2217800PE.NFO,27/10/2022,09:26:53,151.6,151.35,50,151.7,800,6750,705000
NIFTY03NOV2217800PE.NFO,27/10/2022,09:26:54,151.25,151.15,600,151.45,300,300,705000
NIFTY03NOV2217800PE.NFO,27/10/2022,09:26:56,151.05,151.05,100,151.3,50,600,705000
NIFTY03NOV2217800PE.NFO,27/10/2022,09:26:58,151.55,151.1,50,151.35,150,650,705000
NIFTY03NOV2217800PE.NFO,27/10/2022,09:26:59,151.05,150.7,250,150.95,50,2350,705000
NIFTY03NOV2217800PE.NFO,27/10/2022,09:27:01,149.8,149.8,100,149.95,150,3250,705000
NIFTY03NOV2217800PE.NFO,27/10/2022,09:27:03,149.7,149.6,50,149.85,150,1400,705000
NIFTY03NOV2217800PE.NFO,27/10/2022,09:27:04,149.2,149,500,149.25,50,1400,705000
NIFTY03NOV2217800PE.NFO,27/10/2022,09:27:06,148.1,147.65,100,148.05,150,3850,705000
NIFTY03NOV2217800PE.NFO,27/10/2022,09:27:08,147.95,147.5,50,147.8,50,300,705000
NIFTY03NOV2217800PE.NFO,27/10/2022,09:27:09,147.7,147.65,150,147.95,1050,1550,705000
NIFTY03NOV2217800PE.NFO,27/10/2022,09:27:11,147.6,147.3,50,147.55,150,4300,705000
NIFTY03NOV2217800PE.NFO,27/10/2022,09:27:13,148.75,148.4,200,148.75,200,7200,705000
NIFTY03NOV2217800PE.NFO,27/10/2022,09:27:15,149.75,149.7,50,149.95,50,3750,705000
NIFTY03NOV2217800PE.NFO,27/10/2022,09:27:16,150.35,150.4,50,150.75,50,1500,705000
NIFTY03NOV2217800PE.NFO,27/10/2022,09:27:18,150.6,150.35,50,150.55,50,150,705000
NIFTY03NOV2217800PE.NFO,27/10/2022,09:27:19,149.7,149.5,100,149.8,350,600,705000
NIFTY03NOV2217800PE.NFO,27/10/2022,09:27:21,149.3,148.7,100,149,50,1100,705000
NIFTY03NOV2217800PE.NFO,27/10/2022,09:27:23,149.6,149.5,100,149.85,600,500,705000
NIFTY03NOV2217800PE.NFO,27/10/2022,09:27:24,149.75,149.4,150,149.7,50,2450,705000
NIFTY03NOV2217800PE.NFO,27/10/2022,09:27:26,150,149.9,50,150.15,100,2600,705000
NIFTY03NOV2217800PE.NFO,27/10/2022,09:27:28,149.85,149.85,50,150.15,200,800,705000
NIFTY03NOV2217800PE.NFO,27/10/2022,09:27:29,149.95,149.65,50,149.85,100,4150,705000
NIFTY03NOV2217800PE.NFO,27/10/2022,09:27:31,150.35,150.1,50,150.35,250,1600,705000
NIFTY03NOV2217800PE.NFO,27/10/2022,09:27:33,150.35,150.1,50,150.45,100,800,705000
NIFTY03NOV2217800PE.NFO,27/10/2022,09:27:34,150,149.85,50,150.2,200,2400,705000
NIFTY03NOV2217800PE.NFO,27/10/2022,09:27:36,150.55,150.35,350,150.65,350,2100,705000
NIFTY03NOV2217800PE.NFO,27/10/2022,09:27:38,151.15,150.65,350,151,350,2250,705000
NIFTY03NOV2217800PE.NFO,27/10/2022,09:27:39,150.4,150.55,50,150.7,150,1950,705000
NIFTY03NOV2217800PE.NFO,27/10/2022,09:27:41,150.75,150.4,50,150.75,450,2000,705000
NIFTY03NOV2217800PE.NFO,27/10/2022,09:27:43,150.85,150.5,300,150.9,650,1200,705000
NIFTY03NOV2217800PE.NFO,27/10/2022,09:27:44,152,152.1,50,152.35,50,1600,705000
NIFTY03NOV2217800PE.NFO,27/10/2022,09:27:46,152.5,152.4,100,152.55,250,1100,705000
NIFTY03NOV2217800PE.NFO,27/10/2022,09:27:48,152.4,152.1,50,152.35,100,800,705000
NIFTY03NOV2217800PE.NFO,27/10/2022,09:27:49,152.15,152.1,50,152.35,100,300,705000
NIFTY03NOV2217800PE.NFO,27/10/2022,09:27:51,152.45,152.2,100,152.45,100,300,705000
NIFTY03NOV2217800PE.NFO,27/10/2022,09:27:53,152.2,151.95,100,152.35,150,1050,705000
NIFTY03NOV2217800PE.NFO,27/10/2022,09:27:54,152.25,151.95,50,152.2,150,300,705000
NIFTY03NOV2217800PE.NFO,27/10/2022,09:27:56,152.4,152,100,152.4,750,350,705000
NIFTY03NOV2217800PE.NFO,27/10/2022,09:27:58,152.15,152.25,400,152.4,750,50,705000
NIFTY03NOV2217800PE.NFO,27/10/2022,09:27:59,152.65,152.35,250,152.7,50,1200,705000
NIFTY03NOV2217800PE.NFO,27/10/2022,09:28:01,153.4,153.1,100,153.45,50,1150,705000
NIFTY03NOV2217800PE.NFO,27/10/2022,09:28:03,152.25,152.05,150,152.3,100,1000,705000
NIFTY03NOV2217800PE.NFO,27/10/2022,09:28:04,152.45,152.3,150,152.6,500,2750,705000
NIFTY03NOV2217800PE.NFO,27/10/2022,09:28:06,152.5,152.45,200,152.85,150,400,705000
NIFTY03NOV2217800PE.NFO,27/10/2022,09:28:08,152.95,152.85,200,153.2,150,300,705000
NIFTY03NOV2217800PE.NFO,27/10/2022,09:28:09,153.3,153.35,50,153.45,50,6700,705000
NIFTY03NOV2217800PE.NFO,27/10/2022,09:28:11,152,151.7,150,152.05,50,800,705000
NIFTY03NOV2217800PE.NFO,27/10/2022,09:28:13,151.95,151.85,50,152.05,50,300,705000
NIFTY03NOV2217800PE.NFO,27/10/2022,09:28:14,152.15,152.05,250,152.3,50,2100,705000
NIFTY03NOV2217800PE.NFO,27/10/2022,09:28:16,151.95,151.65,200,152.05,150,1750,705000
NIFTY03NOV2217800PE.NFO,27/10/2022,09:28:18,152.2,151.85,500,152.3,550,1000,705000
NIFTY03NOV2217800PE.NFO,27/10/2022,09:28:19,153,153.25,50,153.4,100,350,705000
NIFTY03NOV2217800PE.NFO,27/10/2022,09:28:21,153.35,153.05,50,153.35,300,1950,705000
NIFTY03NOV2217800PE.NFO,27/10/2022,09:28:23,153.45,153.05,50,153.45,150,250,705000
NIFTY03NOV2217800PE.NFO,27/10/2022,09:28:24,153.65,153.25,150,153.6,350,500,705000
NIFTY03NOV2217800PE.NFO,27/10/2022,09:28:26,154.3,154.05,50,154.4,100,1850,705000
NIFTY03NOV2217800PE.NFO,27/10/2022,09:28:28,153.8,153.55,150,153.9,700,250,705000
NIFTY03NOV2217800PE.NFO,27/10/2022,09:28:29,154,153.6,350,154,350,1050,705000
NIFTY03NOV2217800PE.NFO,27/10/2022,09:28:31,154.05,153.55,200,153.95,650,500,705000
NIFTY03NOV2217800PE.NFO,27/10/2022,09:28:33,154,154.05,50,154.3,400,3000,705000
NIFTY03NOV2217800PE.NFO,27/10/2022,09:28:34,154.45,154.25,50,154.55,150,650,705000
NIFTY03NOV2217800PE.NFO,27/10/2022,09:28:36,154.1,153.7,150,154.1,100,600,705000
NIFTY03NOV2217800PE.NFO,27/10/2022,09:28:38,154.25,154.1,200,154.3,300,850,705000
NIFTY03NOV2217800PE.NFO,27/10/2022,09:28:39,153,152.7,50,152.8,50,1100,705000
NIFTY03NOV2217800PE.NFO,27/10/2022,09:28:41,153,152.85,50,153.2,200,1850,705000
NIFTY03NOV2217800PE.NFO,27/10/2022,09:28:43,153.55,153.5,100,153.8,200,50,705000
NIFTY03NOV2217800PE.NFO,27/10/2022,09:28:44,154.3,154.2,200,154.3,100,1100,705000
NIFTY03NOV2217800PE.NFO,27/10/2022,09:28:46,154.2,153.9,50,154.2,300,300,705000
NIFTY03NOV2217800PE.NFO,27/10/2022,09:28:48,153.7,153.65,100,154.05,1200,650,705000
NIFTY03NOV2217800PE.NFO,27/10/2022,09:28:49,153.4,153.25,100,153.55,400,150,705000
NIFTY03NOV2217800PE.NFO,27/10/2022,09:28:51,153.7,153.55,50,153.85,100,800,705000
NIFTY03NOV2217800PE.NFO,27/10/2022,09:28:53,154.1,153.8,50,154.15,400,300,705000
NIFTY03NOV2217800PE.NFO,27/10/2022,09:28:54,153.35,153.25,500,153.7,900,350,705000
NIFTY03NOV2217800PE.NFO,27/10/2022,09:28:56,152.95,152.7,50,152.95,50,550,705000
NIFTY03NOV2217800PE.NFO,27/10/2022,09:28:58,152.95,153.15,100,153.5,250,0,705000
NIFTY03NOV2217800PE.NFO,27/10/2022,09:28:59,153.35,153,250,153.3,50,550,705000
NIFTY03NOV2217800PE.NFO,27/10/2022,09:29:01,153.4,153.35,50,153.65,150,1850,705000
NIFTY03NOV2217800PE.NFO,27/10/2022,09:29:03,153.65,153,150,153.35,150,600,705000
NIFTY03NOV2217800PE.NFO,27/10/2022,09:29:04,152.95,152.75,150,153.1,50,200,705000
NIFTY03NOV2217800PE.NFO,27/10/2022,09:29:06,153.2,152.85,50,153.15,50,1550,705000
NIFTY03NOV2217800PE.NFO,27/10/2022,09:29:08,152.35,152.3,450,152.8,100,1350,705000
NIFTY03NOV2217800PE.NFO,27/10/2022,09:29:09,153.5,153.15,50,153.5,150,400,705000
NIFTY03NOV2217800PE.NFO,27/10/2022,09:29:11,153.15,152.7,450,153.05,150,1500,705000
NIFTY03NOV2217800PE.NFO,27/10/2022,09:29:13,152.1,152.05,100,152.35,50,400,705000
NIFTY03NOV2217800PE.NFO,27/10/2022,09:29:14,152.3,152.25,450,152.45,50,150,705000
NIFTY03NOV2217800PE.NFO,27/10/2022,09:29:16,151.55,151.35,550,151.75,100,2250,705000
NIFTY03NOV2217800PE.NFO,27/10/2022,09:29:18,151.65,151.25,250,151.55,200,1400,705000
NIFTY03NOV2217800PE.NFO,27/10/2022,09:29:19,151.85,151.25,200,151.45,150,300,705000
NIFTY03NOV2217800PE.NFO,27/10/2022,09:29:21,151.7,151.7,100,151.85,450,400,705000
NIFTY03NOV2217800PE.NFO,27/10/2022,09:29:23,151.4,151.55,50,151.9,1050,350,705000
NIFTY03NOV2217800PE.NFO,27/10/2022,09:29:25,151.55,151.5,200,151.8,100,550,705000
NIFTY03NOV2217800PE.NFO,27/10/2022,09:29:26,151.3,151.05,50,151.4,50,550,705000
NIFTY03NOV2217800PE.NFO,27/10/2022,09:29:28,153,152.8,50,153,50,1350,734100
NIFTY03NOV2217800PE.NFO,27/10/2022,09:29:30,152.2,151.8,100,152.15,50,2650,734100
NIFTY03NOV2217800PE.NFO,27/10/2022,09:29:31,152.1,151.9,50,152.1,350,1200,734100
NIFTY03NOV2217800PE.NFO,27/10/2022,09:29:33,151.65,151.5,200,151.85,50,600,734100
NIFTY03NOV2217800PE.NFO,27/10/2022,09:29:35,151.3,151.3,150,151.6,50,250,734100
NIFTY03NOV2217800PE.NFO,27/10/2022,09:29:36,151.3,151.25,100,151.3,50,350,734100
NIFTY03NOV2217800PE.NFO,27/10/2022,09:29:38,151.5,151.7,50,152,400,1100,734100
NIFTY03NOV2217800PE.NFO,27/10/2022,09:29:40,152.9,152.65,50,152.9,100,500,734100
NIFTY03NOV2217800PE.NFO,27/10/2022,09:29:41,153.45,153.2,100,153.55,200,1250,734100
NIFTY03NOV2217800PE.NFO,27/10/2022,09:29:43,153.35,153.45,50,153.65,650,1400,734100
NIFTY03NOV2217800PE.NFO,27/10/2022,09:29:45,153.8,153.7,150,154,2850,1000,734100
NIFTY03NOV2217800PE.NFO,27/10/2022,09:29:46,153.6,153.25,150,153.65,250,1650,734100
NIFTY03NOV2217800PE.NFO,27/10/2022,09:29:48,152.7,152.6,50,152.9,50,1750,734100
NIFTY03NOV2217800PE.NFO,27/10/2022,09:29:50,152.95,153.6,200,153.8,50,1750,734100
NIFTY03NOV2217800PE.NFO,27/10/2022,09:29:51,153.55,153.05,200,153.35,100,1100,734100
NIFTY03NOV2217800PE.NFO,27/10/2022,09:29:53,152.9,152.6,200,152.95,550,950,734100
NIFTY03NOV2217800PE.NFO,27/10/2022,09:29:55,152.1,151.7,200,152.05,350,700,734100
NIFTY03NOV2217800PE.NFO,27/10/2022,09:29:56,152.4,152.1,150,152.45,50,200,734100
NIFTY03NOV2217800PE.NFO,27/10/2022,09:29:58,152.2,151.7,200,152.2,300,700,734100
NIFTY03NOV2217800PE.NFO,27/10/2022,09:30:00,152.15,151.85,100,152.05,50,300,734100
NIFTY03NOV2217800PE.NFO,27/10/2022,09:30:01,151,151,50,151.35,350,6250,734100
NIFTY03NOV2217800PE.NFO,27/10/2022,09:30:03,151.3,151.5,150,151.75,100,3400,734100
NIFTY03NOV2217800PE.NFO,27/10/2022,09:30:05,151.85,151.65,100,152.05,100,600,734100
NIFTY03NOV2217800PE.NFO,27/10/2022,09:30:06,149.8,149.8,200,150.15,900,5450,734100
NIFTY03NOV2217800PE.NFO,27/10/2022,09:30:08,150.35,150.2,1000,150.6,200,700,734100
NIFTY03NOV2217800PE.NFO,27/10/2022,09:30:10,149.95,149.5,300,149.9,100,400,734100
NIFTY03NOV2217800PE.NFO,27/10/2022,09:30:11,150.5,150.2,200,150.5,200,600,734100
NIFTY03NOV2217800PE.NFO,27/10/2022,09:30:13,150.4,150,200,150.2,50,100,734100
NIFTY03NOV2217800PE.NFO,27/10/2022,09:30:15,149.75,149.85,100,150.15,350,3550,734100
NIFTY03NOV2217800PE.NFO,27/10/2022,09:30:16,149.55,149.65,50,149.95,50,500,734100
NIFTY03NOV2217800PE.NFO,27/10/2022,09:30:18,150.05,149.85,50,150.2,600,650,734100
NIFTY03NOV2217800PE.NFO,27/10/2022,09:30:20,150.85,150.6,50,150.95,600,2250,734100
NIFTY03NOV2217800PE.NFO,27/10/2022,09:30:21,150.85,150.55,300,150.9,400,100,734100
NIFTY03NOV2217800PE.NFO,27/10/2022,09:30:23,151.5,151.5,200,151.75,250,1150,734100
NIFTY03NOV2217800PE.NFO,27/10/2022,09:30:25,150.7,150.65,50,150.95,50,1200,734100
NIFTY03NOV2217800PE.NFO,27/10/2022,09:30:26,150.8,150.45,250,150.75,350,1600,734100
NIFTY03NOV2217800PE.NFO,27/10/2022,09:30:28,150.4,150,100,150.3,500,650,734100
NIFTY03NOV2217800PE.NFO,27/10/2022,09:30:30,149.9,149.9,200,150.25,300,600,734100
NIFTY03NOV2217800PE.NFO,27/10/2022,09:30:31,149.5,149.8,350,150.15,50,2700,734100
NIFTY03NOV2217800PE.NFO,27/10/2022,09:30:33,150.4,150.1,250,150.4,450,1350,734100
NIFTY03NOV2217800PE.NFO,27/10/2022,09:30:35,149.65,149.85,200,150.25,350,900,734100
NIFTY03NOV2217800PE.NFO,27/10/2022,09:30:36,149.75,149.6,100,149.95,200,650,734100
NIFTY03NOV2217800PE.NFO,27/10/2022,09:30:38,150.3,149.95,600,150.3,50,400,734100
NIFTY03NOV2217800PE.NFO,27/10/2022,09:30:40,150.6,150.65,50,150.7,300,2150,734100
NIFTY03NOV2217800PE.NFO,27/10/2022,09:30:41,150.3,150.4,100,150.65,50,1200,734100
NIFTY03NOV2217800PE.NFO,27/10/2022,09:30:43,149.7,149.5,250,149.85,350,1400,734100
NIFTY03NOV2217800PE.NFO,27/10/2022,09:30:45,149.3,149,1650,149.35,250,2200,734100
NIFTY03NOV2217800PE.NFO,27/10/2022,09:30:46,148.35,148.5,250,148.8,250,2400,734100
NIFTY03NOV2217800PE.NFO,27/10/2022,09:30:48,148.7,148.8,650,149.15,400,1450,734100
NIFTY03NOV2217800PE.NFO,27/10/2022,09:30:50,149.05,148.65,150,149,300,250,734100
NIFTY03NOV2217800PE.NFO,27/10/2022,09:30:51,148.6,148.5,900,148.9,650,800,734100
NIFTY03NOV2217800PE.NFO,27/10/2022,09:30:53,148,147.6,700,147.95,650,2850,734100
NIFTY03NOV2217800PE.NFO,27/10/2022,09:30:55,148.55,148.35,100,148.65,850,1400,734100
NIFTY03NOV2217800PE.NFO,27/10/2022,09:30:56,148.4,148.6,350,148.95,650,2950,734100
NIFTY03NOV2217800PE.NFO,27/10/2022,09:30:58,149.65,149.6,50,149.9,50,1600,734100
NIFTY03NOV2217800PE.NFO,27/10/2022,09:31:00,149.75,149.4,950,149.7,50,850,734100
NIFTY03NOV2217800PE.NFO,27/10/2022,09:31:01,149.9,150.05,200,150.35,750,500,734100
NIFTY03NOV2217800PE.NFO,27/10/2022,09:31:03,149.55,149.5,500,149.7,50,4000,734100
NIFTY03NOV2217800PE.NFO,27/10/2022,09:31:05,151.15,150.95,400,151.3,450,7350,734100
NIFTY03NOV2217800PE.NFO,27/10/2022,09:31:06,150.55,150.6,450,150.9,50,2150,734100
NIFTY03NOV2217800PE.NFO,27/10/2022,09:31:08,150.75,150.75,400,151.15,550,3100,734100
NIFTY03NOV2217800PE.NFO,27/10/2022,09:31:10,150.9,150.8,600,151.15,50,300,734100
NIFTY03NOV2217800PE.NFO,27/10/2022,09:31:11,151.1,150.4,50,150.65,200,850,734100
NIFTY03NOV2217800PE.NFO,27/10/2022,09:31:13,150.25,150.25,400,150.6,300,200,734100
NIFTY03NOV2217800PE.NFO,27/10/2022,09:31:15,150.9,150.7,250,151.05,400,3500,734100
NIFTY03NOV2217800PE.NFO,27/10/2022,09:31:16,150.75,150.55,50,150.8,350,600,734100
NIFTY03NOV2217800PE.NFO,27/10/2022,09:31:18,150.45,150.2,500,150.55,250,350,734100
NIFTY03NOV2217800PE.NFO,27/10/2022,09:31:20,150.25,150.2,150,150.6,1050,250,734100
NIFTY03NOV2217800PE.NFO,27/10/2022,09:31:21,150.55,150.65,50,150.75,100,1200,734100
NIFTY03NOV2217800PE.NFO,27/10/2022,09:31:23,151.45,151.45,100,151.7,50,800,734100
NIFTY03NOV2217800PE.NFO,27/10/2022,09:31:25,152.2,151.8,150,152.2,150,5750,734100
NIFTY03NOV2217800PE.NFO,27/10/2022,09:31:26,151.55,151.65,400,152,300,1150,734100
NIFTY03NOV2217800PE.NFO,27/10/2022,09:31:28,152.35,152.15,350,152.45,100,1550,734100
NIFTY03NOV2217800PE.NFO,27/10/2022,09:31:30,151.85,151.85,400,152.15,150,500,734100
NIFTY03NOV2217800PE.NFO,27/10/2022,09:31:31,150.7,150.65,50,150.95,300,1350,734100
NIFTY03NOV2217800PE.NFO,27/10/2022,09:31:33,151,151,50,151.15,50,750,734100
NIFTY03NOV2217800PE.NFO,27/10/2022,09:31:35,151.35,151.65,400,152,250,1350,734100
NIFTY03NOV2217800PE.NFO,27/10/2022,09:31:36,152,151.65,400,152,50,350,734100
NIFTY03NOV2217800PE.NFO,27/10/2022,09:31:38,151.75,151.6,700,152,600,400,734100
NIFTY03NOV2217800PE.NFO,27/10/2022,09:31:40,151.9,151.65,450,152,550,150,734100
NIFTY03NOV2217800PE.NFO,27/10/2022,09:31:41,151.75,151.8,50,152.1,300,1200,734100
NIFTY03NOV2217800PE.NFO,27/10/2022,09:31:43,151.9,151.9,50,152,50,4050,734100
NIFTY03NOV2217800PE.NFO,27/10/2022,09:31:45,151.65,151.4,450,151.8,350,250,734100
NIFTY03NOV2217800PE.NFO,27/10/2022,09:31:46,152.3,152.65,500,152.85,300,550,734100
NIFTY03NOV2217800PE.NFO,27/10/2022,09:31:48,152.65,152.45,50,152.75,100,750,734100
NIFTY03NOV2217800PE.NFO,27/10/2022,09:31:50,152.95,152.35,50,152.7,100,200,734100
NIFTY03NOV2217800PE.NFO,27/10/2022,09:31:51,152.7,152.6,700,152.95,350,600,734100
NIFTY03NOV2217800PE.NFO,27/10/2022,09:31:53,153.1,153.05,400,153.35,250,2050,734100
NIFTY03NOV2217800PE.NFO,27/10/2022,09:31:55,153,153.15,950,153.3,250,2400,734100
NIFTY03NOV2217800PE.NFO,27/10/2022,09:31:56,153.3,152.95,50,153.3,1850,1150,734100
NIFTY03NOV2217800PE.NFO,27/10/2022,09:31:58,153.3,153.25,50,153.45,50,0,734100
NIFTY03NOV2217800PE.NFO,27/10/2022,09:32:00,153.7,153.5,100,153.7,50,500,734100
NIFTY03NOV2217800PE.NFO,27/10/2022,09:32:01,154.05,153.9,350,154.1,50,4450,734100
NIFTY03NOV2217800PE.NFO,27/10/2022,09:32:03,153.45,153.4,50,153.7,300,350,734100
NIFTY03NOV2217800PE.NFO,27/10/2022,09:32:05,152.4,152.35,250,152.5,100,1950,734100
NIFTY03NOV2217800PE.NFO,27/10/2022,09:32:06,151.5,151.3,650,151.65,50,2250,734100
NIFTY03NOV2217800PE.NFO,27/10/2022,09:32:08,151.8,151.45,50,151.8,650,550,734100
NIFTY03NOV2217800PE.NFO,27/10/2022,09:32:10,152.2,151.85,1050,152.25,1500,100,734100
NIFTY03NOV2217800PE.NFO,27/10/2022,09:32:11,152.2,151.65,250,152,100,1400,734100
NIFTY03NOV2217800PE.NFO,27/10/2022,09:32:13,151.3,151.2,250,151.5,300,300,734100
NIFTY03NOV2217800PE.NFO,27/10/2022,09:32:15,150.6,150.55,250,150.7,50,5600,734100
NIFTY03NOV2217800PE.NFO,27/10/2022,09:32:16,150.6,150.5,400,150.85,550,400,734100
NIFTY03NOV2217800PE.NFO,27/10/2022,09:32:18,150.55,150.65,400,150.95,350,100,734100
NIFTY03NOV2217800PE.NFO,27/10/2022,09:32:20,150.8,150.3,250,150.6,250,1900,734100
NIFTY03NOV2217800PE.NFO,27/10/2022,09:32:21,151,150.55,250,150.8,150,450,734100
NIFTY03NOV2217800PE.NFO,27/10/2022,09:32:23,151.05,150.9,800,151.2,50,2250,734100
NIFTY03NOV2217800PE.NFO,27/10/2022,09:32:25,151.1,151.05,50,151.3,50,1500,734100
NIFTY03NOV2217800PE.NFO,27/10/2022,09:32:26,151,151.1,150,151.4,300,200,734100
NIFTY03NOV2217800PE.NFO,27/10/2022,09:32:28,151.25,150.9,50,151.05,50,200,773900
NIFTY03NOV2217800PE.NFO,27/10/2022,09:32:30,150.85,150.35,250,150.6,50,1900,773900
NIFTY03NOV2217800PE.NFO,27/10/2022,09:32:31,151,151,50,151.2,100,2500,773900
NIFTY03NOV2217800PE.NFO,27/10/2022,09:32:33,150.9,151.2,100,151.35,50,700,773900
NIFTY03NOV2217800PE.NFO,27/10/2022,09:32:35,151.25,151.2,1000,151.55,250,600,773900
NIFTY03NOV2217800PE.NFO,27/10/2022,09:32:36,151.6,151.5,150,151.8,450,400,773900
NIFTY03NOV2217800PE.NFO,27/10/2022,09:32:38,151.55,151.25,350,151.7,950,500,773900
NIFTY03NOV2217800PE.NFO,27/10/2022,09:32:40,151.7,151.4,850,151.75,400,1000,773900
NIFTY03NOV2217800PE.NFO,27/10/2022,09:32:41,151.8,151.5,850,151.7,50,550,773900
NIFTY03NOV2217800PE.NFO,27/10/2022,09:32:43,151.2,151,100,151.2,100,1100,773900
NIFTY03NOV2217800PE.NFO,27/10/2022,09:32:45,151.3,151,650,151.35,300,2800,773900
NIFTY03NOV2217800PE.NFO,27/10/2022,09:32:46,151,150.7,700,151.05,100,350,773900
NIFTY03NOV2217800PE.NFO,27/10/2022,09:32:48,151.2,151.05,400,151.4,600,1600,773900
NIFTY03NOV2217800PE.NFO,27/10/2022,09:32:50,150.2,150.2,350,150.35,50,2550,773900
NIFTY03NOV2217800PE.NFO,27/10/2022,09:32:51,150.4,150.25,300,150.55,50,1800,773900
NIFTY03NOV2217800PE.NFO,27/10/2022,09:32:53,151.25,151.3,400,151.6,50,350,773900
NIFTY03NOV2217800PE.NFO,27/10/2022,09:32:55,151.7,151.65,50,151.8,100,300,773900
NIFTY03NOV2217800PE.NFO,27/10/2022,09:32:56,151.8,151.8,200,152,800,900,773900
NIFTY03NOV2217800PE.NFO,27/10/2022,09:32:58,152.6,152.65,50,152.95,500,1350,773900
NIFTY03NOV2217800PE.NFO,27/10/2022,09:33:00,152.9,152.5,400,152.8,50,2400,773900
NIFTY03NOV2217800PE.NFO,27/10/2022,09:33:01,152.35,152.4,400,152.75,200,4400,773900
NIFTY03NOV2217800PE.NFO,27/10/2022,09:33:03,152.5,152.5,650,152.7,150,2350,773900
NIFTY03NOV2217800PE.NFO,27/10/2022,09:33:05,152.2,152.1,250,152.35,500,2050,773900
NIFTY03NOV2217800PE.NFO,27/10/2022,09:33:06,151.4,151.2,250,151.6,600,450,773900
NIFTY03NOV2217800PE.NFO,27/10/2022,09:33:08,151.7,151.7,50,151.8,200,300,773900
NIFTY03NOV2217800PE.NFO,27/10/2022,09:33:10,152.5,152.45,600,152.5,550,2000,773900
NIFTY03NOV2217800PE.NFO,27/10/2022,09:33:11,152.6,152.45,150,152.65,900,2950,773900
NIFTY03NOV2217800PE.NFO,27/10/2022,09:33:13,152.4,152.15,150,152.5,50,3000,773900
NIFTY03NOV2217800PE.NFO,27/10/2022,09:33:15,152.2,152.25,50,152.45,250,200,773900
NIFTY03NOV2217800PE.NFO,27/10/2022,09:33:16,151.6,151.5,300,151.8,850,4600,773900
NIFTY03NOV2217800PE.NFO,27/10/2022,09:33:18,151.8,151.6,50,151.85,50,2400,773900
NIFTY03NOV2217800PE.NFO,27/10/2022,09:33:20,151.8,151.8,100,151.9,200,1150,773900
NIFTY03NOV2217800PE.NFO,27/10/2022,09:33:21,152.5,152.5,200,152.8,500,950,773900
NIFTY03NOV2217800PE.NFO,27/10/2022,09:33:23,152,152.05,50,152.25,750,450,773900
NIFTY03NOV2217800PE.NFO,27/10/2022,09:33:25,152.3,152.3,50,152.5,150,1350,773900
NIFTY03NOV2217800PE.NFO,27/10/2022,09:33:26,152.35,152.15,350,152.45,50,4100,773900
NIFTY03NOV2217800PE.NFO,27/10/2022,09:33:28,152.2,152,150,152.2,50,4750,773900
NIFTY03NOV2217800PE.NFO,27/10/2022,09:33:30,152.45,152.6,50,152.65,350,1850,773900
NIFTY03NOV2217800PE.NFO,27/10/2022,09:33:31,154.1,154.05,100,154.25,850,21400,773900
NIFTY03NOV2217800PE.NFO,27/10/2022,09:33:33,154.7,154.7,150,154.75,100,23350,773900
NIFTY03NOV2217800PE.NFO,27/10/2022,09:33:35,154.1,154.1,250,154.3,350,7600,773900
NIFTY03NOV2217800PE.NFO,27/10/2022,09:33:36,153.8,153.75,200,154,350,5200,773900
NIFTY03NOV2217800PE.NFO,27/10/2022,09:33:38,154.6,154.5,400,154.9,150,5350,773900
NIFTY03NOV2217800PE.NFO,27/10/2022,09:33:40,155.25,154.95,50,155.25,350,7400,773900
NIFTY03NOV2217800PE.NFO,27/10/2022,09:33:42,155,155.2,50,155.5,550,2300,773900
NIFTY03NOV2217800PE.NFO,27/10/2022,09:33:43,155.4,155.35,350,155.7,450,6350,773900
NIFTY03NOV2217800PE.NFO,27/10/2022,09:33:45,154.7,154.9,400,155.05,800,5100,773900
NIFTY03NOV2217800PE.NFO,27/10/2022,09:33:47,154.9,154.3,50,154.55,50,3100,773900
NIFTY03NOV2217800PE.NFO,27/10/2022,09:33:48,155,154.55,300,154.95,850,650,773900
NIFTY03NOV2217800PE.NFO,27/10/2022,09:33:50,154.95,154.95,400,155.25,100,2950,773900
NIFTY03NOV2217800PE.NFO,27/10/2022,09:33:52,155.15,155.2,50,155.45,1400,3950,773900
NIFTY03NOV2217800PE.NFO,27/10/2022,09:33:53,155.45,155.45,50,155.75,750,600,773900
NIFTY03NOV2217800PE.NFO,27/10/2022,09:33:55,155.95,155.9,350,156.15,100,6200,773900
NIFTY03NOV2217800PE.NFO,27/10/2022,09:33:57,155.95,155.8,50,156,500,2350,773900
NIFTY03NOV2217800PE.NFO,27/10/2022,09:33:58,156.25,156.1,100,156.15,50,3400,773900
NIFTY03NOV2217800PE.NFO,27/10/2022,09:34:00,156,155.55,200,155.85,350,3250,773900
NIFTY03NOV2217800PE.NFO,27/10/2022,09:34:02,155.5,155.25,50,155.55,350,1550,773900
NIFTY03NOV2217800PE.NFO,27/10/2022,09:34:03,155,154.65,100,154.95,150,3750,773900
NIFTY03NOV2217800PE.NFO,27/10/2022,09:34:05,156,155.85,350,156,200,4550,773900
NIFTY03NOV2217800PE.NFO,27/10/2022,09:34:07,155.6,155.75,50,155.95,50,1650,773900
NIFTY03NOV2217800PE.NFO,27/10/2022,09:34:08,155.4,155.2,250,155.35,50,1400,773900
NIFTY03NOV2217800PE.NFO,27/10/2022,09:34:10,155.3,155,100,155.35,450,3050,773900
NIFTY03NOV2217800PE.NFO,27/10/2022,09:34:11,154.8,154.4,50,154.75,250,1150,773900
NIFTY03NOV2217800PE.NFO,27/10/2022,09:34:13,155,154.65,50,154.95,250,1900,773900
NIFTY03NOV2217800PE.NFO,27/10/2022,09:34:15,155.25,155.1,50,155.25,200,650,773900
NIFTY03NOV2217800PE.NFO,27/10/2022,09:34:16,155.1,154.75,200,155.15,350,800,773900
NIFTY03NOV2217800PE.NFO,27/10/2022,09:34:18,154.65,154.55,200,154.8,50,2250,773900
NIFTY03NOV2217800PE.NFO,27/10/2022,09:34:20,154.6,154.3,150,154.55,50,500,773900
NIFTY03NOV2217800PE.NFO,27/10/2022,09:34:21,155,154.9,150,155.25,400,2500,773900
NIFTY03NOV2217800PE.NFO,27/10/2022,09:34:23,154.5,154.4,150,154.55,250,2500,773900
NIFTY03NOV2217800PE.NFO,27/10/2022,09:34:25,154.15,154.35,50,154.65,100,1400,773900
NIFTY03NOV2217800PE.NFO,27/10/2022,09:34:26,154.5,154.2,300,154.5,350,750,773900
NIFTY03NOV2217800PE.NFO,27/10/2022,09:34:28,154,154,200,154.3,250,150,773900
NIFTY03NOV2217800PE.NFO,27/10/2022,09:34:30,153.85,153.75,200,154.15,200,1650,773900
NIFTY03NOV2217800PE.NFO,27/10/2022,09:34:31,154.2,154.15,50,154.3,250,150,773900
NIFTY03NOV2217800PE.NFO,27/10/2022,09:34:33,154.65,154.45,100,154.6,50,950,773900
NIFTY03NOV2217800PE.NFO,27/10/2022,09:34:35,155.45,155.25,50,155.5,50,3700,773900
NIFTY03NOV2217800PE.NFO,27/10/2022,09:34:36,155.3,155.2,50,155.6,50,2550,773900
NIFTY03NOV2217800PE.NFO,27/10/2022,09:34:38,155.95,155.65,50,156,1350,2100,773900
NIFTY03NOV2217800PE.NFO,27/10/2022,09:34:40,156.1,155.95,200,156.15,50,4400,773900
NIFTY03NOV2217800PE.NFO,27/10/2022,09:34:41,156.1,155.8,200,156.15,400,4050,773900
NIFTY03NOV2217800PE.NFO,27/10/2022,09:34:43,155.75,155.75,50,155.95,250,4050,773900
NIFTY03NOV2217800PE.NFO,27/10/2022,09:34:45,156.25,156.15,50,156.4,100,2650,773900
NIFTY03NOV2217800PE.NFO,27/10/2022,09:34:46,156.4,156.25,50,156.5,50,500,773900
NIFTY03NOV2217800PE.NFO,27/10/2022,09:34:48,156.55,156.35,50,156.7,600,1000,773900
NIFTY03NOV2217800PE.NFO,27/10/2022,09:34:50,156.1,156,800,156.25,50,2200,773900
NIFTY03NOV2217800PE.NFO,27/10/2022,09:34:51,155.75,155.7,250,156.05,50,2200,773900
NIFTY03NOV2217800PE.NFO,27/10/2022,09:34:53,155.9,155.5,50,155.85,250,450,773900
NIFTY03NOV2217800PE.NFO,27/10/2022,09:34:55,156.1,156,50,156.1,350,300,773900
NIFTY03NOV2217800PE.NFO,27/10/2022,09:34:56,155.95,155.5,450,156,400,300,773900
NIFTY03NOV2217800PE.NFO,27/10/2022,09:34:58,155.8,155.4,350,155.65,50,200,773900
NIFTY03NOV2217800PE.NFO,27/10/2022,09:35:00,154.3,154.3,200,154.45,50,1400,773900
NIFTY03NOV2217800PE.NFO,27/10/2022,09:35:01,154.8,154.5,1450,154.85,150,200,773900
NIFTY03NOV2217800PE.NFO,27/10/2022,09:35:03,155.15,154.7,800,155.1,150,700,773900
NIFTY03NOV2217800PE.NFO,27/10/2022,09:35:05,155.8,155.65,300,155.95,50,550,773900
NIFTY03NOV2217800PE.NFO,27/10/2022,09:35:06,154.75,154.65,250,155,100,1200,773900
NIFTY03NOV2217800PE.NFO,27/10/2022,09:35:08,154.5,154.15,250,154.5,200,1150,773900
NIFTY03NOV2217800PE.NFO,27/10/2022,09:35:10,154.95,154.6,50,154.95,250,500,773900
NIFTY03NOV2217800PE.NFO,27/10/2022,09:35:11,154.9,154.5,200,154.8,100,350,773900
NIFTY03NOV2217800PE.NFO,27/10/2022,09:35:13,154.55,154.5,250,154.85,250,200,773900
NIFTY03NOV2217800PE.NFO,27/10/2022,09:35:15,154.55,154.5,50,154.85,250,450,773900
NIFTY03NOV2217800PE.NFO,27/10/2022,09:35:16,154.3,154.25,100,154.55,250,350,773900
NIFTY03NOV2217800PE.NFO,27/10/2022,09:35:18,155.35,155.25,100,155.65,550,1500,773900
NIFTY03NOV2217800PE.NFO,27/10/2022,09:35:20,155.3,155.05,250,155.3,50,100,773900
NIFTY03NOV2217800PE.NFO,27/10/2022,09:35:21,154.75,154.1,300,154.45,400,450,773900
NIFTY03NOV2217800PE.NFO,27/10/2022,09:35:23,154.8,154.45,450,154.85,700,350,773900
NIFTY03NOV2217800PE.NFO,27/10/2022,09:35:25,154.75,154.55,100,154.7,50,50,773900
NIFTY03NOV2217800PE.NFO,27/10/2022,09:35:26,154.55,154.25,300,154.55,50,350,773900
NIFTY03NOV2217800PE.NFO,27/10/2022,09:35:28,154.65,154.55,50,154.75,100,200,816950
NIFTY03NOV2217800PE.NFO,27/10/2022,09:35:30,154.5,154.2,150,154.45,50,300,816950
NIFTY03NOV2217800PE.NFO,27/10/2022,09:35:31,154.55,154.4,50,154.55,850,400,816950
NIFTY03NOV2217800PE.NFO,27/10/2022,09:35:33,154.3,154.2,150,154.5,100,500,816950
NIFTY03NOV2217800PE.NFO,27/10/2022,09:35:35,154.7,154.25,300,154.65,200,1100,816950
NIFTY03NOV2217800PE.NFO,27/10/2022,09:35:36,153.55,153.15,300,153.5,50,2850,816950
NIFTY03NOV2217800PE.NFO,27/10/2022,09:35:38,153,152.45,300,152.7,50,1400,816950
NIFTY03NOV2217800PE.NFO,27/10/2022,09:35:40,152,151.95,300,152.2,400,1800,816950
NIFTY03NOV2217800PE.NFO,27/10/2022,09:35:41,153,153,300,153.25,300,1850,816950
NIFTY03NOV2217800PE.NFO,27/10/2022,09:35:43,153.8,153.45,50,153.75,100,1400,816950
NIFTY03NOV2217800PE.NFO,27/10/2022,09:35:45,153.75,153.4,300,153.8,150,1350,816950
NIFTY03NOV2217800PE.NFO,27/10/2022,09:35:46,154,153.7,50,154,50,300,816950
NIFTY03NOV2217800PE.NFO,27/10/2022,09:35:48,154.15,153.85,200,154.2,450,150,816950
NIFTY03NOV2217800PE.NFO,27/10/2022,09:35:50,154.7,154.55,200,154.75,200,550,816950
NIFTY03NOV2217800PE.NFO,27/10/2022,09:35:51,155,154.7,50,154.95,50,3450,816950
NIFTY03NOV2217800PE.NFO,27/10/2022,09:35:53,155,154.6,50,154.8,200,0,816950
NIFTY03NOV2217800PE.NFO,27/10/2022,09:35:55,155,154.9,50,155.15,100,100,816950
NIFTY03NOV2217800PE.NFO,27/10/2022,09:35:56,155.05,154.55,50,154.85,50,150,816950
NIFTY03NOV2217800PE.NFO,27/10/2022,09:35:58,154.8,154.5,250,154.85,50,2150,816950
NIFTY03NOV2217800PE.NFO,27/10/2022,09:36:00,154.5,154.2,50,154.45,100,350,816950
NIFTY03NOV2217800PE.NFO,27/10/2022,09:36:01,154.35,154.35,50,154.6,350,900,816950
NIFTY03NOV2217800PE.NFO,27/10/2022,09:36:03,153.65,153.45,250,153.8,50,500,816950
NIFTY03NOV2217800PE.NFO,27/10/2022,09:36:05,153.9,153.85,200,154.15,150,150,816950
NIFTY03NOV2217800PE.NFO,27/10/2022,09:36:06,153.9,153.85,200,154.15,350,0,816950
NIFTY03NOV2217800PE.NFO,27/10/2022,09:36:08,154.15,153.95,50,154.15,50,100,816950
NIFTY03NOV2217800PE.NFO,27/10/2022,09:36:10,153.75,153.6,150,153.85,50,200,816950
NIFTY03NOV2217800PE.NFO,27/10/2022,09:36:11,153.65,153.5,250,153.85,350,50,816950
NIFTY03NOV2217800PE.NFO,27/10/2022,09:36:13,153.9,154,50,154.1,50,450,816950
NIFTY03NOV2217800PE.NFO,27/10/2022,09:36:15,154.9,154.55,100,154.9,250,1900,816950
NIFTY03NOV2217800PE.NFO,27/10/2022,09:36:16,154,154,250,154.3,50,1450,816950
NIFTY03NOV2217800PE.NFO,27/10/2022,09:36:18,154,153.75,200,154.1,100,2250,816950
NIFTY03NOV2217800PE.NFO,27/10/2022,09:36:20,154.4,154.1,300,154.5,150,3100,816950
NIFTY03NOV2217800PE.NFO,27/10/2022,09:36:21,154.5,154.45,350,154.75,200,1300,816950
NIFTY03NOV2217800PE.NFO,27/10/2022,09:36:23,154.7,154.4,700,154.75,50,1200,816950
NIFTY03NOV2217800PE.NFO,27/10/2022,09:36:25,155,154.5,200,154.85,50,1950,816950
NIFTY03NOV2217800PE.NFO,27/10/2022,09:36:26,154.65,154.6,200,154.9,50,500,816950
NIFTY03NOV2217800PE.NFO,27/10/2022,09:36:28,154.4,154.4,100,154.6,50,600,816950
NIFTY03NOV2217800PE.NFO,27/10/2022,09:36:30,154.05,154.05,150,154.5,300,1400,816950
NIFTY03NOV2217800PE.NFO,27/10/2022,09:36:31,153.95,153.65,650,154.15,850,650,816950
NIFTY03NOV2217800PE.NFO,27/10/2022,09:36:33,154.15,154.1,250,154.4,200,450,816950
NIFTY03NOV2217800PE.NFO,27/10/2022,09:36:35,154.05,153.4,100,153.7,50,50,816950
NIFTY03NOV2217800PE.NFO,27/10/2022,09:36:36,154.3,153.9,600,154.25,50,1350,816950
NIFTY03NOV2217800PE.NFO,27/10/2022,09:36:38,153.9,154,200,154.3,50,50,816950
NIFTY03NOV2217800PE.NFO,27/10/2022,09:36:40,153.95,153.65,200,153.9,50,250,816950
NIFTY03NOV2217800PE.NFO,27/10/2022,09:36:41,153.9,153.95,50,154.1,50,150,816950
NIFTY03NOV2217800PE.NFO,27/10/2022,09:36:43,153.9,153.55,200,153.85,50,50,816950
NIFTY03NOV2217800PE.NFO,27/10/2022,09:36:45,154,153.75,250,154.15,350,1000,816950
NIFTY03NOV2217800PE.NFO,27/10/2022,09:36:46,154.1,154.2,50,154.4,300,350,816950
NIFTY03NOV2217800PE.NFO,27/10/2022,09:36:48,153.8,153.85,200,154.2,450,250,816950
NIFTY03NOV2217800PE.NFO,27/10/2022,09:36:50,153.7,153.6,50,153.75,50,200,816950
NIFTY03NOV2217800PE.NFO,27/10/2022,09:36:51,153.55,153.35,250,153.6,100,150,816950
NIFTY03NOV2217800PE.NFO,27/10/2022,09:36:53,153.9,153.55,400,153.9,250,500,816950
NIFTY03NOV2217800PE.NFO,27/10/2022,09:36:55,153.65,153.6,450,153.9,150,350,816950
NIFTY03NOV2217800PE.NFO,27/10/2022,09:36:56,154.1,153.7,50,154,100,2950,816950
NIFTY03NOV2217800PE.NFO,27/10/2022,09:36:58,154.1,154,50,154.25,50,0,816950
NIFTY03NOV2217800PE.NFO,27/10/2022,09:37:00,153.65,153.5,50,153.8,50,100,816950
NIFTY03NOV2217800PE.NFO,27/10/2022,09:37:01,153.1,153.15,250,153.25,50,500,816950
NIFTY03NOV2217800PE.NFO,27/10/2022,09:37:03,153.35,153.3,1650,153.7,300,150,816950
NIFTY03NOV2217800PE.NFO,27/10/2022,09:37:05,152.7,152.65,250,152.9,50,2000,816950
NIFTY03NOV2217800PE.NFO,27/10/2022,09:37:06,152.45,152.45,200,152.75,50,800,816950
NIFTY03NOV2217800PE.NFO,27/10/2022,09:37:08,152.7,152.7,200,152.95,150,900,816950
NIFTY03NOV2217800PE.NFO,27/10/2022,09:37:10,153.15,152.75,250,153.15,500,900,816950
NIFTY03NOV2217800PE.NFO,27/10/2022,09:37:11,153.15,152.65,400,153.05,550,0,816950
NIFTY03NOV2217800PE.NFO,27/10/2022,09:37:13,152.45,152.45,50,152.7,50,100,816950
NIFTY03NOV2217800PE.NFO,27/10/2022,09:37:15,151.9,151.75,150,152.1,100,2250,816950
NIFTY03NOV2217800PE.NFO,27/10/2022,09:37:16,151.55,151.65,50,151.8,150,3150,816950
NIFTY03NOV2217800PE.NFO,27/10/2022,09:37:18,151.55,151.5,150,151.7,350,650,816950
NIFTY03NOV2217800PE.NFO,27/10/2022,09:37:20,152.15,152.05,50,152.35,250,550,816950
NIFTY03NOV2217800PE.NFO,27/10/2022,09:37:21,152.35,152.2,750,152.5,200,100,816950
NIFTY03NOV2217800PE.NFO,27/10/2022,09:37:23,152.35,152.25,750,152.6,750,0,816950
NIFTY03NOV2217800PE.NFO,27/10/2022,09:37:25,152.35,152.4,50,152.75,600,0,816950
NIFTY03NOV2217800PE.NFO,27/10/2022,09:37:26,152.95,152.9,50,153,100,700,816950
NIFTY03NOV2217800PE.NFO,27/10/2022,09:37:28,153.2,152.85,50,153.2,100,150,816950
NIFTY03NOV2217800PE.NFO,27/10/2022,09:37:30,153.05,153.1,150,153.4,100,200,816950
NIFTY03NOV2217800PE.NFO,27/10/2022,09:37:31,153.4,152.85,50,153.15,150,150,816950
NIFTY03NOV2217800PE.NFO,27/10/2022,09:37:33,152.75,152.4,250,152.75,500,350,816950
NIFTY03NOV2217800PE.NFO,27/10/2022,09:37:35,152.8,152.55,50,152.7,50,350,816950
NIFTY03NOV2217800PE.NFO,27/10/2022,09:37:36,152.35,152.35,200,152.55,50,1200,816950
NIFTY03NOV2217800PE.NFO,27/10/2022,09:37:38,152.6,152.1,300,152.45,350,100,816950
NIFTY03NOV2217800PE.NFO,27/10/2022,09:37:40,152.6,152.4,100,152.7,350,100,816950
NIFTY03NOV2217800PE.NFO,27/10/2022,09:37:41,152.6,152.4,50,152.65,250,0,816950
NIFTY03NOV2217800PE.NFO,27/10/2022,09:37:43,153.1,152.7,550,153,950,250,816950
NIFTY03NOV2217800PE.NFO,27/10/2022,09:37:45,152.95,152.95,50,153.2,650,50,816950
NIFTY03NOV2217800PE.NFO,27/10/2022,09:37:46,153.2,153.15,50,153.3,750,450,816950
NIFTY03NOV2217800PE.NFO,27/10/2022,09:37:48,153.5,153.25,50,153.55,250,250,816950
NIFTY03NOV2217800PE.NFO,27/10/2022,09:37:50,153.35,153.05,300,153.4,250,250,816950
NIFTY03NOV2217800PE.NFO,27/10/2022,09:37:51,152.75,152.75,150,153.15,100,300,816950
NIFTY03NOV2217800PE.NFO,27/10/2022,09:37:53,153.2,153.2,50,153.25,300,200,816950
NIFTY03NOV2217800PE.NFO,27/10/2022,09:37:55,152.7,152.7,350,152.85,50,750,816950
NIFTY03NOV2217800PE.NFO,27/10/2022,09:37:56,152.35,152,200,152.35,350,1050,816950
NIFTY03NOV2217800PE.NFO,27/10/2022,09:37:58,152.35,152,200,152.35,400,100,816950
NIFTY03NOV2217800PE.NFO,27/10/2022,09:38:00,152.35,152,200,152.15,50,50,816950
NIFTY03NOV2217800PE.NFO,27/10/2022,09:38:01,151.1,151,1600,151.2,300,2200,816950
NIFTY03NOV2217800PE.NFO,27/10/2022,09:38:03,150.9,151.1,150,151.35,250,6600,816950
NIFTY03NOV2217800PE.NFO,27/10/2022,09:38:05,151.05,150.35,100,150.65,150,650,816950
NIFTY03NOV2217800PE.NFO,27/10/2022,09:38:06,150.5,150.5,400,150.8,50,500,816950
NIFTY03NOV2217800PE.NFO,27/10/2022,09:38:08,150.85,150.55,550,150.9,250,1900,816950
NIFTY03NOV2217800PE.NFO,27/10/2022,09:38:10,150.5,150.55,150,150.85,50,850,816950
NIFTY03NOV2217800PE.NFO,27/10/2022,09:38:12,150.8,150.4,250,150.75,100,1700,816950
NIFTY03NOV2217800PE.NFO,27/10/2022,09:38:13,150.35,150.15,50,150.4,50,2000,816950
NIFTY03NOV2217800PE.NFO,27/10/2022,09:38:15,150.4,150.35,50,150.7,250,2900,816950
NIFTY03NOV2217800PE.NFO,27/10/2022,09:38:17,150.7,150.45,50,150.55,50,950,816950
NIFTY03NOV2217800PE.NFO,27/10/2022,09:38:18,150.5,150.3,350,150.65,100,200,816950
NIFTY03NOV2217800PE.NFO,27/10/2022,09:38:20,150.15,150.2,600,150.65,250,3350,816950
NIFTY03NOV2217800PE.NFO,27/10/2022,09:38:22,150.3,150.15,350,150.45,50,1950,816950
NIFTY03NOV2217800PE.NFO,27/10/2022,09:38:23,150.5,150.2,650,150.5,100,250,816950
NIFTY03NOV2217800PE.NFO,27/10/2022,09:38:25,152.6,152.45,50,152.65,100,700,816950
NIFTY03NOV2217800PE.NFO,27/10/2022,09:38:27,152.95,152.75,200,153,100,1850,816950
NIFTY03NOV2217800PE.NFO,27/10/2022,09:38:28,152.05,151.8,150,152.1,250,300,834700
NIFTY03NOV2217800PE.NFO,27/10/2022,09:38:30,151.75,151.8,450,152.2,200,950,834700
NIFTY03NOV2217800PE.NFO,27/10/2022,09:38:32,151.6,151.55,50,151.6,750,900,834700
NIFTY03NOV2217800PE.NFO,27/10/2022,09:38:33,151.6,151.75,50,152,150,1500,834700
NIFTY03NOV2217800PE.NFO,27/10/2022,09:38:35,152.3,151.9,50,152.2,100,350,834700
NIFTY03NOV2217800PE.NFO,27/10/2022,09:38:37,152.95,152.5,250,152.8,200,750,834700
NIFTY03NOV2217800PE.NFO,27/10/2022,09:38:38,152.65,152.4,550,152.75,50,100,834700
NIFTY03NOV2217800PE.NFO,27/10/2022,09:38:40,152.4,152.15,50,152.4,350,300,834700
NIFTY03NOV2217800PE.NFO,27/10/2022,09:38:42,152.1,152.05,150,152.4,400,950,834700
NIFTY03NOV2217800PE.NFO,27/10/2022,09:38:43,152.35,152.05,250,152.4,400,100,834700
NIFTY03NOV2217800PE.NFO,27/10/2022,09:38:45,152.2,152.1,50,152.3,50,150,834700
NIFTY03NOV2217800PE.NFO,27/10/2022,09:38:46,151.5,151.45,200,151.75,50,500,834700
NIFTY03NOV2217800PE.NFO,27/10/2022,09:38:48,151.5,151.3,50,151.5,100,350,834700
NIFTY03NOV2217800PE.NFO,27/10/2022,09:38:50,150.5,150.4,350,150.8,850,700,834700
NIFTY03NOV2217800PE.NFO,27/10/2022,09:38:51,150.85,150.95,300,151.15,50,150,834700
NIFTY03NOV2217800PE.NFO,27/10/2022,09:38:53,150.9,150.5,150,150.75,100,1350,834700
NIFTY03NOV2217800PE.NFO,27/10/2022,09:38:55,150.5,150.15,150,150.45,100,500,834700
NIFTY03NOV2217800PE.NFO,27/10/2022,09:38:56,150.7,150.55,50,150.9,900,5950,834700
NIFTY03NOV2217800PE.NFO,27/10/2022,09:38:58,150.75,150.4,200,150.75,400,550,834700
NIFTY03NOV2217800PE.NFO,27/10/2022,09:39:00,150.5,150.75,450,151,50,250,834700
NIFTY03NOV2217800PE.NFO,27/10/2022,09:39:01,150.5,150.55,50,150.75,50,200,834700
NIFTY03NOV2217800PE.NFO,27/10/2022,09:39:03,150.8,150.8,200,151.2,500,800,834700
NIFTY03NOV2217800PE.NFO,27/10/2022,09:39:05,150.9,151,50,151.35,450,550,834700
NIFTY03NOV2217800PE.NFO,27/10/2022,09:39:06,150.5,150.55,300,150.9,200,1450,834700
NIFTY03NOV2217800PE.NFO,27/10/2022,09:39:08,150.55,150.75,50,151.15,650,150,834700
NIFTY03NOV2217800PE.NFO,27/10/2022,09:39:10,151,150.7,200,150.95,150,1100,834700
NIFTY03NOV2217800PE.NFO,27/10/2022,09:39:11,150.9,150.7,200,151.05,400,50,834700
NIFTY03NOV2217800PE.NFO,27/10/2022,09:39:13,151.35,151.25,50,151.45,400,400,834700
NIFTY03NOV2217800PE.NFO,27/10/2022,09:39:14,150.95,150.6,350,150.9,400,650,834700
NIFTY03NOV2217800PE.NFO,27/10/2022,09:39:16,151,150.8,150,151.1,150,1300,834700
NIFTY03NOV2217800PE.NFO,27/10/2022,09:39:18,152,151.75,400,152.05,150,850,834700
NIFTY03NOV2217800PE.NFO,27/10/2022,09:39:19,152.1,151.9,400,152.35,350,400,834700
NIFTY03NOV2217800PE.NFO,27/10/2022,09:39:21,152.55,152.35,50,152.7,300,1400,834700
NIFTY03NOV2217800PE.NFO,27/10/2022,09:39:23,152.15,152.2,50,152.45,250,450,834700
NIFTY03NOV2217800PE.NFO,27/10/2022,09:39:24,152.35,151.85,250,152.15,550,250,834700
NIFTY03NOV2217800PE.NFO,27/10/2022,09:39:26,152,152,50,152.1,50,300,834700
NIFTY03NOV2217800PE.NFO,27/10/2022,09:39:28,151.75,151.2,900,151.55,50,2150,834700
NIFTY03NOV2217800PE.NFO,27/10/2022,09:39:29,152.1,151.75,400,152.1,300,250,834700
NIFTY03NOV2217800PE.NFO,27/10/2022,09:39:31,151.55,151.2,500,151.45,50,50,834700
NIFTY03NOV2217800PE.NFO,27/10/2022,09:39:33,152.05,152.1,100,152.35,200,250,834700
NIFTY03NOV2217800PE.NFO,27/10/2022,09:39:34,152.6,152.05,250,152.3,100,450,834700
NIFTY03NOV2217800PE.NFO,27/10/2022,09:39:36,151.65,151.6,50,151.9,250,350,834700
NIFTY03NOV2217800PE.NFO,27/10/2022,09:39:38,152.15,151.6,150,152,100,1000,834700
NIFTY03NOV2217800PE.NFO,27/10/2022,09:39:39,151.95,151.65,50,151.7,50,50,834700
NIFTY03NOV2217800PE.NFO,27/10/2022,09:39:41,151.75,151.45,250,151.75,50,3000,834700
NIFTY03NOV2217800PE.NFO,27/10/2022,09:39:43,151.55,151.15,300,151.55,550,1950,834700
NIFTY03NOV2217800PE.NFO,27/10/2022,09:39:44,150.9,150.9,250,151.2,1150,1150,834700
NIFTY03NOV2217800PE.NFO,27/10/2022,09:39:46,150.9,150.6,100,150.95,150,600,834700
NIFTY03NOV2217800PE.NFO,27/10/2022,09:39:48,150.5,150.4,150,150.75,100,800,834700
NIFTY03NOV2217800PE.NFO,27/10/2022,09:39:49,150.6,150.3,150,150.6,350,3700,834700
NIFTY03NOV2217800PE.NFO,27/10/2022,09:39:51,150.3,150.25,250,150.5,100,300,834700
NIFTY03NOV2217800PE.NFO,27/10/2022,09:39:53,150.55,150.55,200,150.8,400,100,834700
NIFTY03NOV2217800PE.NFO,27/10/2022,09:39:54,150.45,150.4,150,150.75,100,200,834700
NIFTY03NOV2217800PE.NFO,27/10/2022,09:39:56,150.45,150.7,50,150.95,600,0,834700
NIFTY03NOV2217800PE.NFO,27/10/2022,09:39:58,150.45,150.8,50,150.95,900,0,834700
NIFTY03NOV2217800PE.NFO,27/10/2022,09:39:59,150.6,150.55,100,150.85,400,150,834700
NIFTY03NOV2217800PE.NFO,27/10/2022,09:40:01,150.4,150.45,50,150.7,50,550,834700
NIFTY03NOV2217800PE.NFO,27/10/2022,09:40:03,150.85,150.5,150,150.8,300,550,834700
NIFTY03NOV2217800PE.NFO,27/10/2022,09:40:04,151.15,150.95,50,151.2,50,1350,834700
NIFTY03NOV2217800PE.NFO,27/10/2022,09:40:06,151.8,151.8,100,152,50,1200,834700
NIFTY03NOV2217800PE.NFO,27/10/2022,09:40:08,151.55,151.6,250,151.95,650,600,834700
NIFTY03NOV2217800PE.NFO,27/10/2022,09:40:09,151.4,151.3,200,151.65,650,50,834700
NIFTY03NOV2217800PE.NFO,27/10/2022,09:40:11,151.05,151,350,151.3,100,50,834700
NIFTY03NOV2217800PE.NFO,27/10/2022,09:40:13,151.4,151.5,400,151.8,200,250,834700
NIFTY03NOV2217800PE.NFO,27/10/2022,09:40:14,151.8,151.7,500,151.95,250,150,834700
NIFTY03NOV2217800PE.NFO,27/10/2022,09:40:16,151.9,151.85,550,152.2,250,100,834700
NIFTY03NOV2217800PE.NFO,27/10/2022,09:40:18,151.85,151.7,50,151.95,50,150,834700
NIFTY03NOV2217800PE.NFO,27/10/2022,09:40:20,152,152.3,50,152.55,50,200,834700
NIFTY03NOV2217800PE.NFO,27/10/2022,09:40:21,152,151.95,150,152.3,350,700,834700
NIFTY03NOV2217800PE.NFO,27/10/2022,09:40:23,152.2,151.8,550,152,50,100,834700
NIFTY03NOV2217800PE.NFO,27/10/2022,09:40:25,151.15,150.95,250,151.35,450,3400,834700
NIFTY03NOV2217800PE.NFO,27/10/2022,09:40:26,151.05,150.8,150,151.05,300,800,834700
NIFTY03NOV2217800PE.NFO,27/10/2022,09:40:28,151,150.9,500,151.25,100,50,834700
NIFTY03NOV2217800PE.NFO,27/10/2022,09:40:30,151.8,151.2,1950,151.6,400,100,834700
NIFTY03NOV2217800PE.NFO,27/10/2022,09:40:31,151.9,151.5,50,151.8,550,700,834700
NIFTY03NOV2217800PE.NFO,27/10/2022,09:40:33,151.8,151.4,350,151.8,600,1850,834700
NIFTY03NOV2217800PE.NFO,27/10/2022,09:40:35,151.7,151.55,850,152,550,400,834700
NIFTY03NOV2217800PE.NFO,27/10/2022,09:40:36,151.8,151.75,50,152.05,200,250,834700
NIFTY03NOV2217800PE.NFO,27/10/2022,09:40:38,151.7,151.65,50,151.95,350,200,834700
NIFTY03NOV2217800PE.NFO,27/10/2022,09:40:39,151.7,151.7,50,151.95,350,0,834700
NIFTY03NOV2217800PE.NFO,27/10/2022,09:40:41,151.7,151.3,350,151.65,400,100,834700
NIFTY03NOV2217800PE.NFO,27/10/2022,09:40:43,151.35,151.6,600,151.95,350,50,834700
NIFTY03NOV2217800PE.NFO,27/10/2022,09:40:44,151.3,151.05,50,151.25,50,100,834700
NIFTY03NOV2217800PE.NFO,27/10/2022,09:40:46,151,150.8,50,151,500,600,834700
NIFTY03NOV2217800PE.NFO,27/10/2022,09:40:48,151.6,151.45,50,151.75,250,2050,834700
NIFTY03NOV2217800PE.NFO,27/10/2022,09:40:49,151.45,151.4,50,151.7,500,650,834700
NIFTY03NOV2217800PE.NFO,27/10/2022,09:40:51,151,151,200,151.35,50,700,834700
NIFTY03NOV2217800PE.NFO,27/10/2022,09:40:53,151.35,151.15,350,151.4,10000,150,834700
NIFTY03NOV2217800PE.NFO,27/10/2022,09:40:54,150.7,150.8,400,151,9000,2100,834700
NIFTY03NOV2217800PE.NFO,27/10/2022,09:40:56,150.85,150.6,50,150.85,100,450,834700
NIFTY03NOV2217800PE.NFO,27/10/2022,09:40:58,150.7,150.7,50,150.9,200,19200,834700
NIFTY03NOV2217800PE.NFO,27/10/2022,09:40:59,150.5,150.2,200,150.5,100,100,834700
NIFTY03NOV2217800PE.NFO,27/10/2022,09:41:01,149.8,149.7,1450,149.95,300,3250,834700
NIFTY03NOV2217800PE.NFO,27/10/2022,09:41:03,150.2,150,350,150.25,300,350,834700
NIFTY03NOV2217800PE.NFO,27/10/2022,09:41:04,150.45,150,100,150.15,50,1400,834700
NIFTY03NOV2217800PE.NFO,27/10/2022,09:41:06,149.65,149.15,100,149.35,50,150,834700
NIFTY03NOV2217800PE.NFO,27/10/2022,09:41:08,149.2,149.2,750,149.5,500,600,834700
NIFTY03NOV2217800PE.NFO,27/10/2022,09:41:09,148.5,148.35,650,148.75,800,3350,834700
NIFTY03NOV2217800PE.NFO,27/10/2022,09:41:11,148.55,148.3,50,148.6,250,650,834700
NIFTY03NOV2217800PE.NFO,27/10/2022,09:41:13,149.1,148.95,150,149.2,50,1550,834700
NIFTY03NOV2217800PE.NFO,27/10/2022,09:41:14,149.2,149.25,450,149.55,50,700,834700
NIFTY03NOV2217800PE.NFO,27/10/2022,09:41:16,149.95,149.5,250,149.85,550,850,834700
NIFTY03NOV2217800PE.NFO,27/10/2022,09:41:18,150.05,149.95,50,150.25,150,550,834700
NIFTY03NOV2217800PE.NFO,27/10/2022,09:41:19,149.4,149,300,149.35,300,900,834700
NIFTY03NOV2217800PE.NFO,27/10/2022,09:41:21,149,149.1,1550,149.4,50,300,834700
NIFTY03NOV2217800PE.NFO,27/10/2022,09:41:23,149.4,149.05,50,149.35,400,300,834700
NIFTY03NOV2217800PE.NFO,27/10/2022,09:41:24,149.3,149.5,50,149.75,250,250,834700
NIFTY03NOV2217800PE.NFO,27/10/2022,09:41:26,149.55,149.6,300,149.95,200,100,834700
NIFTY03NOV2217800PE.NFO,27/10/2022,09:41:28,150.1,149.5,50,149.9,50,400,834700
NIFTY03NOV2217800PE.NFO,27/10/2022,09:41:29,149.3,149.2,600,149.35,50,450,858250
NIFTY03NOV2217800PE.NFO,27/10/2022,09:41:31,149,149,3400,149.05,100,1400,858250
NIFTY03NOV2217800PE.NFO,27/10/2022,09:41:33,149.2,148.9,100,149.2,150,4350,858250
NIFTY03NOV2217800PE.NFO,27/10/2022,09:41:34,149.05,149,250,149.25,200,2250,858250
NIFTY03NOV2217800PE.NFO,27/10/2022,09:41:36,148.75,148.75,100,149,300,350,858250
NIFTY03NOV2217800PE.NFO,27/10/2022,09:41:38,148.25,148.15,50,148.4,100,4850,858250
NIFTY03NOV2217800PE.NFO,27/10/2022,09:41:39,148.15,148.15,50,148.35,50,150,858250
NIFTY03NOV2217800PE.NFO,27/10/2022,09:41:41,148,148,1700,148.3,300,900,858250
NIFTY03NOV2217800PE.NFO,27/10/2022,09:41:43,148,147.95,350,148.35,200,2900,858250
NIFTY03NOV2217800PE.NFO,27/10/2022,09:41:44,148,148.05,250,148.45,100,500,858250
NIFTY03NOV2217800PE.NFO,27/10/2022,09:41:46,148.05,148,250,148.35,300,200,858250
NIFTY03NOV2217800PE.NFO,27/10/2022,09:41:48,147.95,147.4,50,147.7,300,1000,858250
NIFTY03NOV2217800PE.NFO,27/10/2022,09:41:49,148,147.65,250,148,450,1750,858250
NIFTY03NOV2217800PE.NFO,27/10/2022,09:41:51,148.35,148,200,148.4,500,100,858250
NIFTY03NOV2217800PE.NFO,27/10/2022,09:41:53,147.9,147.95,50,148.25,550,500,858250
NIFTY03NOV2217800PE.NFO,27/10/2022,09:41:54,147.85,148.05,50,148.3,250,650,858250
NIFTY03NOV2217800PE.NFO,27/10/2022,09:41:56,148.35,148.45,100,148.75,150,500,858250
NIFTY03NOV2217800PE.NFO,27/10/2022,09:41:58,148.8,148.55,50,148.85,450,1200,858250
NIFTY03NOV2217800PE.NFO,27/10/2022,09:41:59,148.3,148.2,200,148.5,2050,1200,858250
NIFTY03NOV2217800PE.NFO,27/10/2022,09:42:01,148.45,148.15,300,148.5,450,600,858250
NIFTY03NOV2217800PE.NFO,27/10/2022,09:42:03,148.55,148.05,250,148.4,400,300,858250
NIFTY03NOV2217800PE.NFO,27/10/2022,09:42:04,148.45,148.3,100,148.5,1000,450,858250
NIFTY03NOV2217800PE.NFO,27/10/2022,09:42:06,148.35,148.35,50,148.7,600,1900,858250
NIFTY03NOV2217800PE.NFO,27/10/2022,09:42:08,149,149.1,100,149.4,300,250,858250
NIFTY03NOV2217800PE.NFO,27/10/2022,09:42:09,149.15,149.05,150,149.4,200,100,858250
NIFTY03NOV2217800PE.NFO,27/10/2022,09:42:11,149.45,149,300,149.3,250,4500,858250
NIFTY03NOV2217800PE.NFO,27/10/2022,09:42:13,149.45,149.3,300,149.65,250,200,858250
NIFTY03NOV2217800PE.NFO,27/10/2022,09:42:14,149.3,149.15,300,149.35,250,500,858250
NIFTY03NOV2217800PE.NFO,27/10/2022,09:42:16,149.25,149.25,50,149.55,250,450,858250
NIFTY03NOV2217800PE.NFO,27/10/2022,09:42:18,149.15,149.1,300,149.45,100,900,858250
NIFTY03NOV2217800PE.NFO,27/10/2022,09:42:19,149.45,149.15,300,149.45,150,200,858250
NIFTY03NOV2217800PE.NFO,27/10/2022,09:42:21,149.3,149.35,100,149.7,400,400,858250
NIFTY03NOV2217800PE.NFO,27/10/2022,09:42:23,149.6,149.6,400,149.9,150,250,858250
NIFTY03NOV2217800PE.NFO,27/10/2022,09:42:24,150,149.85,50,150.1,300,550,858250
NIFTY03NOV2217800PE.NFO,27/10/2022,09:42:26,150.1,149.85,100,150.2,550,100,858250
NIFTY03NOV2217800PE.NFO,27/10/2022,09:42:28,149.9,149.75,450,150.1,150,100,858250
NIFTY03NOV2217800PE.NFO,27/10/2022,09:42:29,149.8,149.75,350,150.1,50,200,858250
NIFTY03NOV2217800PE.NFO,27/10/2022,09:42:31,150.45,150.15,150,150.45,100,350,858250
NIFTY03NOV2217800PE.NFO,27/10/2022,09:42:33,150.9,150.6,50,150.7,250,400,858250
NIFTY03NOV2217800PE.NFO,27/10/2022,09:42:34,150.95,150.7,300,151,350,300,858250
NIFTY03NOV2217800PE.NFO,27/10/2022,09:42:36,151,150.85,150,151.2,700,600,858250
NIFTY03NOV2217800PE.NFO,27/10/2022,09:42:38,150.95,150.8,550,151.2,1100,50,858250
NIFTY03NOV2217800PE.NFO,27/10/2022,09:42:39,151.15,150.85,50,151.15,50,100,858250
NIFTY03NOV2217800PE.NFO,27/10/2022,09:42:41,151.15,151.3,50,151.55,50,650,858250
NIFTY03NOV2217800PE.NFO,27/10/2022,09:42:43,151.15,151.3,50,151.4,50,550,858250
NIFTY03NOV2217800PE.NFO,27/10/2022,09:42:44,151.4,151.25,50,151.55,700,150,858250
NIFTY03NOV2217800PE.NFO,27/10/2022,09:42:46,151,150.65,100,151,500,1800,858250
NIFTY03NOV2217800PE.NFO,27/10/2022,09:42:48,150.55,150.45,250,150.85,350,1650,858250
NIFTY03NOV2217800PE.NFO,27/10/2022,09:42:49,150.7,150.55,150,150.9,850,450,858250
NIFTY03NOV2217800PE.NFO,27/10/2022,09:42:51,150.2,150.45,50,150.8,300,600,858250
NIFTY03NOV2217800PE.NFO,27/10/2022,09:42:53,150.75,151,50,151.15,50,1050,858250
NIFTY03NOV2217800PE.NFO,27/10/2022,09:42:54,151.45,151.25,50,151.5,100,250,858250
NIFTY03NOV2217800PE.NFO,27/10/2022,09:42:56,151.2,151.2,50,151.55,350,950,858250
NIFTY03NOV2217800PE.NFO,27/10/2022,09:42:58,151.4,151.05,100,151.4,200,550,858250
NIFTY03NOV2217800PE.NFO,27/10/2022,09:42:59,151.5,150.95,100,151.3,150,800,858250
NIFTY03NOV2217800PE.NFO,27/10/2022,09:43:01,151.25,150.95,150,151.2,250,350,858250
NIFTY03NOV2217800PE.NFO,27/10/2022,09:43:03,150.8,150.85,250,151.1,50,2150,858250
NIFTY03NOV2217800PE.NFO,27/10/2022,09:43:04,151,150.8,100,151.05,300,1650,858250
NIFTY03NOV2217800PE.NFO,27/10/2022,09:43:06,150.1,149.85,200,150.2,400,1350,858250
NIFTY03NOV2217800PE.NFO,27/10/2022,09:43:08,150.55,150.25,250,150.6,250,1200,858250
NIFTY03NOV2217800PE.NFO,27/10/2022,09:43:09,150.25,150.15,400,150.5,50,100,858250
NIFTY03NOV2217800PE.NFO,27/10/2022,09:43:11,150.65,150.35,200,150.65,50,100,858250
NIFTY03NOV2217800PE.NFO,27/10/2022,09:43:13,150.8,150.35,250,150.7,50,1800,858250
NIFTY03NOV2217800PE.NFO,27/10/2022,09:43:14,150.8,150.5,100,150.9,600,0,858250
NIFTY03NOV2217800PE.NFO,27/10/2022,09:43:16,150.9,150.6,50,150.95,250,150,858250
NIFTY03NOV2217800PE.NFO,27/10/2022,09:43:18,150.65,150.65,50,151,150,100,858250
NIFTY03NOV2217800PE.NFO,27/10/2022,09:43:19,150.8,150.5,200,150.85,250,150,858250
NIFTY03NOV2217800PE.NFO,27/10/2022,09:43:21,150.8,150.5,50,150.8,50,0,858250
NIFTY03NOV2217800PE.NFO,27/10/2022,09:43:23,150.5,150.6,50,150.95,150,550,858250
NIFTY03NOV2217800PE.NFO,27/10/2022,09:43:24,150.5,150.5,50,150.6,50,0,858250
NIFTY03NOV2217800PE.NFO,27/10/2022,09:43:26,150.25,150.1,150,150.35,50,1600,858250
NIFTY03NOV2217800PE.NFO,27/10/2022,09:43:28,150.5,150.05,200,150.45,50,1650,858250
NIFTY03NOV2217800PE.NFO,27/10/2022,09:43:29,150,150,1450,150.25,50,100,858250
NIFTY03NOV2217800PE.NFO,27/10/2022,09:43:31,150.55,150.5,750,150.9,250,200,858250
NIFTY03NOV2217800PE.NFO,27/10/2022,09:43:33,150.5,150.55,50,150.8,200,100,858250
NIFTY03NOV2217800PE.NFO,27/10/2022,09:43:34,150.5,150.4,550,150.8,250,0,858250
NIFTY03NOV2217800PE.NFO,27/10/2022,09:43:36,150.7,150.4,500,150.85,500,3150,858250
NIFTY03NOV2217800PE.NFO,27/10/2022,09:43:38,150.85,150.3,550,150.7,200,200,858250
NIFTY03NOV2217800PE.NFO,27/10/2022,09:43:39,151,150.8,650,151.2,350,200,858250
NIFTY03NOV2217800PE.NFO,27/10/2022,09:43:41,150.85,150.8,700,151.2,350,150,858250
NIFTY03NOV2217800PE.NFO,27/10/2022,09:43:43,150.65,150.6,150,150.75,50,500,858250
NIFTY03NOV2217800PE.NFO,27/10/2022,09:43:44,151.3,151,150,151.4,250,400,858250
NIFTY03NOV2217800PE.NFO,27/10/2022,09:43:46,150.7,150.7,550,151,100,1800,858250
NIFTY03NOV2217800PE.NFO,27/10/2022,09:43:48,151.2,150.65,250,151,300,50,858250
NIFTY03NOV2217800PE.NFO,27/10/2022,09:43:49,150.65,150.6,350,150.9,100,400,858250
NIFTY03NOV2217800PE.NFO,27/10/2022,09:43:51,150.55,150.55,150,150.9,550,850,858250
NIFTY03NOV2217800PE.NFO,27/10/2022,09:43:53,150.95,150.8,100,151,200,150,858250
NIFTY03NOV2217800PE.NFO,27/10/2022,09:43:54,151.15,150.7,100,151.05,550,400,858250
NIFTY03NOV2217800PE.NFO,27/10/2022,09:43:56,151.4,151,50,151.4,150,500,858250
NIFTY03NOV2217800PE.NFO,27/10/2022,09:43:58,151.35,151.2,400,151.5,500,150,858250
NIFTY03NOV2217800PE.NFO,27/10/2022,09:43:59,151.75,151.45,150,151.75,150,600,858250
NIFTY03NOV2217800PE.NFO,27/10/2022,09:44:01,151.75,151.05,200,151.35,150,0,858250
NIFTY03NOV2217800PE.NFO,27/10/2022,09:44:03,151.05,151.05,50,151.25,50,650,858250
NIFTY03NOV2217800PE.NFO,27/10/2022,09:44:04,151.3,151.3,350,151.65,150,200,858250
NIFTY03NOV2217800PE.NFO,27/10/2022,09:44:06,151,150.65,600,151.05,100,700,858250
NIFTY03NOV2217800PE.NFO,27/10/2022,09:44:08,151.55,151.25,50,151.5,250,2250,858250
NIFTY03NOV2217800PE.NFO,27/10/2022,09:44:09,151.3,151.25,50,151.4,200,150,858250
NIFTY03NOV2217800PE.NFO,27/10/2022,09:44:11,151.55,151.4,50,151.5,250,500,858250
NIFTY03NOV2217800PE.NFO,27/10/2022,09:44:13,150.95,150.85,50,151.05,50,1000,858250
NIFTY03NOV2217800PE.NFO,27/10/2022,09:44:14,150.8,150.5,100,150.55,50,400,858250
NIFTY03NOV2217800PE.NFO,27/10/2022,09:44:16,149.95,149.7,2400,150.05,300,5450,858250
NIFTY03NOV2217800PE.NFO,27/10/2022,09:44:18,150,149.95,400,150.3,250,100,858250
NIFTY03NOV2217800PE.NFO,27/10/2022,09:44:19,150.3,150.15,850,150.55,150,1700,858250
NIFTY03NOV2217800PE.NFO,27/10/2022,09:44:21,150.75,150.4,300,150.75,200,350,858250
NIFTY03NOV2217800PE.NFO,27/10/2022,09:44:23,150.7,150.35,450,150.7,50,150,858250
NIFTY03NOV2217800PE.NFO,27/10/2022,09:44:24,150.6,150.45,50,150.65,50,150,858250
NIFTY03NOV2217800PE.NFO,27/10/2022,09:44:26,150.6,150.2,500,150.3,200,0,858250
NIFTY03NOV2217800PE.NFO,27/10/2022,09:44:28,150.2,150.2,300,150.5,50,250,858250
NIFTY03NOV2217800PE.NFO,27/10/2022,09:44:29,150.1,149.75,50,150.1,150,800,885100
NIFTY03NOV2217800PE.NFO,27/10/2022,09:44:31,150,150,200,150.1,200,300,885100
NIFTY03NOV2217800PE.NFO,27/10/2022,09:44:33,149.4,149.3,550,149.65,150,1600,885100
NIFTY03NOV2217800PE.NFO,27/10/2022,09:44:34,149.75,149.4,500,149.8,200,750,885100
NIFTY03NOV2217800PE.NFO,27/10/2022,09:44:36,149.75,149.4,300,149.75,350,200,885100
NIFTY03NOV2217800PE.NFO,27/10/2022,09:44:38,149.65,149.5,350,149.8,150,150,885100
NIFTY03NOV2217800PE.NFO,27/10/2022,09:44:39,150,149.95,50,150.2,1000,2850,885100
NIFTY03NOV2217800PE.NFO,27/10/2022,09:44:41,150.2,150.05,50,150.35,100,1050,885100
NIFTY03NOV2217800PE.NFO,27/10/2022,09:44:43,150.4,150.3,50,150.6,250,200,885100
NIFTY03NOV2217800PE.NFO,27/10/2022,09:44:44,150.35,150.2,50,150.45,50,1050,885100
NIFTY03NOV2217800PE.NFO,27/10/2022,09:44:46,150.2,149.95,200,150.15,150,50,885100
NIFTY03NOV2217800PE.NFO,27/10/2022,09:44:48,150.6,150.5,900,150.8,50,550,885100
NIFTY03NOV2217800PE.NFO,27/10/2022,09:44:49,150.4,150.3,350,150.5,100,700,885100
NIFTY03NOV2217800PE.NFO,27/10/2022,09:44:51,150.25,150.2,150,150.3,200,150,885100
NIFTY03NOV2217800PE.NFO,27/10/2022,09:44:53,150.2,149.85,50,150.25,100,150,885100
NIFTY03NOV2217800PE.NFO,27/10/2022,09:44:54,149.25,149.2,350,149.55,150,400,885100
NIFTY03NOV2217800PE.NFO,27/10/2022,09:44:56,149,148.65,400,149,200,1350,885100
NIFTY03NOV2217800PE.NFO,27/10/2022,09:44:58,148.85,148.8,1000,149.05,50,150,885100
NIFTY03NOV2217800PE.NFO,27/10/2022,09:44:59,149.25,148.7,200,149,50,400,885100
NIFTY03NOV2217800PE.NFO,27/10/2022,09:45:01,148.6,148.3,200,148.65,50,2500,885100
NIFTY03NOV2217800PE.NFO,27/10/2022,09:45:03,148.35,148.05,200,148.4,150,1300,885100
NIFTY03NOV2217800PE.NFO,27/10/2022,09:45:04,147.8,147.55,350,147.9,200,4900,885100
NIFTY03NOV2217800PE.NFO,27/10/2022,09:45:06,147.25,146.95,100,147.3,200,5050,885100
NIFTY03NOV2217800PE.NFO,27/10/2022,09:45:08,147.05,147.05,150,147.4,400,1950,885100
NIFTY03NOV2217800PE.NFO,27/10/2022,09:45:09,147.45,147.1,300,147.55,300,900,885100
NIFTY03NOV2217800PE.NFO,27/10/2022,09:45:11,147.25,146.9,50,147.15,150,100,885100
NIFTY03NOV2217800PE.NFO,27/10/2022,09:45:13,147.05,146.95,50,147.25,150,2300,885100
NIFTY03NOV2217800PE.NFO,27/10/2022,09:45:14,146.7,146.65,600,147,200,2050,885100
NIFTY03NOV2217800PE.NFO,27/10/2022,09:45:16,146.8,146.85,200,147.15,50,1850,885100
NIFTY03NOV2217800PE.NFO,27/10/2022,09:45:18,147.2,147.1,400,147.45,50,250,885100
NIFTY03NOV2217800PE.NFO,27/10/2022,09:45:19,147.3,147.1,250,147.55,450,650,885100
NIFTY03NOV2217800PE.NFO,27/10/2022,09:45:21,147.15,146.85,250,147.1,300,850,885100
NIFTY03NOV2217800PE.NFO,27/10/2022,09:45:23,146.9,146.7,900,146.95,200,600,885100
NIFTY03NOV2217800PE.NFO,27/10/2022,09:45:24,146.7,146.5,350,146.85,200,250,885100
NIFTY03NOV2217800PE.NFO,27/10/2022,09:45:26,147.05,147,250,147.35,200,400,885100
NIFTY03NOV2217800PE.NFO,27/10/2022,09:45:28,147.1,147,100,147.1,50,250,885100
NIFTY03NOV2217800PE.NFO,27/10/2022,09:45:29,147.05,147.2,850,147.65,300,50,885100
NIFTY03NOV2217800PE.NFO,27/10/2022,09:45:31,147.6,147.8,50,148,300,300,885100
NIFTY03NOV2217800PE.NFO,27/10/2022,09:45:33,147.7,147.75,100,147.95,100,600,885100
NIFTY03NOV2217800PE.NFO,27/10/2022,09:45:34,147.95,147.95,50,148.3,250,650,885100
NIFTY03NOV2217800PE.NFO,27/10/2022,09:45:36,147.85,147.75,100,148,450,450,885100
NIFTY03NOV2217800PE.NFO,27/10/2022,09:45:38,148,147.7,50,148.05,250,200,885100
NIFTY03NOV2217800PE.NFO,27/10/2022,09:45:39,148.35,147.95,650,148.4,550,100,885100
NIFTY03NOV2217800PE.NFO,27/10/2022,09:45:41,148.25,148.25,250,148.6,700,500,885100
NIFTY03NOV2217800PE.NFO,27/10/2022,09:45:43,148.75,148.6,100,148.95,250,700,885100
NIFTY03NOV2217800PE.NFO,27/10/2022,09:45:44,149.05,149.05,100,149.2,250,400,885100
NIFTY03NOV2217800PE.NFO,27/10/2022,09:45:46,149.1,148.7,50,149.05,200,750,885100
NIFTY03NOV2217800PE.NFO,27/10/2022,09:45:48,148.85,148.85,200,149.15,350,650,885100
NIFTY03NOV2217800PE.NFO,27/10/2022,09:45:49,148.9,149.2,150,149.55,350,350,885100
NIFTY03NOV2217800PE.NFO,27/10/2022,09:45:51,149.65,149.65,250,150,100,1050,885100
NIFTY03NOV2217800PE.NFO,27/10/2022,09:45:53,150.05,149.85,200,150.2,450,850,885100
NIFTY03NOV2217800PE.NFO,27/10/2022,09:45:54,149.9,149.85,450,150.2,250,100,885100
NIFTY03NOV2217800PE.NFO,27/10/2022,09:45:56,150.25,150,200,150.25,50,200,885100
NIFTY03NOV2217800PE.NFO,27/10/2022,09:45:58,150.2,150.2,150,150.55,50,750,885100
NIFTY03NOV2217800PE.NFO,27/10/2022,09:45:59,150,150.1,850,150.4,300,150,885100
NIFTY03NOV2217800PE.NFO,27/10/2022,09:46:01,150.75,150.65,100,150.95,150,950,885100
NIFTY03NOV2217800PE.NFO,27/10/2022,09:46:03,150.15,150.75,50,151.15,350,2900,885100
NIFTY03NOV2217800PE.NFO,27/10/2022,09:46:04,150.9,150.6,350,150.9,100,550,885100
NIFTY03NOV2217800PE.NFO,27/10/2022,09:46:06,151.35,151.2,200,151.45,50,2550,885100
NIFTY03NOV2217800PE.NFO,27/10/2022,09:46:08,151.5,151.15,50,151.4,300,700,885100
NIFTY03NOV2217800PE.NFO,27/10/2022,09:46:09,151.2,151.2,1000,151.6,850,2450,885100
NIFTY03NOV2217800PE.NFO,27/10/2022,09:46:11,151.5,151.25,350,151.65,500,950,885100
NIFTY03NOV2217800PE.NFO,27/10/2022,09:46:13,151.7,151,100,151.3,50,950,885100
NIFTY03NOV2217800PE.NFO,27/10/2022,09:46:14,151.15,151.15,350,151.5,150,700,885100
NIFTY03NOV2217800PE.NFO,27/10/2022,09:46:16,151.8,151.45,350,151.85,500,900,885100
NIFTY03NOV2217800PE.NFO,27/10/2022,09:46:18,151.45,151.45,250,151.6,100,3950,885100
NIFTY03NOV2217800PE.NFO,27/10/2022,09:46:19,151.75,151.55,600,151.9,250,600,885100
NIFTY03NOV2217800PE.NFO,27/10/2022,09:46:21,152.35,152.1,200,152.5,200,550,885100
NIFTY03NOV2217800PE.NFO,27/10/2022,09:46:23,152.95,152.7,400,152.95,100,1000,885100
NIFTY03NOV2217800PE.NFO,27/10/2022,09:46:24,153.6,153.2,400,153.55,50,3600,885100
NIFTY03NOV2217800PE.NFO,27/10/2022,09:46:26,153.4,153.2,350,153.6,650,1400,885100
NIFTY03NOV2217800PE.NFO,27/10/2022,09:46:28,154.05,153.85,200,154.25,50,4850,885100
NIFTY03NOV2217800PE.NFO,27/10/2022,09:46:29,154.35,154.2,250,154.5,50,1450,885100
NIFTY03NOV2217800PE.NFO,27/10/2022,09:46:31,154.7,154.05,250,154.35,100,700,885100
NIFTY03NOV2217800PE.NFO,27/10/2022,09:46:33,154,153.8,400,154.2,250,3300,885100
NIFTY03NOV2217800PE.NFO,27/10/2022,09:46:34,155.1,155.05,50,155.35,300,2150,885100
NIFTY03NOV2217800PE.NFO,27/10/2022,09:46:36,154.25,154.15,200,154.45,100,3200,885100
NIFTY03NOV2217800PE.NFO,27/10/2022,09:46:38,155.05,154.75,500,155.15,350,1000,885100
NIFTY03NOV2217800PE.NFO,27/10/2022,09:46:39,154.8,154.5,100,154.8,100,650,885100
NIFTY03NOV2217800PE.NFO,27/10/2022,09:46:41,154.8,154.75,150,155,1400,2050,885100
NIFTY03NOV2217800PE.NFO,27/10/2022,09:46:43,154.35,154.25,200,154.55,50,150,885100
NIFTY03NOV2217800PE.NFO,27/10/2022,09:46:44,155,155,100,155.25,350,2800,885100
NIFTY03NOV2217800PE.NFO,27/10/2022,09:46:46,154.55,154.45,750,154.85,50,1900,885100
NIFTY03NOV2217800PE.NFO,27/10/2022,09:46:48,155.05,154.9,50,155.15,350,1850,885100
NIFTY03NOV2217800PE.NFO,27/10/2022,09:46:49,155,154.95,200,155.3,300,2450,885100
NIFTY03NOV2217800PE.NFO,27/10/2022,09:46:51,154.95,154.6,50,154.95,100,1650,885100
NIFTY03NOV2217800PE.NFO,27/10/2022,09:46:53,154.8,154.85,400,155.25,50,4300,885100
NIFTY03NOV2217800PE.NFO,27/10/2022,09:46:54,155.5,155.25,400,155.65,100,950,885100
NIFTY03NOV2217800PE.NFO,27/10/2022,09:46:56,155.5,155.15,50,155.5,150,2000,885100
NIFTY03NOV2217800PE.NFO,27/10/2022,09:46:58,155.65,155.4,50,155.75,400,2700,885100
NIFTY03NOV2217800PE.NFO,27/10/2022,09:46:59,155.2,155.2,150,155.55,500,2700,885100
NIFTY03NOV2217800PE.NFO,27/10/2022,09:47:01,155,154.75,1100,155,50,2750,885100
NIFTY03NOV2217800PE.NFO,27/10/2022,09:47:03,155.05,155.05,800,155.35,400,2200,885100
NIFTY03NOV2217800PE.NFO,27/10/2022,09:47:04,154.9,154.9,50,155.2,400,700,885100
NIFTY03NOV2217800PE.NFO,27/10/2022,09:47:06,155.4,154.85,400,155,500,650,885100
NIFTY03NOV2217800PE.NFO,27/10/2022,09:47:08,154.8,154.8,250,155.1,50,1350,885100
NIFTY03NOV2217800PE.NFO,27/10/2022,09:47:09,154.5,154.5,250,154.8,100,1000,885100
NIFTY03NOV2217800PE.NFO,27/10/2022,09:47:11,154.45,154.45,600,154.8,100,900,885100
NIFTY03NOV2217800PE.NFO,27/10/2022,09:47:13,154.85,154.8,50,154.95,350,650,885100
NIFTY03NOV2217800PE.NFO,27/10/2022,09:47:14,154.95,154.7,250,154.95,200,350,885100
NIFTY03NOV2217800PE.NFO,27/10/2022,09:47:16,154.95,154.5,400,154.8,50,0,885100
NIFTY03NOV2217800PE.NFO,27/10/2022,09:47:18,155,154.55,150,154.95,250,1100,885100
NIFTY03NOV2217800PE.NFO,27/10/2022,09:47:19,154.55,154.35,50,154.7,300,300,885100
NIFTY03NOV2217800PE.NFO,27/10/2022,09:47:21,154.35,154.25,200,154.5,150,850,885100
NIFTY03NOV2217800PE.NFO,27/10/2022,09:47:23,154.6,154.55,50,154.9,250,250,885100
NIFTY03NOV2217800PE.NFO,27/10/2022,09:47:24,154.2,154.3,250,154.65,50,50,885100
NIFTY03NOV2217800PE.NFO,27/10/2022,09:47:26,154.5,154.25,100,154.6,200,600,885100
NIFTY03NOV2217800PE.NFO,27/10/2022,09:47:28,153.75,153.3,1400,153.55,50,2950,885100
NIFTY03NOV2217800PE.NFO,27/10/2022,09:47:29,153.75,153.7,200,154,2100,0,885100
NIFTY03NOV2217800PE.NFO,27/10/2022,09:47:31,153.95,153.3,50,153.55,150,350,905350
NIFTY03NOV2217800PE.NFO,27/10/2022,09:47:33,153.25,153.35,350,153.65,150,50,905350
NIFTY03NOV2217800PE.NFO,27/10/2022,09:47:34,153,152.85,250,153.2,250,450,905350
NIFTY03NOV2217800PE.NFO,27/10/2022,09:47:36,153.25,153.05,150,153.2,50,200,905350
NIFTY03NOV2217800PE.NFO,27/10/2022,09:47:38,152.95,152.65,250,152.95,50,800,905350
NIFTY03NOV2217800PE.NFO,27/10/2022,09:47:39,153,153.05,250,153.35,50,200,905350
NIFTY03NOV2217800PE.NFO,27/10/2022,09:47:41,153,152.9,50,153.2,200,600,905350
NIFTY03NOV2217800PE.NFO,27/10/2022,09:47:42,153.55,153.3,50,153.55,150,250,905350
NIFTY03NOV2217800PE.NFO,27/10/2022,09:47:44,153.45,153,50,153.35,300,100,905350
NIFTY03NOV2217800PE.NFO,27/10/2022,09:47:46,153.3,152.85,250,153.3,1050,150,905350
NIFTY03NOV2217800PE.NFO,27/10/2022,09:47:47,153.1,152.9,700,153.3,500,50,905350
NIFTY03NOV2217800PE.NFO,27/10/2022,09:47:49,153.25,152.9,150,153.25,250,200,905350
NIFTY03NOV2217800PE.NFO,27/10/2022,09:47:51,152.3,152.3,100,152.55,200,850,905350
NIFTY03NOV2217800PE.NFO,27/10/2022,09:47:52,152.9,152.2,450,152.55,50,650,905350
NIFTY03NOV2217800PE.NFO,27/10/2022,09:47:54,153.05,152.65,50,153.05,400,700,905350
NIFTY03NOV2217800PE.NFO,27/10/2022,09:47:56,152.95,153,200,153.15,300,50,905350
NIFTY03NOV2217800PE.NFO,27/10/2022,09:47:57,152.9,153.35,50,153.65,250,2300,905350
NIFTY03NOV2217800PE.NFO,27/10/2022,09:47:59,153.5,153.1,500,153.5,400,250,905350
NIFTY03NOV2217800PE.NFO,27/10/2022,09:48:00,153.55,153.3,50,153.5,150,200,905350
NIFTY03NOV2217800PE.NFO,27/10/2022,09:48:02,153.25,153.1,400,153.3,100,400,905350
NIFTY03NOV2217800PE.NFO,27/10/2022,09:48:04,152.75,152.15,350,152.4,50,950,905350
NIFTY03NOV2217800PE.NFO,27/10/2022,09:48:05,152.95,152.65,350,152.95,150,300,905350
NIFTY03NOV2217800PE.NFO,27/10/2022,09:48:07,152.5,152.55,350,152.85,50,600,905350
NIFTY03NOV2217800PE.NFO,27/10/2022,09:48:09,153.05,152.75,50,153.1,100,2650,905350
NIFTY03NOV2217800PE.NFO,27/10/2022,09:48:10,152.7,152.65,200,152.95,200,150,905350
NIFTY03NOV2217800PE.NFO,27/10/2022,09:48:12,152.7,152.65,450,153,150,0,905350
NIFTY03NOV2217800PE.NFO,27/10/2022,09:48:14,152.9,152.3,400,152.7,50,2400,905350
