Ticker,Date,Time,LTP,BuyPrice,BuyQty,SellPrice,SellQty,LTQ,OpenInterest
NIFTY13OCT2217200PE.NFO,11/10/2022,09:15:00,101.2,97.75,1150,101.35,400,19050,4531850
NIFTY13OCT2217200PE.NFO,11/10/2022,09:15:00,97.7,97.75,1150,101.35,400,0,4531850
NIFTY13OCT2217200PE.NFO,11/10/2022,09:15:00,106.6,97.75,1150,101.35,400,0,4531850
NIFTY13OCT2217200PE.NFO,11/10/2022,09:15:00,97,97.75,1150,101.35,400,0,4531850
NIFTY13OCT2217200PE.NFO,11/10/2022,09:15:01,107.1,105.7,2000,107.05,300,12600,4531850
NIFTY13OCT2217200PE.NFO,11/10/2022,09:15:01,108.55,105.7,2000,107.05,300,0,4531850
NIFTY13OCT2217200PE.NFO,11/10/2022,09:15:03,107.8,107.75,150,108.2,100,29100,4531850
NIFTY13OCT2217200PE.NFO,11/10/2022,09:15:03,111.2,107.75,150,108.2,100,0,4531850
NIFTY13OCT2217200PE.NFO,11/10/2022,09:15:05,114.85,114.35,100,114.65,200,53000,4531850
NIFTY13OCT2217200PE.NFO,11/10/2022,09:15:05,116.55,114.35,100,114.65,200,0,4531850
NIFTY13OCT2217200PE.NFO,11/10/2022,09:15:06,118.8,117.7,600,118.65,200,36250,4531850
NIFTY13OCT2217200PE.NFO,11/10/2022,09:15:06,118.9,117.7,600,118.65,200,0,4531850
NIFTY13OCT2217200PE.NFO,11/10/2022,09:15:08,113,112.8,400,113,50,40550,4531850
NIFTY13OCT2217200PE.NFO,11/10/2022,09:15:10,111.25,111.2,100,111.6,450,32250,4531850
NIFTY13OCT2217200PE.NFO,11/10/2022,09:15:11,111.9,111.55,350,111.9,850,52900,4531850
NIFTY13OCT2217200PE.NFO,11/10/2022,09:15:13,116.9,116.95,400,117.55,750,71600,4531850
NIFTY13OCT2217200PE.NFO,11/10/2022,09:15:14,119.35,119.1,200,119.55,50,56450,4531850
NIFTY13OCT2217200PE.NFO,11/10/2022,09:15:14,119.8,119.1,200,119.55,50,0,4531850
NIFTY13OCT2217200PE.NFO,11/10/2022,09:15:15,120.05,120.1,50,120.75,100,39500,4531850
NIFTY13OCT2217200PE.NFO,11/10/2022,09:15:15,121.85,120.1,50,120.75,100,0,4531850
NIFTY13OCT2217200PE.NFO,11/10/2022,09:15:17,120.35,120.2,50,120.6,100,53200,4531850
NIFTY13OCT2217200PE.NFO,11/10/2022,09:15:17,122,120.2,50,120.6,100,0,4531850
NIFTY13OCT2217200PE.NFO,11/10/2022,09:15:18,121.15,120.75,100,121.2,50,64000,4531850
NIFTY13OCT2217200PE.NFO,11/10/2022,09:15:19,120,119.75,250,120.05,100,51450,4531850
NIFTY13OCT2217200PE.NFO,11/10/2022,09:15:21,120.45,120.4,50,120.7,100,48900,4531850
NIFTY13OCT2217200PE.NFO,11/10/2022,09:15:22,122.25,122.25,50,122.5,150,64300,4531850
NIFTY13OCT2217200PE.NFO,11/10/2022,09:15:22,123,122.25,50,122.5,150,0,4531850
NIFTY13OCT2217200PE.NFO,11/10/2022,09:15:23,122.4,122.5,100,122.9,100,52300,4531850
NIFTY13OCT2217200PE.NFO,11/10/2022,09:15:23,123.4,122.5,100,122.9,100,0,4531850
NIFTY13OCT2217200PE.NFO,11/10/2022,09:15:25,127.2,126.75,150,127.2,50,62000,4531850
NIFTY13OCT2217200PE.NFO,11/10/2022,09:15:25,127.2,126.75,150,127.2,50,0,4531850
NIFTY13OCT2217200PE.NFO,11/10/2022,09:15:26,125.45,125.45,100,125.75,150,55650,4531850
NIFTY13OCT2217200PE.NFO,11/10/2022,09:15:26,127.25,125.45,100,125.75,150,0,4531850
NIFTY13OCT2217200PE.NFO,11/10/2022,09:15:28,124.85,124.6,150,124.85,50,95600,4531850
NIFTY13OCT2217200PE.NFO,11/10/2022,09:15:30,120.8,120.8,1150,121.35,200,60650,4531850
NIFTY13OCT2217200PE.NFO,11/10/2022,09:15:31,120.7,120.15,100,120.7,700,32500,4531850
NIFTY13OCT2217200PE.NFO,11/10/2022,09:15:32,120,120,4700,120.4,200,31950,4531850
NIFTY13OCT2217200PE.NFO,11/10/2022,09:15:33,119.6,119.05,350,119.65,1900,26050,4531850
NIFTY13OCT2217200PE.NFO,11/10/2022,09:15:34,118.9,118.85,200,119.1,100,11700,4531850
NIFTY13OCT2217200PE.NFO,11/10/2022,09:15:36,118.25,117.75,100,118.25,50,29850,4531850
NIFTY13OCT2217200PE.NFO,11/10/2022,09:15:37,115.8,115.5,150,115.75,100,22500,4531850
NIFTY13OCT2217200PE.NFO,11/10/2022,09:15:39,115.1,114.75,250,115.1,50,33200,4531850
NIFTY13OCT2217200PE.NFO,11/10/2022,09:15:40,114.8,114.4,550,114.8,550,42350,4531850
NIFTY13OCT2217200PE.NFO,11/10/2022,09:15:42,117.85,117.6,250,118.15,100,52450,4531850
NIFTY13OCT2217200PE.NFO,11/10/2022,09:15:43,117.8,117.8,50,118.3,200,50700,4531850
NIFTY13OCT2217200PE.NFO,11/10/2022,09:15:45,117.4,117.2,700,117.45,50,65200,4531850
NIFTY13OCT2217200PE.NFO,11/10/2022,09:15:46,115.8,115.45,100,115.85,100,51550,4531850
NIFTY13OCT2217200PE.NFO,11/10/2022,09:15:48,115.45,115,100,115.45,1250,48000,4531850
NIFTY13OCT2217200PE.NFO,11/10/2022,09:15:49,112.4,112.4,100,112.9,250,40850,4531850
NIFTY13OCT2217200PE.NFO,11/10/2022,09:15:50,112.15,111.65,200,112.1,350,17950,4531850
NIFTY13OCT2217200PE.NFO,11/10/2022,09:15:52,111.05,111.25,150,111.4,200,18450,4531850
NIFTY13OCT2217200PE.NFO,11/10/2022,09:15:53,112.55,112.55,100,112.8,200,40050,4531850
NIFTY13OCT2217200PE.NFO,11/10/2022,09:15:55,113.7,113.7,100,114.1,200,44150,4531850
NIFTY13OCT2217200PE.NFO,11/10/2022,09:15:56,115.3,115.25,50,115.6,400,18550,4531850
NIFTY13OCT2217200PE.NFO,11/10/2022,09:15:57,116,115.6,150,116,1450,24150,4531850
NIFTY13OCT2217200PE.NFO,11/10/2022,09:15:59,115.85,115.45,100,115.9,300,21150,4531850
NIFTY13OCT2217200PE.NFO,11/10/2022,09:16:00,116,116,1600,116.35,150,22800,4531850
NIFTY13OCT2217200PE.NFO,11/10/2022,09:16:01,115.15,115.1,400,115.35,50,49650,4531850
NIFTY13OCT2217200PE.NFO,11/10/2022,09:16:03,117.2,117.2,250,117.45,50,27800,4531850
NIFTY13OCT2217200PE.NFO,11/10/2022,09:16:04,117.8,117.6,50,117.8,50,40750,4531850
NIFTY13OCT2217200PE.NFO,11/10/2022,09:16:05,119.95,119.7,300,120,6250,33750,4531850
NIFTY13OCT2217200PE.NFO,11/10/2022,09:16:07,120.1,120.05,150,120.25,50,27300,4531850
NIFTY13OCT2217200PE.NFO,11/10/2022,09:16:08,121.2,121.25,50,121.55,200,34750,4531850
NIFTY13OCT2217200PE.NFO,11/10/2022,09:16:09,119.2,119.15,100,119.4,400,20150,4531850
NIFTY13OCT2217200PE.NFO,11/10/2022,09:16:11,120.35,120.1,50,120.4,350,25600,4531850
NIFTY13OCT2217200PE.NFO,11/10/2022,09:16:12,121.1,120.95,50,121.15,150,15700,4531850
NIFTY13OCT2217200PE.NFO,11/10/2022,09:16:13,121.4,121.2,100,121.45,100,20900,4531850
NIFTY13OCT2217200PE.NFO,11/10/2022,09:16:15,121.55,121.7,50,121.85,150,15000,4531850
NIFTY13OCT2217200PE.NFO,11/10/2022,09:16:16,121.85,121.85,50,121.9,50,30450,4531850
NIFTY13OCT2217200PE.NFO,11/10/2022,09:16:17,123.3,123.05,200,123.3,150,21800,4531850
NIFTY13OCT2217200PE.NFO,11/10/2022,09:16:19,121.9,121.9,1000,122,100,39500,4531850
NIFTY13OCT2217200PE.NFO,11/10/2022,09:16:20,122.6,122.65,50,122.95,50,21500,4531850
NIFTY13OCT2217200PE.NFO,11/10/2022,09:16:21,122.85,122.9,150,123.15,50,24650,4531850
NIFTY13OCT2217200PE.NFO,11/10/2022,09:16:22,123.3,123.2,150,123.35,100,20550,4531850
NIFTY13OCT2217200PE.NFO,11/10/2022,09:16:23,123.15,123.2,150,123.4,50,18350,4531850
NIFTY13OCT2217200PE.NFO,11/10/2022,09:16:25,123.75,123.75,150,124,1650,20650,4531850
NIFTY13OCT2217200PE.NFO,11/10/2022,09:16:26,124.1,124,50,124.2,100,22200,4531850
NIFTY13OCT2217200PE.NFO,11/10/2022,09:16:27,124.45,124.45,50,124.7,100,20250,4531850
NIFTY13OCT2217200PE.NFO,11/10/2022,09:16:29,124.1,124,250,124.2,250,44350,4531850
NIFTY13OCT2217200PE.NFO,11/10/2022,09:16:30,123.75,123.8,50,124,250,24750,4531850
NIFTY13OCT2217200PE.NFO,11/10/2022,09:16:32,121,121.15,50,121.45,250,73900,4531850
NIFTY13OCT2217200PE.NFO,11/10/2022,09:16:33,122.35,122.4,200,122.65,400,33600,4531850
NIFTY13OCT2217200PE.NFO,11/10/2022,09:16:34,123.35,123.3,100,123.55,250,19450,4531850
NIFTY13OCT2217200PE.NFO,11/10/2022,09:16:36,120.75,120.6,200,120.75,50,22050,4531850
NIFTY13OCT2217200PE.NFO,11/10/2022,09:16:37,121.1,121.15,250,121.4,200,49900,4531850
NIFTY13OCT2217200PE.NFO,11/10/2022,09:16:38,121.3,121.2,300,121.45,400,17100,4531850
NIFTY13OCT2217200PE.NFO,11/10/2022,09:16:39,120.65,120.7,100,121,1750,14550,4531850
NIFTY13OCT2217200PE.NFO,11/10/2022,09:16:41,120.3,120.15,150,120.4,150,15450,4531850
NIFTY13OCT2217200PE.NFO,11/10/2022,09:16:42,118.65,118.4,50,118.7,250,20900,4531850
NIFTY13OCT2217200PE.NFO,11/10/2022,09:16:43,118.35,118.1,150,118.35,250,25600,4531850
NIFTY13OCT2217200PE.NFO,11/10/2022,09:16:45,117.15,117.1,50,117.25,100,24300,4531850
NIFTY13OCT2217200PE.NFO,11/10/2022,09:16:46,117.5,117.55,50,117.6,50,32700,4531850
NIFTY13OCT2217200PE.NFO,11/10/2022,09:16:47,117.1,117.1,200,117.35,300,20450,4531850
NIFTY13OCT2217200PE.NFO,11/10/2022,09:16:49,117.55,117.55,50,117.75,50,9450,4531850
NIFTY13OCT2217200PE.NFO,11/10/2022,09:16:50,116.9,116.9,150,117.15,150,19750,4531850
NIFTY13OCT2217200PE.NFO,11/10/2022,09:16:51,117.65,117.75,50,118,200,27150,4531850
NIFTY13OCT2217200PE.NFO,11/10/2022,09:16:52,118.4,118.15,100,118.35,50,49850,4531850
NIFTY13OCT2217200PE.NFO,11/10/2022,09:16:54,119.45,119.5,200,119.7,50,37500,4531850
NIFTY13OCT2217200PE.NFO,11/10/2022,09:16:55,118.55,118.4,50,118.55,50,37000,4531850
NIFTY13OCT2217200PE.NFO,11/10/2022,09:16:57,118.05,118.15,50,118.3,50,20500,4531850
NIFTY13OCT2217200PE.NFO,11/10/2022,09:16:58,118.45,118.35,100,118.65,200,31150,4531850
NIFTY13OCT2217200PE.NFO,11/10/2022,09:17:00,117.4,117.3,150,117.5,200,32700,4531850
NIFTY13OCT2217200PE.NFO,11/10/2022,09:17:01,117.9,117.75,100,117.9,100,12950,4531850
NIFTY13OCT2217200PE.NFO,11/10/2022,09:17:03,119.05,119.1,100,119.25,250,27000,4531850
NIFTY13OCT2217200PE.NFO,11/10/2022,09:17:04,118.45,118.15,50,118.45,450,31250,4531850
NIFTY13OCT2217200PE.NFO,11/10/2022,09:17:06,118.6,118.6,100,118.7,150,59200,4531850
NIFTY13OCT2217200PE.NFO,11/10/2022,09:17:07,119,119,10200,119.05,250,20500,4531850
NIFTY13OCT2217200PE.NFO,11/10/2022,09:17:08,118.9,118.6,100,118.7,150,22650,4531850
NIFTY13OCT2217200PE.NFO,11/10/2022,09:17:10,118.55,118.35,50,118.55,150,9150,4531850
NIFTY13OCT2217200PE.NFO,11/10/2022,09:17:11,119.55,119.35,150,119.55,200,17000,4531850
NIFTY13OCT2217200PE.NFO,11/10/2022,09:17:13,121.2,120.95,400,121.2,200,38100,4531850
NIFTY13OCT2217200PE.NFO,11/10/2022,09:17:14,121.6,121.35,150,121.6,300,20400,4531850
NIFTY13OCT2217200PE.NFO,11/10/2022,09:17:15,121.5,121.25,300,121.5,150,16400,4531850
NIFTY13OCT2217200PE.NFO,11/10/2022,09:17:17,120.95,120.35,2400,120.6,250,10200,4531850
NIFTY13OCT2217200PE.NFO,11/10/2022,09:17:18,119.85,119.7,150,119.95,150,19200,4531850
NIFTY13OCT2217200PE.NFO,11/10/2022,09:17:19,119.05,118.95,150,119.2,50,20500,4531850
NIFTY13OCT2217200PE.NFO,11/10/2022,09:17:20,119.25,119.05,300,119.25,100,14600,4531850
NIFTY13OCT2217200PE.NFO,11/10/2022,09:17:22,119.55,119.6,100,119.8,50,20050,4531850
NIFTY13OCT2217200PE.NFO,11/10/2022,09:17:23,119.75,119.5,150,119.75,350,9750,4531850
NIFTY13OCT2217200PE.NFO,11/10/2022,09:17:24,118.9,118.8,50,118.9,50,20650,4531850
NIFTY13OCT2217200PE.NFO,11/10/2022,09:17:25,118.8,118.85,50,118.95,250,25100,4531850
NIFTY13OCT2217200PE.NFO,11/10/2022,09:17:27,119.3,119.05,250,119.3,100,14800,4531850
NIFTY13OCT2217200PE.NFO,11/10/2022,09:17:28,119.75,119.75,400,119.8,550,9100,4531850
NIFTY13OCT2217200PE.NFO,11/10/2022,09:17:30,122,121.75,200,121.9,50,28400,5373500
NIFTY13OCT2217200PE.NFO,11/10/2022,09:17:31,120.15,120.1,100,120.3,50,23800,5373500
NIFTY13OCT2217200PE.NFO,11/10/2022,09:17:32,120.1,120,1150,120.15,300,9150,5373500
NIFTY13OCT2217200PE.NFO,11/10/2022,09:17:33,119.55,119.8,100,120.05,100,13450,5373500
NIFTY13OCT2217200PE.NFO,11/10/2022,09:17:35,121,120.75,550,121,150,13700,5373500
NIFTY13OCT2217200PE.NFO,11/10/2022,09:17:36,121.9,121.8,150,121.9,100,7700,5373500
NIFTY13OCT2217200PE.NFO,11/10/2022,09:17:37,122.3,122.3,450,122.6,100,16250,5373500
NIFTY13OCT2217200PE.NFO,11/10/2022,09:17:38,122.25,122.35,850,122.45,50,7500,5373500
NIFTY13OCT2217200PE.NFO,11/10/2022,09:17:40,123,122.9,100,123,5800,11650,5373500
NIFTY13OCT2217200PE.NFO,11/10/2022,09:17:41,122.4,122.35,200,122.5,300,22450,5373500
NIFTY13OCT2217200PE.NFO,11/10/2022,09:17:42,122.25,122.1,100,122.25,50,12950,5373500
NIFTY13OCT2217200PE.NFO,11/10/2022,09:17:44,120.75,120.75,50,120.95,100,24250,5373500
NIFTY13OCT2217200PE.NFO,11/10/2022,09:17:45,120.35,120.4,150,120.6,250,9000,5373500
NIFTY13OCT2217200PE.NFO,11/10/2022,09:17:46,120.7,120.75,100,120.9,100,15050,5373500
NIFTY13OCT2217200PE.NFO,11/10/2022,09:17:47,121.5,121.25,100,121.5,100,11100,5373500
NIFTY13OCT2217200PE.NFO,11/10/2022,09:17:48,121.55,121.35,50,121.55,50,6350,5373500
NIFTY13OCT2217200PE.NFO,11/10/2022,09:17:49,121.15,121.15,100,121.4,50,11250,5373500
NIFTY13OCT2217200PE.NFO,11/10/2022,09:17:50,121.7,121.8,150,122,100,12850,5373500
NIFTY13OCT2217200PE.NFO,11/10/2022,09:17:52,121.2,121.15,50,121.2,250,8950,5373500
NIFTY13OCT2217200PE.NFO,11/10/2022,09:17:53,121.45,121.45,150,121.7,50,9950,5373500
NIFTY13OCT2217200PE.NFO,11/10/2022,09:17:54,118.75,118.6,200,118.8,100,42950,5373500
NIFTY13OCT2217200PE.NFO,11/10/2022,09:17:56,119.5,119.25,600,119.5,100,15700,5373500
NIFTY13OCT2217200PE.NFO,11/10/2022,09:17:57,118.55,118.3,300,118.55,50,21100,5373500
NIFTY13OCT2217200PE.NFO,11/10/2022,09:17:58,118.9,118.45,50,118.55,50,15650,5373500
NIFTY13OCT2217200PE.NFO,11/10/2022,09:18:00,118.35,118.05,50,118.2,50,8600,5373500
NIFTY13OCT2217200PE.NFO,11/10/2022,09:18:01,118.6,118.5,200,118.75,50,28000,5373500
NIFTY13OCT2217200PE.NFO,11/10/2022,09:18:03,118.45,118.35,150,118.55,150,19050,5373500
NIFTY13OCT2217200PE.NFO,11/10/2022,09:18:04,117.8,117.65,150,117.85,50,16950,5373500
NIFTY13OCT2217200PE.NFO,11/10/2022,09:18:05,119.45,119.45,50,119.6,150,18400,5373500
NIFTY13OCT2217200PE.NFO,11/10/2022,09:18:07,121,121.15,50,121.2,50,11750,5373500
NIFTY13OCT2217200PE.NFO,11/10/2022,09:18:08,121.05,121.05,50,121.15,50,11100,5373500
NIFTY13OCT2217200PE.NFO,11/10/2022,09:18:09,121.85,121.7,150,121.9,1050,10000,5373500
NIFTY13OCT2217200PE.NFO,11/10/2022,09:18:10,122.2,122.1,1600,122.45,200,22100,5373500
NIFTY13OCT2217200PE.NFO,11/10/2022,09:18:12,123.75,123.5,150,123.75,200,24550,5373500
NIFTY13OCT2217200PE.NFO,11/10/2022,09:18:13,124.9,124.65,50,124.85,300,34100,5373500
NIFTY13OCT2217200PE.NFO,11/10/2022,09:18:15,125.4,125.25,200,125.45,150,59300,5373500
NIFTY13OCT2217200PE.NFO,11/10/2022,09:18:16,125.2,124.9,300,125.15,50,39950,5373500
NIFTY13OCT2217200PE.NFO,11/10/2022,09:18:17,126.1,125.85,200,126.05,150,21800,5373500
NIFTY13OCT2217200PE.NFO,11/10/2022,09:18:19,125.9,125.7,50,125.95,200,27700,5373500
NIFTY13OCT2217200PE.NFO,11/10/2022,09:18:20,125.4,125.25,300,125.45,50,29100,5373500
NIFTY13OCT2217200PE.NFO,11/10/2022,09:18:22,124.95,124.95,4200,125.15,50,31150,5373500
NIFTY13OCT2217200PE.NFO,11/10/2022,09:18:23,124.45,124.35,250,124.45,150,13800,5373500
NIFTY13OCT2217200PE.NFO,11/10/2022,09:18:24,123.45,123.4,650,123.7,50,18150,5373500
NIFTY13OCT2217200PE.NFO,11/10/2022,09:18:25,121.05,121.25,200,121.45,50,20650,5373500
NIFTY13OCT2217200PE.NFO,11/10/2022,09:18:26,121.65,121.65,250,121.85,100,24700,5373500
NIFTY13OCT2217200PE.NFO,11/10/2022,09:18:27,122.8,122.7,100,122.95,550,10250,5373500
NIFTY13OCT2217200PE.NFO,11/10/2022,09:18:28,123,123,850,123.15,50,14250,5373500
NIFTY13OCT2217200PE.NFO,11/10/2022,09:18:30,123.45,123.45,150,123.65,150,17400,5373500
NIFTY13OCT2217200PE.NFO,11/10/2022,09:18:31,123.6,123.6,100,123.8,150,7900,5373500
NIFTY13OCT2217200PE.NFO,11/10/2022,09:18:32,123.05,122.9,150,123.05,50,13600,5373500
NIFTY13OCT2217200PE.NFO,11/10/2022,09:18:33,122.65,122.35,100,122.5,50,4200,5373500
NIFTY13OCT2217200PE.NFO,11/10/2022,09:18:34,121.7,121.5,50,121.75,350,16000,5373500
NIFTY13OCT2217200PE.NFO,11/10/2022,09:18:36,123.25,122.95,200,123.15,50,12400,5373500
NIFTY13OCT2217200PE.NFO,11/10/2022,09:18:37,123.95,123.95,550,124.2,250,17650,5373500
NIFTY13OCT2217200PE.NFO,11/10/2022,09:18:38,124.8,124.8,300,125,150,17700,5373500
NIFTY13OCT2217200PE.NFO,11/10/2022,09:18:39,124.85,124.95,150,125.05,50,15050,5373500
NIFTY13OCT2217200PE.NFO,11/10/2022,09:18:40,125.3,125.05,700,125.3,50,20600,5373500
NIFTY13OCT2217200PE.NFO,11/10/2022,09:18:41,124.35,124.15,150,124.35,100,13300,5373500
NIFTY13OCT2217200PE.NFO,11/10/2022,09:18:43,124.7,124.5,250,124.7,100,10850,5373500
NIFTY13OCT2217200PE.NFO,11/10/2022,09:18:44,124.2,123.95,250,124.2,450,23700,5373500
NIFTY13OCT2217200PE.NFO,11/10/2022,09:18:45,124.9,124.75,150,124.9,2050,13600,5373500
NIFTY13OCT2217200PE.NFO,11/10/2022,09:18:46,125.3,125.1,200,125.35,100,12150,5373500
NIFTY13OCT2217200PE.NFO,11/10/2022,09:18:47,125.35,125.4,400,125.65,450,14550,5373500
NIFTY13OCT2217200PE.NFO,11/10/2022,09:18:49,124.7,124.7,50,124.9,50,19550,5373500
NIFTY13OCT2217200PE.NFO,11/10/2022,09:18:50,124.45,124.35,150,124.5,50,19550,5373500
NIFTY13OCT2217200PE.NFO,11/10/2022,09:18:51,124.6,124.5,50,124.6,200,11700,5373500
NIFTY13OCT2217200PE.NFO,11/10/2022,09:18:52,125,125,50,125.1,150,22150,5373500
NIFTY13OCT2217200PE.NFO,11/10/2022,09:18:54,124.7,124.5,250,124.75,150,10800,5373500
NIFTY13OCT2217200PE.NFO,11/10/2022,09:18:55,124.25,124.2,200,124.25,50,10050,5373500
NIFTY13OCT2217200PE.NFO,11/10/2022,09:18:56,125.3,125.25,200,125.4,100,16650,5373500
NIFTY13OCT2217200PE.NFO,11/10/2022,09:18:57,124.55,124.3,100,124.45,350,6250,5373500
NIFTY13OCT2217200PE.NFO,11/10/2022,09:18:58,124.1,124.1,50,124.35,400,39150,5373500
NIFTY13OCT2217200PE.NFO,11/10/2022,09:19:00,121.25,121.4,200,121.55,100,80850,5373500
NIFTY13OCT2217200PE.NFO,11/10/2022,09:19:01,121.35,121.35,350,121.5,50,23500,5373500
NIFTY13OCT2217200PE.NFO,11/10/2022,09:19:02,122.3,122.35,50,122.6,400,35900,5373500
NIFTY13OCT2217200PE.NFO,11/10/2022,09:19:03,122.05,122,350,122.2,100,26650,5373500
NIFTY13OCT2217200PE.NFO,11/10/2022,09:19:05,122.8,122.8,350,123.1,150,17450,5373500
NIFTY13OCT2217200PE.NFO,11/10/2022,09:19:06,124.15,124.15,50,124.2,100,21450,5373500
NIFTY13OCT2217200PE.NFO,11/10/2022,09:19:07,125.4,125.45,550,125.7,100,26850,5373500
NIFTY13OCT2217200PE.NFO,11/10/2022,09:19:09,125.3,125.1,300,125.3,100,9850,5373500
NIFTY13OCT2217200PE.NFO,11/10/2022,09:19:10,125.95,125.8,200,125.95,100,12700,5373500
NIFTY13OCT2217200PE.NFO,11/10/2022,09:19:11,126.3,126.15,250,126.35,150,29650,5373500
NIFTY13OCT2217200PE.NFO,11/10/2022,09:19:13,127.2,127.05,50,127.2,100,26800,5373500
NIFTY13OCT2217200PE.NFO,11/10/2022,09:19:13,127.45,127.05,50,127.2,100,0,5373500
NIFTY13OCT2217200PE.NFO,11/10/2022,09:19:14,128.1,128.05,250,128.3,200,39150,5373500
NIFTY13OCT2217200PE.NFO,11/10/2022,09:19:14,128.5,128.05,250,128.3,200,0,5373500
NIFTY13OCT2217200PE.NFO,11/10/2022,09:19:16,128.85,128.7,150,128.85,150,32200,5373500
NIFTY13OCT2217200PE.NFO,11/10/2022,09:19:16,129.3,128.7,150,128.85,150,0,5373500
NIFTY13OCT2217200PE.NFO,11/10/2022,09:19:17,129.95,129.8,50,129.95,50,44350,5373500
NIFTY13OCT2217200PE.NFO,11/10/2022,09:19:17,130,129.8,50,129.95,50,0,5373500
NIFTY13OCT2217200PE.NFO,11/10/2022,09:19:19,129.9,129.9,50,130.1,100,52750,5373500
NIFTY13OCT2217200PE.NFO,11/10/2022,09:19:19,130.7,129.9,50,130.1,100,0,5373500
NIFTY13OCT2217200PE.NFO,11/10/2022,09:19:20,130.1,130.15,200,130.45,150,40000,5373500
NIFTY13OCT2217200PE.NFO,11/10/2022,09:19:20,131,130.15,200,130.45,150,0,5373500
NIFTY13OCT2217200PE.NFO,11/10/2022,09:19:21,130.45,130.25,150,130.5,200,28150,5373500
NIFTY13OCT2217200PE.NFO,11/10/2022,09:19:22,130.15,130,100,130.2,50,39150,5373500
NIFTY13OCT2217200PE.NFO,11/10/2022,09:19:23,129.85,129.55,500,129.85,150,47550,5373500
NIFTY13OCT2217200PE.NFO,11/10/2022,09:19:25,130,129.8,150,130,750,32550,5373500
NIFTY13OCT2217200PE.NFO,11/10/2022,09:19:26,129.9,129.95,100,130.2,350,24750,5373500
NIFTY13OCT2217200PE.NFO,11/10/2022,09:19:27,129.45,129.2,350,129.45,50,36650,5373500
NIFTY13OCT2217200PE.NFO,11/10/2022,09:19:28,129.4,129.25,50,129.4,500,27200,5373500
NIFTY13OCT2217200PE.NFO,11/10/2022,09:19:29,129.3,129.3,200,129.4,150,25400,5373500
NIFTY13OCT2217200PE.NFO,11/10/2022,09:19:31,129.75,129.7,250,129.9,50,18600,5373500
NIFTY13OCT2217200PE.NFO,11/10/2022,09:19:32,129.7,129.75,450,129.95,50,23700,5373500
NIFTY13OCT2217200PE.NFO,11/10/2022,09:19:33,128.5,128.25,200,128.5,100,31800,5373500
NIFTY13OCT2217200PE.NFO,11/10/2022,09:19:35,128.25,128.5,600,128.55,50,18250,5373500
NIFTY13OCT2217200PE.NFO,11/10/2022,09:19:36,127.35,127.3,50,127.55,200,16650,5373500
NIFTY13OCT2217200PE.NFO,11/10/2022,09:19:37,127.75,127.6,150,127.8,250,27500,5373500
NIFTY13OCT2217200PE.NFO,11/10/2022,09:19:38,127.95,127.95,100,128.15,200,17200,5373500
NIFTY13OCT2217200PE.NFO,11/10/2022,09:19:39,128.2,127.9,50,128.1,200,13150,5373500
NIFTY13OCT2217200PE.NFO,11/10/2022,09:19:40,128,127.9,100,128.15,100,16000,5373500
NIFTY13OCT2217200PE.NFO,11/10/2022,09:19:41,127.85,127.6,250,127.85,50,9150,5373500
NIFTY13OCT2217200PE.NFO,11/10/2022,09:19:42,128.3,127.95,100,128.15,350,10450,5373500
NIFTY13OCT2217200PE.NFO,11/10/2022,09:19:44,127.95,127.7,150,127.95,50,11000,5373500
NIFTY13OCT2217200PE.NFO,11/10/2022,09:19:45,126.6,126.3,400,126.6,1650,23150,5373500
NIFTY13OCT2217200PE.NFO,11/10/2022,09:19:46,127.05,127,750,127.2,50,21250,5373500
NIFTY13OCT2217200PE.NFO,11/10/2022,09:19:48,127.25,127.35,50,127.5,50,10900,5373500
NIFTY13OCT2217200PE.NFO,11/10/2022,09:19:49,127.15,127.15,1200,127.4,100,9650,5373500
NIFTY13OCT2217200PE.NFO,11/10/2022,09:19:50,126.25,126.4,150,126.55,50,7050,5373500
NIFTY13OCT2217200PE.NFO,11/10/2022,09:19:51,124.1,124.15,200,124.4,100,22450,5373500
NIFTY13OCT2217200PE.NFO,11/10/2022,09:19:53,123.85,123.85,200,124.1,200,14000,5373500
NIFTY13OCT2217200PE.NFO,11/10/2022,09:19:54,123.9,123.8,50,124,100,11600,5373500
NIFTY13OCT2217200PE.NFO,11/10/2022,09:19:55,126.3,126.3,200,126.4,100,26100,5373500
NIFTY13OCT2217200PE.NFO,11/10/2022,09:19:56,125.6,125.45,150,125.65,50,4800,5373500
NIFTY13OCT2217200PE.NFO,11/10/2022,09:19:58,125.95,125.9,200,126.1,250,8500,5373500
NIFTY13OCT2217200PE.NFO,11/10/2022,09:19:59,126.8,126.6,100,126.8,50,5500,5373500
NIFTY13OCT2217200PE.NFO,11/10/2022,09:20:00,127.1,126.85,50,127.1,650,14950,5373500
NIFTY13OCT2217200PE.NFO,11/10/2022,09:20:01,126.05,125.95,500,126.05,100,54750,5373500
NIFTY13OCT2217200PE.NFO,11/10/2022,09:20:02,126.55,126.55,100,126.7,50,39500,5373500
NIFTY13OCT2217200PE.NFO,11/10/2022,09:20:03,126.15,125.9,50,126.15,250,32950,5373500
NIFTY13OCT2217200PE.NFO,11/10/2022,09:20:05,125.5,125.5,1150,125.75,550,16450,5373500
NIFTY13OCT2217200PE.NFO,11/10/2022,09:20:06,125.25,125.05,200,125.2,100,15900,5373500
NIFTY13OCT2217200PE.NFO,11/10/2022,09:20:06,125.05,124.85,150,125.05,100,6100,5373500
NIFTY13OCT2217200PE.NFO,11/10/2022,09:20:07,125,125,100,125.05,100,32300,5373500
NIFTY13OCT2217200PE.NFO,11/10/2022,09:20:08,124.4,124.15,150,124.4,50,11150,5373500
NIFTY13OCT2217200PE.NFO,11/10/2022,09:20:09,124.6,124.35,50,124.6,250,10850,5373500
NIFTY13OCT2217200PE.NFO,11/10/2022,09:20:10,124.1,124,150,124.1,150,7500,5373500
NIFTY13OCT2217200PE.NFO,11/10/2022,09:20:12,124.55,124.55,100,124.7,300,15800,5373500
NIFTY13OCT2217200PE.NFO,11/10/2022,09:20:13,123.6,123.3,250,123.55,200,17900,5373500
NIFTY13OCT2217200PE.NFO,11/10/2022,09:20:14,121.4,121.25,50,121.4,100,30750,5373500
NIFTY13OCT2217200PE.NFO,11/10/2022,09:20:16,121,121,2650,121.15,150,13350,5373500
NIFTY13OCT2217200PE.NFO,11/10/2022,09:20:17,121.4,121.55,150,121.65,200,32300,5373500
NIFTY13OCT2217200PE.NFO,11/10/2022,09:20:18,121.25,121.2,1300,121.5,250,9700,5373500
NIFTY13OCT2217200PE.NFO,11/10/2022,09:20:19,122.95,122.75,200,123,350,16950,5373500
NIFTY13OCT2217200PE.NFO,11/10/2022,09:20:21,124.5,124.25,300,124.45,100,16850,5373500
NIFTY13OCT2217200PE.NFO,11/10/2022,09:20:22,126.9,126.55,50,126.75,200,25400,5373500
NIFTY13OCT2217200PE.NFO,11/10/2022,09:20:24,126.65,126.3,850,126.6,250,13150,5373500
NIFTY13OCT2217200PE.NFO,11/10/2022,09:20:25,126.45,126.4,200,126.6,250,9400,5373500
NIFTY13OCT2217200PE.NFO,11/10/2022,09:20:26,128,127.75,150,127.95,200,27050,5373500
NIFTY13OCT2217200PE.NFO,11/10/2022,09:20:27,127.55,127.55,300,127.8,400,13500,5373500
NIFTY13OCT2217200PE.NFO,11/10/2022,09:20:28,127.05,126.8,1300,127.05,150,9400,5373500
NIFTY13OCT2217200PE.NFO,11/10/2022,09:20:29,128.25,128.15,650,128.3,1800,19950,5619100
NIFTY13OCT2217200PE.NFO,11/10/2022,09:20:30,128.55,128.45,500,128.65,550,13250,5619100
NIFTY13OCT2217200PE.NFO,11/10/2022,09:20:32,128,127.75,500,128,50,14900,5619100
NIFTY13OCT2217200PE.NFO,11/10/2022,09:20:33,127.9,127.6,300,127.8,50,30700,5619100
NIFTY13OCT2217200PE.NFO,11/10/2022,09:20:34,126.8,126.8,100,126.85,150,6050,5619100
NIFTY13OCT2217200PE.NFO,11/10/2022,09:20:35,128.6,128.4,250,128.6,100,17550,5619100
NIFTY13OCT2217200PE.NFO,11/10/2022,09:20:36,128.85,128.6,200,128.85,400,11100,5619100
NIFTY13OCT2217200PE.NFO,11/10/2022,09:20:37,128.15,128.45,850,128.55,50,20300,5619100
NIFTY13OCT2217200PE.NFO,11/10/2022,09:20:38,128.35,128,300,128.25,500,9000,5619100
NIFTY13OCT2217200PE.NFO,11/10/2022,09:20:40,128.6,128.75,100,128.95,50,12200,5619100
NIFTY13OCT2217200PE.NFO,11/10/2022,09:20:40,129.15,129,450,129.25,200,12600,5619100
NIFTY13OCT2217200PE.NFO,11/10/2022,09:20:41,129,129,200,129.2,200,11200,5619100
NIFTY13OCT2217200PE.NFO,11/10/2022,09:20:42,128.3,128.3,300,128.45,150,15000,5619100
NIFTY13OCT2217200PE.NFO,11/10/2022,09:20:43,128.45,128.45,350,128.6,50,10550,5619100
NIFTY13OCT2217200PE.NFO,11/10/2022,09:20:44,128.15,128.15,150,128.4,500,13600,5619100
NIFTY13OCT2217200PE.NFO,11/10/2022,09:20:46,125.4,125.3,150,125.5,100,20500,5619100
NIFTY13OCT2217200PE.NFO,11/10/2022,09:20:47,124.6,124.6,150,124.75,2750,15300,5619100
NIFTY13OCT2217200PE.NFO,11/10/2022,09:20:48,123.7,123.7,350,123.95,1150,19550,5619100
NIFTY13OCT2217200PE.NFO,11/10/2022,09:20:49,123.85,123.65,900,123.85,850,12500,5619100
NIFTY13OCT2217200PE.NFO,11/10/2022,09:20:50,123.65,123.75,250,124,350,10900,5619100
NIFTY13OCT2217200PE.NFO,11/10/2022,09:20:52,124.5,124.3,100,124.5,200,9850,5619100
NIFTY13OCT2217200PE.NFO,11/10/2022,09:20:52,124.3,124.3,100,124.4,50,5000,5619100
NIFTY13OCT2217200PE.NFO,11/10/2022,09:20:54,123.1,123.1,150,123.3,150,10450,5619100
NIFTY13OCT2217200PE.NFO,11/10/2022,09:20:54,123.7,123.55,100,123.75,150,11050,5619100
NIFTY13OCT2217200PE.NFO,11/10/2022,09:20:55,123.8,123.7,700,123.9,100,6000,5619100
NIFTY13OCT2217200PE.NFO,11/10/2022,09:20:56,123.85,123.8,50,123.85,200,8350,5619100
NIFTY13OCT2217200PE.NFO,11/10/2022,09:20:58,123.85,123.6,250,123.85,200,8700,5619100
NIFTY13OCT2217200PE.NFO,11/10/2022,09:20:58,123.4,123.4,100,123.55,1800,700,5619100
NIFTY13OCT2217200PE.NFO,11/10/2022,09:20:59,124.8,124.65,350,124.9,50,19350,5619100
NIFTY13OCT2217200PE.NFO,11/10/2022,09:21:00,125,125,150,125.15,50,5400,5619100
NIFTY13OCT2217200PE.NFO,11/10/2022,09:21:01,124.65,124.6,650,124.85,250,13900,5619100
NIFTY13OCT2217200PE.NFO,11/10/2022,09:21:02,123.9,123.85,150,124.05,150,15600,5619100
NIFTY13OCT2217200PE.NFO,11/10/2022,09:21:03,124.8,124.6,400,124.85,300,16400,5619100
NIFTY13OCT2217200PE.NFO,11/10/2022,09:21:04,124.8,124.8,50,125.1,1050,10600,5619100
NIFTY13OCT2217200PE.NFO,11/10/2022,09:21:06,125.3,125.05,200,125.2,150,7400,5619100
NIFTY13OCT2217200PE.NFO,11/10/2022,09:21:06,125.1,125.15,200,125.3,300,4500,5619100
NIFTY13OCT2217200PE.NFO,11/10/2022,09:21:07,125.9,125.65,200,125.95,700,8350,5619100
NIFTY13OCT2217200PE.NFO,11/10/2022,09:21:08,127.85,127.55,50,127.75,300,15850,5619100
NIFTY13OCT2217200PE.NFO,11/10/2022,09:21:10,127.5,127.1,100,127.35,250,6000,5619100
NIFTY13OCT2217200PE.NFO,11/10/2022,09:21:11,128,127.95,1050,128.25,300,16850,5619100
NIFTY13OCT2217200PE.NFO,11/10/2022,09:21:12,127.55,127.5,400,127.7,100,8650,5619100
NIFTY13OCT2217200PE.NFO,11/10/2022,09:21:13,129.45,129.3,950,129.5,1250,25600,5619100
NIFTY13OCT2217200PE.NFO,11/10/2022,09:21:14,129.7,129.6,650,129.7,50,47650,5619100
NIFTY13OCT2217200PE.NFO,11/10/2022,09:21:15,130.6,130.4,150,130.6,150,18650,5619100
NIFTY13OCT2217200PE.NFO,11/10/2022,09:21:17,130.65,130.3,200,130.6,450,31400,5619100
NIFTY13OCT2217200PE.NFO,11/10/2022,09:21:17,130.75,130.65,200,130.85,50,13400,5619100
NIFTY13OCT2217200PE.NFO,11/10/2022,09:21:19,128.5,128.5,100,128.65,100,26800,5619100
NIFTY13OCT2217200PE.NFO,11/10/2022,09:21:20,127.25,127.2,150,127.35,50,18800,5619100
NIFTY13OCT2217200PE.NFO,11/10/2022,09:21:21,126.05,125.95,50,126.05,50,14750,5619100
NIFTY13OCT2217200PE.NFO,11/10/2022,09:21:22,125.85,125.8,800,126.1,200,10700,5619100
NIFTY13OCT2217200PE.NFO,11/10/2022,09:21:23,127.6,127.35,50,127.6,700,7550,5619100
NIFTY13OCT2217200PE.NFO,11/10/2022,09:21:25,126.5,126.2,50,126.45,450,14350,5619100
NIFTY13OCT2217200PE.NFO,11/10/2022,09:21:25,126,125.95,100,126.2,500,1400,5619100
NIFTY13OCT2217200PE.NFO,11/10/2022,09:21:26,126.1,125.95,150,126.1,50,5150,5619100
NIFTY13OCT2217200PE.NFO,11/10/2022,09:21:27,125.25,125,1900,125.1,50,15650,5619100
NIFTY13OCT2217200PE.NFO,11/10/2022,09:21:28,124.55,124.5,800,124.8,150,15050,5619100
NIFTY13OCT2217200PE.NFO,11/10/2022,09:21:29,124.45,124.35,200,124.55,200,16300,5619100
NIFTY13OCT2217200PE.NFO,11/10/2022,09:21:31,123,123,4250,123.2,50,10400,5619100
NIFTY13OCT2217200PE.NFO,11/10/2022,09:21:32,123,123,300,123.2,100,15600,5619100
NIFTY13OCT2217200PE.NFO,11/10/2022,09:21:32,122.7,122.7,200,122.95,250,1100,5619100
NIFTY13OCT2217200PE.NFO,11/10/2022,09:21:33,122.25,122.15,400,122.4,200,5200,5619100
NIFTY13OCT2217200PE.NFO,11/10/2022,09:21:34,121.85,121.8,50,121.85,200,18050,5619100
NIFTY13OCT2217200PE.NFO,11/10/2022,09:21:36,120.8,120.8,100,121,250,31350,5619100
NIFTY13OCT2217200PE.NFO,11/10/2022,09:21:37,120.65,120.65,100,120.85,200,15350,5619100
NIFTY13OCT2217200PE.NFO,11/10/2022,09:21:39,119.85,119.6,200,119.85,150,67450,5619100
NIFTY13OCT2217200PE.NFO,11/10/2022,09:21:40,119.05,119.05,300,119.25,300,13150,5619100
NIFTY13OCT2217200PE.NFO,11/10/2022,09:21:41,119.25,119.15,200,119.35,100,9150,5619100
NIFTY13OCT2217200PE.NFO,11/10/2022,09:21:43,118.55,118.3,100,118.5,50,24150,5619100
NIFTY13OCT2217200PE.NFO,11/10/2022,09:21:44,118.75,118.9,200,118.95,100,15650,5619100
NIFTY13OCT2217200PE.NFO,11/10/2022,09:21:45,119.35,119.4,400,119.65,100,14550,5619100
NIFTY13OCT2217200PE.NFO,11/10/2022,09:21:46,120,120,100,120.25,250,14100,5619100
NIFTY13OCT2217200PE.NFO,11/10/2022,09:21:47,120.25,120.05,150,120.25,350,19450,5619100
NIFTY13OCT2217200PE.NFO,11/10/2022,09:21:49,121.2,121,150,121.3,1300,14800,5619100
NIFTY13OCT2217200PE.NFO,11/10/2022,09:21:50,120.45,120.45,50,120.65,100,13900,5619100
NIFTY13OCT2217200PE.NFO,11/10/2022,09:21:51,120.6,120.55,250,120.75,50,7050,5619100
NIFTY13OCT2217200PE.NFO,11/10/2022,09:21:52,122.15,122.05,100,122.2,100,16850,5619100
NIFTY13OCT2217200PE.NFO,11/10/2022,09:21:53,124.9,124.85,50,125.05,50,20700,5619100
NIFTY13OCT2217200PE.NFO,11/10/2022,09:21:55,124.4,124.3,500,124.5,400,15800,5619100
NIFTY13OCT2217200PE.NFO,11/10/2022,09:21:56,123.7,123.75,150,123.95,50,20600,5619100
NIFTY13OCT2217200PE.NFO,11/10/2022,09:21:57,123.15,122.9,200,123.15,200,6600,5619100
NIFTY13OCT2217200PE.NFO,11/10/2022,09:21:58,123.15,123,1800,123.25,300,8850,5619100
NIFTY13OCT2217200PE.NFO,11/10/2022,09:21:59,123,123,300,123.15,100,9550,5619100
NIFTY13OCT2217200PE.NFO,11/10/2022,09:22:01,121.55,121.55,100,121.75,350,8900,5619100
NIFTY13OCT2217200PE.NFO,11/10/2022,09:22:02,121.4,121.5,150,121.75,500,20050,5619100
NIFTY13OCT2217200PE.NFO,11/10/2022,09:22:03,121,120.8,350,121.05,200,9250,5619100
NIFTY13OCT2217200PE.NFO,11/10/2022,09:22:04,120.85,120.9,200,121.1,50,12100,5619100
NIFTY13OCT2217200PE.NFO,11/10/2022,09:22:05,120.4,120.2,100,120.4,150,12550,5619100
NIFTY13OCT2217200PE.NFO,11/10/2022,09:22:06,120.4,120.35,100,120.55,150,4350,5619100
NIFTY13OCT2217200PE.NFO,11/10/2022,09:22:07,121.3,121.1,100,121.3,150,7300,5619100
NIFTY13OCT2217200PE.NFO,11/10/2022,09:22:08,122.5,122.25,100,122.5,350,3750,5619100
NIFTY13OCT2217200PE.NFO,11/10/2022,09:22:09,122.25,122,200,122.25,200,4700,5619100
NIFTY13OCT2217200PE.NFO,11/10/2022,09:22:10,121.1,121,300,121.15,400,6700,5619100
NIFTY13OCT2217200PE.NFO,11/10/2022,09:22:11,121.4,121.4,50,121.6,350,3450,5619100
NIFTY13OCT2217200PE.NFO,11/10/2022,09:22:13,122.15,121.9,750,122.15,500,8350,5619100
NIFTY13OCT2217200PE.NFO,11/10/2022,09:22:14,121.4,121.15,300,121.3,200,6600,5619100
NIFTY13OCT2217200PE.NFO,11/10/2022,09:22:15,122.4,122.35,200,122.6,150,14100,5619100
NIFTY13OCT2217200PE.NFO,11/10/2022,09:22:16,122.1,122.15,150,122.35,250,2200,5619100
NIFTY13OCT2217200PE.NFO,11/10/2022,09:22:17,124.85,124.7,50,124.8,150,12650,5619100
NIFTY13OCT2217200PE.NFO,11/10/2022,09:22:18,124.9,124.95,150,125.1,450,17200,5619100
NIFTY13OCT2217200PE.NFO,11/10/2022,09:22:20,125.95,126,200,126.1,350,12600,5619100
NIFTY13OCT2217200PE.NFO,11/10/2022,09:22:21,125.25,125.1,50,125.25,150,11600,5619100
NIFTY13OCT2217200PE.NFO,11/10/2022,09:22:22,123.85,123.85,350,124,350,14300,5619100
NIFTY13OCT2217200PE.NFO,11/10/2022,09:22:23,125.05,124.85,150,125.05,1050,19250,5619100
NIFTY13OCT2217200PE.NFO,11/10/2022,09:22:24,124.6,124.3,250,124.55,850,9500,5619100
NIFTY13OCT2217200PE.NFO,11/10/2022,09:22:26,121.9,121.9,350,122,350,14750,5619100
NIFTY13OCT2217200PE.NFO,11/10/2022,09:22:27,121.75,121.75,150,122,850,10300,5619100
NIFTY13OCT2217200PE.NFO,11/10/2022,09:22:28,122.95,122.75,150,122.95,200,5000,5619100
NIFTY13OCT2217200PE.NFO,11/10/2022,09:22:29,122.7,122.55,150,122.8,350,3550,5619100
NIFTY13OCT2217200PE.NFO,11/10/2022,09:22:30,122.4,122.35,150,122.6,1000,12400,5619100
NIFTY13OCT2217200PE.NFO,11/10/2022,09:22:30,122.6,122.5,500,122.7,200,100,5619100
NIFTY13OCT2217200PE.NFO,11/10/2022,09:22:31,123.05,123,250,123.1,50,5500,5619100
NIFTY13OCT2217200PE.NFO,11/10/2022,09:22:32,122.75,122.6,150,122.8,500,4950,5619100
NIFTY13OCT2217200PE.NFO,11/10/2022,09:22:34,121.95,121.7,700,121.9,200,7100,5619100
NIFTY13OCT2217200PE.NFO,11/10/2022,09:22:34,121.4,121.25,50,121.4,250,2350,5619100
NIFTY13OCT2217200PE.NFO,11/10/2022,09:22:36,120.8,120.95,650,121.15,150,13800,5619100
NIFTY13OCT2217200PE.NFO,11/10/2022,09:22:37,121.3,120.55,400,120.8,150,5450,5619100
NIFTY13OCT2217200PE.NFO,11/10/2022,09:22:38,120.15,120.15,100,120.35,600,9850,5619100
NIFTY13OCT2217200PE.NFO,11/10/2022,09:22:39,120.45,120.5,50,120.65,450,29250,5619100
NIFTY13OCT2217200PE.NFO,11/10/2022,09:22:40,121.1,121.3,300,121.5,100,13800,5619100
NIFTY13OCT2217200PE.NFO,11/10/2022,09:22:41,122.8,122.8,200,123,400,14950,5619100
NIFTY13OCT2217200PE.NFO,11/10/2022,09:22:43,123.95,123.9,50,124,50,10400,5619100
NIFTY13OCT2217200PE.NFO,11/10/2022,09:22:44,123.5,123.6,400,123.75,50,5250,5619100
NIFTY13OCT2217200PE.NFO,11/10/2022,09:22:45,123.1,123.1,200,123.35,400,8850,5619100
NIFTY13OCT2217200PE.NFO,11/10/2022,09:22:46,122.3,122.1,100,122.35,350,12900,5619100
NIFTY13OCT2217200PE.NFO,11/10/2022,09:22:47,120.65,120.75,50,120.95,350,12250,5619100
NIFTY13OCT2217200PE.NFO,11/10/2022,09:22:48,121.3,121.15,400,121.4,400,5800,5619100
NIFTY13OCT2217200PE.NFO,11/10/2022,09:22:48,121.2,121,200,121.2,150,250,5619100
NIFTY13OCT2217200PE.NFO,11/10/2022,09:22:49,120.8,120.75,400,121,1700,3100,5619100
NIFTY13OCT2217200PE.NFO,11/10/2022,09:22:50,121.7,121.8,550,122,50,9150,5619100
NIFTY13OCT2217200PE.NFO,11/10/2022,09:22:51,122.45,122.25,150,122.4,550,2750,5619100
NIFTY13OCT2217200PE.NFO,11/10/2022,09:22:52,122.1,122.15,500,122.4,700,7600,5619100
NIFTY13OCT2217200PE.NFO,11/10/2022,09:22:54,124.5,124.3,450,124.45,50,16550,5619100
NIFTY13OCT2217200PE.NFO,11/10/2022,09:22:55,124.8,124.65,350,124.8,100,8550,5619100
NIFTY13OCT2217200PE.NFO,11/10/2022,09:22:56,123.95,124.15,550,124.25,50,41250,5619100
NIFTY13OCT2217200PE.NFO,11/10/2022,09:22:57,124.5,124.3,250,124.5,450,11350,5619100
NIFTY13OCT2217200PE.NFO,11/10/2022,09:22:58,124.3,124.2,200,124.35,50,17650,5619100
NIFTY13OCT2217200PE.NFO,11/10/2022,09:22:59,124.65,124.65,150,124.85,100,8250,5619100
NIFTY13OCT2217200PE.NFO,11/10/2022,09:22:59,125,125,250,125.15,1050,1400,5619100
NIFTY13OCT2217200PE.NFO,11/10/2022,09:23:00,125.05,124.8,250,125.05,400,21550,5619100
NIFTY13OCT2217200PE.NFO,11/10/2022,09:23:01,124.85,124.75,750,125,250,14850,5619100
NIFTY13OCT2217200PE.NFO,11/10/2022,09:23:03,125.75,125.6,150,125.8,50,12900,5619100
NIFTY13OCT2217200PE.NFO,11/10/2022,09:23:04,125.5,125.35,150,125.45,350,18800,5619100
NIFTY13OCT2217200PE.NFO,11/10/2022,09:23:05,125.55,125.55,450,125.6,200,11450,5619100
NIFTY13OCT2217200PE.NFO,11/10/2022,09:23:06,124.6,124.3,150,124.5,50,11250,5619100
NIFTY13OCT2217200PE.NFO,11/10/2022,09:23:06,124.3,124.35,300,124.5,100,700,5619100
NIFTY13OCT2217200PE.NFO,11/10/2022,09:23:07,124.5,124.5,200,124.7,500,6700,5619100
NIFTY13OCT2217200PE.NFO,11/10/2022,09:23:08,124.5,124.5,300,124.75,800,5900,5619100
NIFTY13OCT2217200PE.NFO,11/10/2022,09:23:09,123.7,123.55,200,123.8,350,7900,5619100
NIFTY13OCT2217200PE.NFO,11/10/2022,09:23:10,124.5,124.45,50,124.7,250,7400,5619100
NIFTY13OCT2217200PE.NFO,11/10/2022,09:23:11,124.3,124.25,150,124.5,950,4450,5619100
NIFTY13OCT2217200PE.NFO,11/10/2022,09:23:13,123.2,123.1,300,123.35,400,5200,5619100
NIFTY13OCT2217200PE.NFO,11/10/2022,09:23:13,122.1,122.15,150,122.35,50,4400,5619100
NIFTY13OCT2217200PE.NFO,11/10/2022,09:23:14,122.6,122.25,350,122.5,500,3000,5619100
NIFTY13OCT2217200PE.NFO,11/10/2022,09:23:15,123.15,123,50,123.15,100,7300,5619100
NIFTY13OCT2217200PE.NFO,11/10/2022,09:23:16,122.7,122.55,550,122.7,350,4000,5619100
NIFTY13OCT2217200PE.NFO,11/10/2022,09:23:17,123.8,123.6,350,123.85,450,3100,5619100
NIFTY13OCT2217200PE.NFO,11/10/2022,09:23:19,123,122.55,200,122.75,100,7600,5619100
NIFTY13OCT2217200PE.NFO,11/10/2022,09:23:20,121.85,121.7,200,121.9,350,6800,5619100
NIFTY13OCT2217200PE.NFO,11/10/2022,09:23:21,122.05,122,50,122.1,250,3650,5619100
NIFTY13OCT2217200PE.NFO,11/10/2022,09:23:22,121.2,121.1,1100,121.25,250,8750,5619100
NIFTY13OCT2217200PE.NFO,11/10/2022,09:23:23,120.65,120.7,100,120.9,400,15550,5619100
NIFTY13OCT2217200PE.NFO,11/10/2022,09:23:24,120.55,120.55,150,120.8,1250,9950,5619100
NIFTY13OCT2217200PE.NFO,11/10/2022,09:23:26,120.95,120.65,450,120.95,300,9850,5619100
NIFTY13OCT2217200PE.NFO,11/10/2022,09:23:27,120.7,120.45,400,120.7,100,4550,5619100
NIFTY13OCT2217200PE.NFO,11/10/2022,09:23:28,120.55,120.5,200,120.75,350,8900,5619100
NIFTY13OCT2217200PE.NFO,11/10/2022,09:23:29,120.65,120.6,200,120.7,600,15900,5899550
NIFTY13OCT2217200PE.NFO,11/10/2022,09:23:29,120.5,120.45,100,120.55,500,2950,5899550
NIFTY13OCT2217200PE.NFO,11/10/2022,09:23:30,120.75,120.5,200,120.7,200,2850,5899550
NIFTY13OCT2217200PE.NFO,11/10/2022,09:23:31,120.4,120.25,50,120.5,350,4350,5899550
NIFTY13OCT2217200PE.NFO,11/10/2022,09:23:32,120.65,120.55,350,120.75,150,4400,5899550
NIFTY13OCT2217200PE.NFO,11/10/2022,09:23:34,120.55,120.45,400,120.7,250,4700,5899550
NIFTY13OCT2217200PE.NFO,11/10/2022,09:23:35,120.7,120.55,200,120.7,250,3850,5899550
NIFTY13OCT2217200PE.NFO,11/10/2022,09:23:36,120.35,120.15,1450,120.45,350,40750,5899550
NIFTY13OCT2217200PE.NFO,11/10/2022,09:23:37,120.45,120.5,350,120.65,50,7800,5899550
NIFTY13OCT2217200PE.NFO,11/10/2022,09:23:39,119.2,119.3,250,119.5,150,15100,5899550
NIFTY13OCT2217200PE.NFO,11/10/2022,09:23:40,120,120,500,120.25,450,9200,5899550
NIFTY13OCT2217200PE.NFO,11/10/2022,09:23:41,120.2,120.3,250,120.55,150,3300,5899550
NIFTY13OCT2217200PE.NFO,11/10/2022,09:23:42,120.4,120.4,150,120.6,150,5200,5899550
NIFTY13OCT2217200PE.NFO,11/10/2022,09:23:43,120.35,120.35,600,120.65,300,4050,5899550
NIFTY13OCT2217200PE.NFO,11/10/2022,09:23:44,120.85,120.7,150,120.85,250,2650,5899550
NIFTY13OCT2217200PE.NFO,11/10/2022,09:23:44,120.55,120.55,100,120.75,400,650,5899550
NIFTY13OCT2217200PE.NFO,11/10/2022,09:23:45,120,119.8,200,120,50,13700,5899550
NIFTY13OCT2217200PE.NFO,11/10/2022,09:23:46,120.75,120.7,500,120.95,850,2750,5899550
NIFTY13OCT2217200PE.NFO,11/10/2022,09:23:48,121.35,121.55,200,121.75,300,5800,5899550
NIFTY13OCT2217200PE.NFO,11/10/2022,09:23:49,121.25,121.25,200,121.45,150,3250,5899550
NIFTY13OCT2217200PE.NFO,11/10/2022,09:23:50,121.9,121.65,300,121.9,150,4000,5899550
NIFTY13OCT2217200PE.NFO,11/10/2022,09:23:51,121.4,121.4,350,121.65,150,1550,5899550
NIFTY13OCT2217200PE.NFO,11/10/2022,09:23:52,120.75,120.6,350,120.85,300,4150,5899550
NIFTY13OCT2217200PE.NFO,11/10/2022,09:23:53,120.15,120.1,50,120.15,350,4500,5899550
NIFTY13OCT2217200PE.NFO,11/10/2022,09:23:53,120.15,120.1,50,120.2,400,100,5899550
NIFTY13OCT2217200PE.NFO,11/10/2022,09:23:54,120.65,120.55,100,120.8,400,3600,5899550
NIFTY13OCT2217200PE.NFO,11/10/2022,09:23:55,123.35,123.25,150,123.3,50,5200,5899550
NIFTY13OCT2217200PE.NFO,11/10/2022,09:23:57,123.8,123.75,100,124,250,9050,5899550
NIFTY13OCT2217200PE.NFO,11/10/2022,09:23:58,123.75,123.7,50,123.9,300,3400,5899550
NIFTY13OCT2217200PE.NFO,11/10/2022,09:23:59,124.1,123.85,100,124,1000,4900,5899550
NIFTY13OCT2217200PE.NFO,11/10/2022,09:23:59,124.2,123.85,100,124.05,250,3300,5899550
NIFTY13OCT2217200PE.NFO,11/10/2022,09:24:01,124.65,124.65,350,124.85,350,10050,5899550
NIFTY13OCT2217200PE.NFO,11/10/2022,09:24:02,124.1,124.1,100,124.15,150,6050,5899550
NIFTY13OCT2217200PE.NFO,11/10/2022,09:24:03,124.65,124.65,50,124.85,50,11250,5899550
NIFTY13OCT2217200PE.NFO,11/10/2022,09:24:04,124.5,124.5,650,124.65,150,5100,5899550
NIFTY13OCT2217200PE.NFO,11/10/2022,09:24:05,123.95,123.85,350,124.15,150,10150,5899550
NIFTY13OCT2217200PE.NFO,11/10/2022,09:24:06,124.55,124.3,50,124.55,100,11600,5899550
NIFTY13OCT2217200PE.NFO,11/10/2022,09:24:06,124.75,124.75,200,124.9,550,600,5899550
NIFTY13OCT2217200PE.NFO,11/10/2022,09:24:07,124.75,124.65,200,124.75,100,5800,5899550
NIFTY13OCT2217200PE.NFO,11/10/2022,09:24:08,125.5,125.45,50,125.5,1750,22950,5899550
NIFTY13OCT2217200PE.NFO,11/10/2022,09:24:09,125.3,125.05,300,125.3,450,15800,5899550
NIFTY13OCT2217200PE.NFO,11/10/2022,09:24:11,125.15,125.2,300,125.45,50,13550,5899550
NIFTY13OCT2217200PE.NFO,11/10/2022,09:24:12,124.7,124.5,100,124.7,550,15300,5899550
NIFTY13OCT2217200PE.NFO,11/10/2022,09:24:13,124.1,123.95,50,124,250,13200,5899550
NIFTY13OCT2217200PE.NFO,11/10/2022,09:24:14,123.4,123.45,200,123.65,350,2700,5899550
NIFTY13OCT2217200PE.NFO,11/10/2022,09:24:15,123.95,123.75,800,123.95,150,9850,5899550
NIFTY13OCT2217200PE.NFO,11/10/2022,09:24:15,123,122.75,100,122.8,150,6450,5899550
NIFTY13OCT2217200PE.NFO,11/10/2022,09:24:16,122.25,122.45,50,122.5,250,4450,5899550
NIFTY13OCT2217200PE.NFO,11/10/2022,09:24:17,121.9,121.7,600,121.9,400,4700,5899550
NIFTY13OCT2217200PE.NFO,11/10/2022,09:24:19,122.7,122.4,50,122.7,450,7050,5899550
NIFTY13OCT2217200PE.NFO,11/10/2022,09:24:20,123.25,123.1,300,123.35,50,1950,5899550
NIFTY13OCT2217200PE.NFO,11/10/2022,09:24:21,123.45,123.35,50,123.45,150,2550,5899550
NIFTY13OCT2217200PE.NFO,11/10/2022,09:24:22,122.95,122.45,100,122.65,300,1550,5899550
NIFTY13OCT2217200PE.NFO,11/10/2022,09:24:23,122.55,122.35,50,122.55,100,4750,5899550
NIFTY13OCT2217200PE.NFO,11/10/2022,09:24:23,121.95,121.8,650,122,200,6250,5899550
NIFTY13OCT2217200PE.NFO,11/10/2022,09:24:24,121.85,121.9,200,122.1,200,2800,5899550
NIFTY13OCT2217200PE.NFO,11/10/2022,09:24:25,122,121.8,100,121.95,150,1500,5899550
NIFTY13OCT2217200PE.NFO,11/10/2022,09:24:27,121.55,121.4,600,121.6,250,12250,5899550
NIFTY13OCT2217200PE.NFO,11/10/2022,09:24:28,121.2,121.05,400,121.2,250,1450,5899550
NIFTY13OCT2217200PE.NFO,11/10/2022,09:24:29,122,122.15,200,122.25,300,5000,5899550
NIFTY13OCT2217200PE.NFO,11/10/2022,09:24:30,122.45,122.45,250,122.65,150,6750,5899550
NIFTY13OCT2217200PE.NFO,11/10/2022,09:24:31,122.4,122.15,50,122.25,350,4300,5899550
NIFTY13OCT2217200PE.NFO,11/10/2022,09:24:32,121.45,121.5,600,121.6,100,4650,5899550
NIFTY13OCT2217200PE.NFO,11/10/2022,09:24:32,121.3,121.1,50,121.35,350,1700,5899550
NIFTY13OCT2217200PE.NFO,11/10/2022,09:24:33,121.05,121,150,121.15,500,3350,5899550
NIFTY13OCT2217200PE.NFO,11/10/2022,09:24:34,121,120.75,650,121.05,450,14950,5899550
NIFTY13OCT2217200PE.NFO,11/10/2022,09:24:35,121.15,121.05,200,121.3,300,4000,5899550
NIFTY13OCT2217200PE.NFO,11/10/2022,09:24:37,121.75,121.8,200,122,350,7650,5899550
NIFTY13OCT2217200PE.NFO,11/10/2022,09:24:38,122.1,121.8,350,122.1,400,7700,5899550
NIFTY13OCT2217200PE.NFO,11/10/2022,09:24:39,121.75,121.8,200,122.05,150,3050,5899550
NIFTY13OCT2217200PE.NFO,11/10/2022,09:24:40,120.7,120.8,200,120.85,100,6650,5899550
NIFTY13OCT2217200PE.NFO,11/10/2022,09:24:41,120.8,120.6,350,120.85,300,7550,5899550
NIFTY13OCT2217200PE.NFO,11/10/2022,09:24:41,120.5,120.5,250,120.6,50,2450,5899550
NIFTY13OCT2217200PE.NFO,11/10/2022,09:24:43,120.6,120.55,300,120.8,350,12100,5899550
NIFTY13OCT2217200PE.NFO,11/10/2022,09:24:44,121,120.85,300,121.05,50,3500,5899550
NIFTY13OCT2217200PE.NFO,11/10/2022,09:24:45,121.55,121.55,200,121.7,50,13950,5899550
NIFTY13OCT2217200PE.NFO,11/10/2022,09:24:46,122.85,122.8,50,122.85,150,5350,5899550
NIFTY13OCT2217200PE.NFO,11/10/2022,09:24:47,124.25,123.95,150,124.25,700,10800,5899550
NIFTY13OCT2217200PE.NFO,11/10/2022,09:24:48,124.05,123.85,300,124.05,300,4400,5899550
NIFTY13OCT2217200PE.NFO,11/10/2022,09:24:49,124.95,124.85,900,124.95,550,10150,5899550
NIFTY13OCT2217200PE.NFO,11/10/2022,09:24:50,125.05,125.25,50,125.3,500,19050,5899550
NIFTY13OCT2217200PE.NFO,11/10/2022,09:24:52,125.8,125.65,50,125.8,450,11650,5899550
NIFTY13OCT2217200PE.NFO,11/10/2022,09:24:53,125.85,125.6,400,125.85,450,8900,5899550
NIFTY13OCT2217200PE.NFO,11/10/2022,09:24:53,125.7,125.8,200,125.95,50,3100,5899550
NIFTY13OCT2217200PE.NFO,11/10/2022,09:24:54,125,125,1000,125.15,50,24700,5899550
NIFTY13OCT2217200PE.NFO,11/10/2022,09:24:55,125.45,125.55,150,125.75,50,8350,5899550
NIFTY13OCT2217200PE.NFO,11/10/2022,09:24:57,125.2,125,50,125.2,250,10650,5899550
NIFTY13OCT2217200PE.NFO,11/10/2022,09:24:58,125,125.05,50,125.25,300,5400,5899550
NIFTY13OCT2217200PE.NFO,11/10/2022,09:24:59,124.7,124.65,100,124.85,200,2900,5899550
NIFTY13OCT2217200PE.NFO,11/10/2022,09:25:00,126.45,126.45,400,126.7,50,25500,5899550
NIFTY13OCT2217200PE.NFO,11/10/2022,09:25:02,126.4,126.2,50,126.4,550,17750,5899550
NIFTY13OCT2217200PE.NFO,11/10/2022,09:25:03,126.7,126.45,50,126.65,200,12450,5899550
NIFTY13OCT2217200PE.NFO,11/10/2022,09:25:04,127.7,127.55,200,127.75,250,43000,5899550
NIFTY13OCT2217200PE.NFO,11/10/2022,09:25:05,128.4,128.4,50,128.6,150,20700,5899550
NIFTY13OCT2217200PE.NFO,11/10/2022,09:25:07,129.75,129.5,200,129.75,200,30650,5899550
NIFTY13OCT2217200PE.NFO,11/10/2022,09:25:08,129.65,129.5,50,129.65,500,31150,5899550
NIFTY13OCT2217200PE.NFO,11/10/2022,09:25:09,129.7,129.5,100,129.7,50,34600,5899550
NIFTY13OCT2217200PE.NFO,11/10/2022,09:25:10,129.7,129.65,200,129.75,150,15350,5899550
NIFTY13OCT2217200PE.NFO,11/10/2022,09:25:11,129.25,129.25,100,129.4,50,18950,5899550
NIFTY13OCT2217200PE.NFO,11/10/2022,09:25:12,129.75,129.75,1450,129.9,50,40150,5899550
NIFTY13OCT2217200PE.NFO,11/10/2022,09:25:13,130.65,130.45,50,130.6,300,19950,5899550
NIFTY13OCT2217200PE.NFO,11/10/2022,09:25:15,132,131.85,100,132.05,400,56850,5899550
NIFTY13OCT2217200PE.NFO,11/10/2022,09:25:15,132.2,131.85,100,132.05,400,0,5899550
NIFTY13OCT2217200PE.NFO,11/10/2022,09:25:16,130.6,130.45,50,130.65,250,20900,5899550
NIFTY13OCT2217200PE.NFO,11/10/2022,09:25:17,130.45,130.2,50,130.4,250,33500,5899550
NIFTY13OCT2217200PE.NFO,11/10/2022,09:25:18,130.15,130.15,100,130.2,150,19300,5899550
NIFTY13OCT2217200PE.NFO,11/10/2022,09:25:19,129.75,129.85,150,130.1,100,22900,5899550
NIFTY13OCT2217200PE.NFO,11/10/2022,09:25:19,130.05,129.9,100,130.1,750,8100,5899550
NIFTY13OCT2217200PE.NFO,11/10/2022,09:25:21,130.05,129.85,100,130.1,1400,28950,5899550
NIFTY13OCT2217200PE.NFO,11/10/2022,09:25:22,130.7,130.85,300,131,700,20850,5899550
NIFTY13OCT2217200PE.NFO,11/10/2022,09:25:23,131.75,131.7,50,131.9,300,18950,5899550
NIFTY13OCT2217200PE.NFO,11/10/2022,09:25:24,131.15,131.15,150,131.35,300,17450,5899550
NIFTY13OCT2217200PE.NFO,11/10/2022,09:25:25,130.95,130.75,100,130.95,150,13350,5899550
NIFTY13OCT2217200PE.NFO,11/10/2022,09:25:26,129.6,129.35,250,129.5,150,38300,5899550
NIFTY13OCT2217200PE.NFO,11/10/2022,09:25:27,129.55,129.35,150,129.55,50,11600,5899550
NIFTY13OCT2217200PE.NFO,11/10/2022,09:25:28,130.05,129.7,900,130,200,10850,5899550
NIFTY13OCT2217200PE.NFO,11/10/2022,09:25:28,129.65,129.35,250,129.6,100,2550,5899550
NIFTY13OCT2217200PE.NFO,11/10/2022,09:25:30,129.4,129.25,50,129.4,250,13950,5899550
NIFTY13OCT2217200PE.NFO,11/10/2022,09:25:31,129.3,129.1,450,129.3,100,8850,5899550
NIFTY13OCT2217200PE.NFO,11/10/2022,09:25:32,129.05,128.65,150,128.85,200,12650,5899550
NIFTY13OCT2217200PE.NFO,11/10/2022,09:25:33,129.05,128.85,900,129.1,250,28150,5899550
NIFTY13OCT2217200PE.NFO,11/10/2022,09:25:34,128.55,128.25,100,128.5,150,11400,5899550
NIFTY13OCT2217200PE.NFO,11/10/2022,09:25:35,127.8,127.3,150,127.6,250,10800,5899550
NIFTY13OCT2217200PE.NFO,11/10/2022,09:25:37,127.55,127.45,200,127.75,350,13800,5899550
NIFTY13OCT2217200PE.NFO,11/10/2022,09:25:38,127.1,127,100,127.1,100,5400,5899550
NIFTY13OCT2217200PE.NFO,11/10/2022,09:25:39,126.7,126.7,50,126.9,100,6150,5899550
NIFTY13OCT2217200PE.NFO,11/10/2022,09:25:39,126.65,126.8,200,127.05,150,4550,5899550
NIFTY13OCT2217200PE.NFO,11/10/2022,09:25:40,126.7,126.55,200,126.8,350,5050,5899550
NIFTY13OCT2217200PE.NFO,11/10/2022,09:25:42,126.55,126.5,600,126.6,200,7500,5899550
NIFTY13OCT2217200PE.NFO,11/10/2022,09:25:43,128.4,128.45,50,128.65,50,10950,5899550
NIFTY13OCT2217200PE.NFO,11/10/2022,09:25:44,127.8,127.75,400,128,250,12250,5899550
NIFTY13OCT2217200PE.NFO,11/10/2022,09:25:45,129.4,129.1,400,129.4,200,12000,5899550
NIFTY13OCT2217200PE.NFO,11/10/2022,09:25:46,129.75,129.75,350,129.95,50,6300,5899550
NIFTY13OCT2217200PE.NFO,11/10/2022,09:25:47,130.55,130.45,100,130.65,200,17400,5899550
NIFTY13OCT2217200PE.NFO,11/10/2022,09:25:48,130.6,130.6,100,130.75,50,11400,5899550
NIFTY13OCT2217200PE.NFO,11/10/2022,09:25:49,130.45,130.25,550,130.55,50,5250,5899550
NIFTY13OCT2217200PE.NFO,11/10/2022,09:25:51,131.15,131.15,50,131.35,150,27000,5899550
NIFTY13OCT2217200PE.NFO,11/10/2022,09:25:52,132,131.9,250,132,3950,13450,5899550
NIFTY13OCT2217200PE.NFO,11/10/2022,09:25:53,131.55,131.45,50,131.65,400,13100,5899550
NIFTY13OCT2217200PE.NFO,11/10/2022,09:25:54,131.9,131.75,200,132,300,18700,5899550
NIFTY13OCT2217200PE.NFO,11/10/2022,09:25:54,132.25,131.75,200,132,300,0,5899550
NIFTY13OCT2217200PE.NFO,11/10/2022,09:25:55,132,132,300,132.25,250,9000,5899550
NIFTY13OCT2217200PE.NFO,11/10/2022,09:25:55,132.35,132,300,132.25,250,0,5899550
NIFTY13OCT2217200PE.NFO,11/10/2022,09:25:56,131.75,131.6,250,131.85,150,11200,5899550
NIFTY13OCT2217200PE.NFO,11/10/2022,09:25:57,132.5,132.3,100,132.55,100,16100,5899550
NIFTY13OCT2217200PE.NFO,11/10/2022,09:25:57,132.5,132.3,100,132.55,100,0,5899550
NIFTY13OCT2217200PE.NFO,11/10/2022,09:25:58,132.75,132.55,200,132.85,250,10200,5899550
NIFTY13OCT2217200PE.NFO,11/10/2022,09:25:58,132.8,132.55,200,132.85,250,0,5899550
NIFTY13OCT2217200PE.NFO,11/10/2022,09:25:58,131.9,131.9,150,132.1,150,4300,5899550
NIFTY13OCT2217200PE.NFO,11/10/2022,09:26:00,132.9,132.9,600,133.2,100,34550,5899550
NIFTY13OCT2217200PE.NFO,11/10/2022,09:26:00,133.5,132.9,600,133.2,100,0,5899550
NIFTY13OCT2217200PE.NFO,11/10/2022,09:26:01,131.45,131.45,150,131.7,500,28700,5899550
NIFTY13OCT2217200PE.NFO,11/10/2022,09:26:02,132.05,132.2,300,132.4,100,14950,5899550
NIFTY13OCT2217200PE.NFO,11/10/2022,09:26:03,132.65,132.45,100,132.65,250,10900,5899550
NIFTY13OCT2217200PE.NFO,11/10/2022,09:26:04,132.25,132.3,100,132.55,400,13250,5899550
NIFTY13OCT2217200PE.NFO,11/10/2022,09:26:04,132.7,132.7,150,132.8,200,1950,5899550
NIFTY13OCT2217200PE.NFO,11/10/2022,09:26:05,131.4,131.4,300,131.65,300,35800,5899550
NIFTY13OCT2217200PE.NFO,11/10/2022,09:26:07,129.85,129.85,150,130,50,26350,5899550
NIFTY13OCT2217200PE.NFO,11/10/2022,09:26:08,131.15,130.95,850,131.15,200,44200,5899550
NIFTY13OCT2217200PE.NFO,11/10/2022,09:26:09,131.6,131.3,250,131.55,200,16250,5899550
NIFTY13OCT2217200PE.NFO,11/10/2022,09:26:10,131.15,130.8,100,131,200,4350,5899550
NIFTY13OCT2217200PE.NFO,11/10/2022,09:26:11,130.55,130.4,100,130.65,250,5050,5899550
NIFTY13OCT2217200PE.NFO,11/10/2022,09:26:12,131,130.75,200,131,500,8300,5899550
NIFTY13OCT2217200PE.NFO,11/10/2022,09:26:13,131.15,130.85,50,131.05,200,6650,5899550
NIFTY13OCT2217200PE.NFO,11/10/2022,09:26:15,131.9,131.55,50,131.8,200,12850,5899550
NIFTY13OCT2217200PE.NFO,11/10/2022,09:26:16,131.85,131.7,100,131.9,350,10350,5899550
NIFTY13OCT2217200PE.NFO,11/10/2022,09:26:17,130.55,130.5,300,130.75,400,8000,5899550
NIFTY13OCT2217200PE.NFO,11/10/2022,09:26:18,131.1,131.05,50,131.35,200,5200,5899550
NIFTY13OCT2217200PE.NFO,11/10/2022,09:26:19,131.05,131.05,250,131.3,350,12650,5899550
NIFTY13OCT2217200PE.NFO,11/10/2022,09:26:20,130.05,129.85,100,130.05,150,23600,5899550
NIFTY13OCT2217200PE.NFO,11/10/2022,09:26:21,129.35,129.25,200,129.5,150,11200,5899550
NIFTY13OCT2217200PE.NFO,11/10/2022,09:26:22,129.85,129.3,200,129.6,250,8900,5899550
NIFTY13OCT2217200PE.NFO,11/10/2022,09:26:22,129.4,129.15,100,129.4,100,250,5899550
NIFTY13OCT2217200PE.NFO,11/10/2022,09:26:23,130.85,130.7,250,130.95,100,6450,5899550
NIFTY13OCT2217200PE.NFO,11/10/2022,09:26:24,131.05,130.75,50,130.9,50,8850,5899550
NIFTY13OCT2217200PE.NFO,11/10/2022,09:26:26,131.85,131.6,100,131.8,250,9600,5899550
NIFTY13OCT2217200PE.NFO,11/10/2022,09:26:27,131.9,131.85,500,131.95,150,16250,5899550
NIFTY13OCT2217200PE.NFO,11/10/2022,09:26:28,132.1,132.1,50,132.4,250,22250,5899550
NIFTY13OCT2217200PE.NFO,11/10/2022,09:26:29,132.1,132.1,50,132.25,550,7700,6054100
NIFTY13OCT2217200PE.NFO,11/10/2022,09:26:30,132.95,132.75,200,132.9,50,12600,6054100
NIFTY13OCT2217200PE.NFO,11/10/2022,09:26:30,133,132.9,500,133,7200,2300,6054100
NIFTY13OCT2217200PE.NFO,11/10/2022,09:26:31,133.2,133.2,250,133.45,300,22150,6054100
NIFTY13OCT2217200PE.NFO,11/10/2022,09:26:31,133.75,133.2,250,133.45,300,0,6054100
NIFTY13OCT2217200PE.NFO,11/10/2022,09:26:33,133.65,133.65,200,133.9,350,8200,6054100
NIFTY13OCT2217200PE.NFO,11/10/2022,09:26:33,134,133.65,200,133.9,350,0,6054100
NIFTY13OCT2217200PE.NFO,11/10/2022,09:26:34,134,133.8,1200,134,5950,6650,6054100
NIFTY13OCT2217200PE.NFO,11/10/2022,09:26:35,132.5,132.55,50,132.8,100,33200,6054100
NIFTY13OCT2217200PE.NFO,11/10/2022,09:26:35,134.3,132.55,50,132.8,100,0,6054100
NIFTY13OCT2217200PE.NFO,11/10/2022,09:26:36,132.6,132.3,250,132.6,600,27850,6054100
NIFTY13OCT2217200PE.NFO,11/10/2022,09:26:37,131,130.75,350,131,250,16950,6054100
NIFTY13OCT2217200PE.NFO,11/10/2022,09:26:38,132.25,132,500,132.3,300,13100,6054100
NIFTY13OCT2217200PE.NFO,11/10/2022,09:26:39,131.9,131.65,250,131.9,300,8800,6054100
NIFTY13OCT2217200PE.NFO,11/10/2022,09:26:39,132.05,131.8,400,132.05,300,3600,6054100
NIFTY13OCT2217200PE.NFO,11/10/2022,09:26:41,131.75,131.75,200,132,50,9750,6054100
NIFTY13OCT2217200PE.NFO,11/10/2022,09:26:42,131.25,131.25,850,131.5,150,6850,6054100
NIFTY13OCT2217200PE.NFO,11/10/2022,09:26:43,131.25,131.1,150,131.25,500,8250,6054100
NIFTY13OCT2217200PE.NFO,11/10/2022,09:26:44,130.65,130.4,350,130.65,300,7800,6054100
NIFTY13OCT2217200PE.NFO,11/10/2022,09:26:45,130.5,130.3,100,130.5,100,7750,6054100
NIFTY13OCT2217200PE.NFO,11/10/2022,09:26:45,130.5,130.25,100,130.45,250,1150,6054100
NIFTY13OCT2217200PE.NFO,11/10/2022,09:26:47,129.8,129.6,150,129.8,200,32600,6054100
NIFTY13OCT2217200PE.NFO,11/10/2022,09:26:48,129,129.05,100,129.35,300,7200,6054100
NIFTY13OCT2217200PE.NFO,11/10/2022,09:26:49,129.1,129.1,350,129.25,150,11600,6054100
NIFTY13OCT2217200PE.NFO,11/10/2022,09:26:50,128.7,128.55,100,128.7,400,7750,6054100
NIFTY13OCT2217200PE.NFO,11/10/2022,09:26:52,128.55,128.5,50,128.65,250,20150,6054100
NIFTY13OCT2217200PE.NFO,11/10/2022,09:26:53,129,128.95,300,129.15,300,10750,6054100
NIFTY13OCT2217200PE.NFO,11/10/2022,09:26:54,129,128.9,200,129.1,200,4200,6054100
NIFTY13OCT2217200PE.NFO,11/10/2022,09:26:55,127.85,127.85,250,128.15,500,9500,6054100
NIFTY13OCT2217200PE.NFO,11/10/2022,09:26:56,126.05,126.1,100,126.35,250,16650,6054100
NIFTY13OCT2217200PE.NFO,11/10/2022,09:26:58,126.45,126.5,400,126.75,250,15150,6054100
NIFTY13OCT2217200PE.NFO,11/10/2022,09:26:59,126.8,126.75,200,127,300,9650,6054100
NIFTY13OCT2217200PE.NFO,11/10/2022,09:27:00,126.1,126.2,350,126.45,250,18000,6054100
NIFTY13OCT2217200PE.NFO,11/10/2022,09:27:01,126.45,126.45,150,126.55,250,10100,6054100
NIFTY13OCT2217200PE.NFO,11/10/2022,09:27:02,125.35,125.35,200,125.6,200,16950,6054100
NIFTY13OCT2217200PE.NFO,11/10/2022,09:27:03,126.3,126.15,250,126.4,150,11350,6054100
NIFTY13OCT2217200PE.NFO,11/10/2022,09:27:04,126.25,126.2,150,126.3,50,1150,6054100
NIFTY13OCT2217200PE.NFO,11/10/2022,09:27:05,126.5,126.55,200,126.7,200,12600,6054100
NIFTY13OCT2217200PE.NFO,11/10/2022,09:27:06,126.15,126.15,100,126.35,50,4100,6054100
NIFTY13OCT2217200PE.NFO,11/10/2022,09:27:07,126.45,126.15,250,126.4,450,7200,6054100
NIFTY13OCT2217200PE.NFO,11/10/2022,09:27:08,126.3,125.8,250,126.05,50,4850,6054100
NIFTY13OCT2217200PE.NFO,11/10/2022,09:27:09,125.75,125.5,150,125.75,150,6500,6054100
NIFTY13OCT2217200PE.NFO,11/10/2022,09:27:09,125.45,125.4,450,125.5,50,100,6054100
NIFTY13OCT2217200PE.NFO,11/10/2022,09:27:10,125.25,125.15,150,125.3,150,9200,6054100
NIFTY13OCT2217200PE.NFO,11/10/2022,09:27:12,125.4,125.25,50,125.4,300,26800,6054100
NIFTY13OCT2217200PE.NFO,11/10/2022,09:27:13,124.2,124.1,100,124.25,200,11100,6054100
NIFTY13OCT2217200PE.NFO,11/10/2022,09:27:14,122.7,122.65,250,122.9,250,10300,6054100
NIFTY13OCT2217200PE.NFO,11/10/2022,09:27:16,122.2,121.9,350,122.15,300,30450,6054100
NIFTY13OCT2217200PE.NFO,11/10/2022,09:27:17,120.95,120.7,350,120.9,100,28150,6054100
NIFTY13OCT2217200PE.NFO,11/10/2022,09:27:18,121.3,121.05,150,121.3,150,12150,6054100
NIFTY13OCT2217200PE.NFO,11/10/2022,09:27:19,121.15,120.95,300,121.2,450,10000,6054100
NIFTY13OCT2217200PE.NFO,11/10/2022,09:27:19,120.8,120.85,200,121.1,700,4950,6054100
NIFTY13OCT2217200PE.NFO,11/10/2022,09:27:21,120.4,120.25,250,120.4,400,19150,6054100
NIFTY13OCT2217200PE.NFO,11/10/2022,09:27:22,120,120,100,120.15,250,44950,6054100
NIFTY13OCT2217200PE.NFO,11/10/2022,09:27:23,120.4,120.4,50,120.5,150,8750,6054100
NIFTY13OCT2217200PE.NFO,11/10/2022,09:27:24,119.6,119.7,200,119.85,150,13550,6054100
NIFTY13OCT2217200PE.NFO,11/10/2022,09:27:25,119.5,119.5,1200,119.65,150,11050,6054100
NIFTY13OCT2217200PE.NFO,11/10/2022,09:27:25,119.3,119.35,100,119.5,200,2850,6054100
NIFTY13OCT2217200PE.NFO,11/10/2022,09:27:26,120.15,120.2,300,120.45,250,16300,6054100
NIFTY13OCT2217200PE.NFO,11/10/2022,09:27:28,120.3,120,200,120.2,300,21900,6054100
NIFTY13OCT2217200PE.NFO,11/10/2022,09:27:29,120.15,119.95,450,120.15,200,12600,6054100
NIFTY13OCT2217200PE.NFO,11/10/2022,09:27:30,120,120,1900,120.2,100,8400,6054100
NIFTY13OCT2217200PE.NFO,11/10/2022,09:27:31,120.85,120.95,200,121.2,50,18400,6054100
NIFTY13OCT2217200PE.NFO,11/10/2022,09:27:32,122.7,122.5,300,122.7,150,9250,6054100
NIFTY13OCT2217200PE.NFO,11/10/2022,09:27:34,122.7,122.15,250,122.4,200,11300,6054100
NIFTY13OCT2217200PE.NFO,11/10/2022,09:27:35,123.45,123.6,250,123.75,50,7750,6054100
NIFTY13OCT2217200PE.NFO,11/10/2022,09:27:36,124.25,124.45,50,124.6,50,11350,6054100
NIFTY13OCT2217200PE.NFO,11/10/2022,09:27:37,123.35,123.3,350,123.55,200,10350,6054100
NIFTY13OCT2217200PE.NFO,11/10/2022,09:27:38,123.15,123.2,250,123.4,50,4600,6054100
NIFTY13OCT2217200PE.NFO,11/10/2022,09:27:38,123.75,123.55,350,123.8,300,1300,6054100
NIFTY13OCT2217200PE.NFO,11/10/2022,09:27:40,124.5,124.25,600,124.55,550,4700,6054100
NIFTY13OCT2217200PE.NFO,11/10/2022,09:27:41,124.6,124.35,800,124.6,100,7200,6054100
NIFTY13OCT2217200PE.NFO,11/10/2022,09:27:42,123.25,123,200,123.2,550,9100,6054100
NIFTY13OCT2217200PE.NFO,11/10/2022,09:27:43,123.05,122.85,300,123.1,300,12400,6054100
NIFTY13OCT2217200PE.NFO,11/10/2022,09:27:44,123.2,122.8,150,123.1,300,5750,6054100
NIFTY13OCT2217200PE.NFO,11/10/2022,09:27:45,122.25,122.25,200,122.45,550,6650,6054100
NIFTY13OCT2217200PE.NFO,11/10/2022,09:27:45,122.5,122.2,350,122.35,250,1600,6054100
NIFTY13OCT2217200PE.NFO,11/10/2022,09:27:46,122.15,121.9,150,122.15,450,6000,6054100
NIFTY13OCT2217200PE.NFO,11/10/2022,09:27:48,121.15,121.1,100,121.3,100,9100,6054100
NIFTY13OCT2217200PE.NFO,11/10/2022,09:27:49,120.85,120.7,50,120.9,50,11550,6054100
NIFTY13OCT2217200PE.NFO,11/10/2022,09:27:50,121.5,121.1,150,121.3,150,6950,6054100
NIFTY13OCT2217200PE.NFO,11/10/2022,09:27:51,122.3,122.3,100,122.55,200,9100,6054100
NIFTY13OCT2217200PE.NFO,11/10/2022,09:27:52,122,122,50,122.1,50,3000,6054100
NIFTY13OCT2217200PE.NFO,11/10/2022,09:27:53,120.4,120.25,200,120.4,150,6500,6054100
NIFTY13OCT2217200PE.NFO,11/10/2022,09:27:55,120,119.8,250,120,100,27650,6054100
NIFTY13OCT2217200PE.NFO,11/10/2022,09:27:56,119.95,119.85,250,120.05,250,25650,6054100
NIFTY13OCT2217200PE.NFO,11/10/2022,09:27:57,120.15,120.1,150,120.3,250,2850,6054100
NIFTY13OCT2217200PE.NFO,11/10/2022,09:27:58,121,120.8,200,121,250,6200,6054100
NIFTY13OCT2217200PE.NFO,11/10/2022,09:27:59,121.05,121.05,150,121.25,400,7350,6054100
NIFTY13OCT2217200PE.NFO,11/10/2022,09:28:00,121.35,121.25,50,121.4,150,10150,6054100
NIFTY13OCT2217200PE.NFO,11/10/2022,09:28:01,122.5,122.3,100,122.5,450,19950,6054100
NIFTY13OCT2217200PE.NFO,11/10/2022,09:28:02,122.25,122.1,50,122.25,100,6050,6054100
NIFTY13OCT2217200PE.NFO,11/10/2022,09:28:03,122.45,122.3,250,122.5,50,6100,6054100
NIFTY13OCT2217200PE.NFO,11/10/2022,09:28:04,121.05,121.05,150,121.2,300,12600,6054100
NIFTY13OCT2217200PE.NFO,11/10/2022,09:28:05,120.7,120.65,100,120.85,100,10350,6054100
NIFTY13OCT2217200PE.NFO,11/10/2022,09:28:06,120.75,120.6,600,120.8,200,1250,6054100
NIFTY13OCT2217200PE.NFO,11/10/2022,09:28:07,120.6,120.55,250,120.8,250,9300,6054100
NIFTY13OCT2217200PE.NFO,11/10/2022,09:28:08,120.5,120.45,150,120.6,150,8100,6054100
NIFTY13OCT2217200PE.NFO,11/10/2022,09:28:09,122.7,122.55,300,122.75,200,11250,6054100
NIFTY13OCT2217200PE.NFO,11/10/2022,09:28:10,121.85,121.75,50,121.9,300,6550,6054100
NIFTY13OCT2217200PE.NFO,11/10/2022,09:28:11,122.5,122.35,200,122.55,250,6750,6054100
NIFTY13OCT2217200PE.NFO,11/10/2022,09:28:12,120.95,120.75,200,120.95,300,12800,6054100
NIFTY13OCT2217200PE.NFO,11/10/2022,09:28:13,121.15,121,200,121.25,50,4300,6054100
NIFTY13OCT2217200PE.NFO,11/10/2022,09:28:14,120.65,120.4,200,120.6,400,7700,6054100
NIFTY13OCT2217200PE.NFO,11/10/2022,09:28:15,120.8,120.6,50,120.8,50,1100,6054100
NIFTY13OCT2217200PE.NFO,11/10/2022,09:28:16,121,120.9,150,121.1,200,5100,6054100
NIFTY13OCT2217200PE.NFO,11/10/2022,09:28:17,120.6,120.4,150,120.6,350,6300,6054100
NIFTY13OCT2217200PE.NFO,11/10/2022,09:28:18,119.5,119.35,150,119.45,50,35000,6054100
NIFTY13OCT2217200PE.NFO,11/10/2022,09:28:19,119.05,119,10950,119.2,150,12900,6054100
NIFTY13OCT2217200PE.NFO,11/10/2022,09:28:21,117.95,117.8,200,117.95,100,36700,6054100
NIFTY13OCT2217200PE.NFO,11/10/2022,09:28:22,117.5,117.5,100,117.7,300,16500,6054100
NIFTY13OCT2217200PE.NFO,11/10/2022,09:28:23,117.4,117.35,200,117.55,100,11350,6054100
NIFTY13OCT2217200PE.NFO,11/10/2022,09:28:24,117.6,117.6,400,117.85,650,11950,6054100
NIFTY13OCT2217200PE.NFO,11/10/2022,09:28:25,117.95,117.8,50,117.95,50,24050,6054100
NIFTY13OCT2217200PE.NFO,11/10/2022,09:28:26,117.3,117.25,50,117.4,200,13650,6054100
NIFTY13OCT2217200PE.NFO,11/10/2022,09:28:27,116.9,116.75,50,116.9,100,13200,6054100
NIFTY13OCT2217200PE.NFO,11/10/2022,09:28:28,116.55,116.55,300,116.75,300,6850,6054100
NIFTY13OCT2217200PE.NFO,11/10/2022,09:28:29,116.9,116.7,450,116.9,400,9900,6054100
NIFTY13OCT2217200PE.NFO,11/10/2022,09:28:30,117.35,117.35,100,117.45,50,9450,6054100
NIFTY13OCT2217200PE.NFO,11/10/2022,09:28:31,116.7,116.6,450,116.8,200,23200,6054100
NIFTY13OCT2217200PE.NFO,11/10/2022,09:28:32,116.55,116.5,150,116.7,250,11100,6054100
NIFTY13OCT2217200PE.NFO,11/10/2022,09:28:33,116.55,116.45,200,116.7,200,20250,6054100
NIFTY13OCT2217200PE.NFO,11/10/2022,09:28:34,116.7,116.6,250,116.85,50,21250,6054100
NIFTY13OCT2217200PE.NFO,11/10/2022,09:28:35,116.55,116.55,150,116.7,150,7450,6054100
NIFTY13OCT2217200PE.NFO,11/10/2022,09:28:36,117.4,117.35,800,117.6,200,4850,6054100
NIFTY13OCT2217200PE.NFO,11/10/2022,09:28:38,118.9,118.75,100,118.95,300,8700,6054100
NIFTY13OCT2217200PE.NFO,11/10/2022,09:28:39,118.8,118.7,250,118.9,150,10550,6054100
NIFTY13OCT2217200PE.NFO,11/10/2022,09:28:40,118.05,118,100,118.1,300,13600,6054100
NIFTY13OCT2217200PE.NFO,11/10/2022,09:28:41,117.45,117.45,50,117.55,150,14500,6054100
NIFTY13OCT2217200PE.NFO,11/10/2022,09:28:42,117,117,1800,117.15,50,8050,6054100
NIFTY13OCT2217200PE.NFO,11/10/2022,09:28:43,118.4,118.35,50,118.45,250,8800,6054100
NIFTY13OCT2217200PE.NFO,11/10/2022,09:28:44,118.2,118.15,200,118.45,400,6850,6054100
NIFTY13OCT2217200PE.NFO,11/10/2022,09:28:45,117.75,117.7,100,117.95,600,10850,6054100
NIFTY13OCT2217200PE.NFO,11/10/2022,09:28:46,117.4,117.3,400,117.55,550,5100,6054100
NIFTY13OCT2217200PE.NFO,11/10/2022,09:28:47,117.55,117.45,100,117.6,50,13450,6054100
NIFTY13OCT2217200PE.NFO,11/10/2022,09:28:48,118.35,118.2,150,118.35,250,15450,6054100
NIFTY13OCT2217200PE.NFO,11/10/2022,09:28:49,118.05,118.1,250,118.3,150,6400,6054100
NIFTY13OCT2217200PE.NFO,11/10/2022,09:28:50,119.65,119.5,250,119.65,50,16350,6054100
NIFTY13OCT2217200PE.NFO,11/10/2022,09:28:51,120.55,120.35,250,120.55,50,14150,6054100
NIFTY13OCT2217200PE.NFO,11/10/2022,09:28:53,121.55,121.3,300,121.55,100,14900,6054100
NIFTY13OCT2217200PE.NFO,11/10/2022,09:28:54,119.95,119.7,100,119.9,100,12600,6054100
NIFTY13OCT2217200PE.NFO,11/10/2022,09:28:55,118.5,118.25,100,118.45,100,11200,6054100
NIFTY13OCT2217200PE.NFO,11/10/2022,09:28:56,119.3,119.25,200,119.35,100,8300,6054100
NIFTY13OCT2217200PE.NFO,11/10/2022,09:28:57,118.85,118.75,150,118.95,200,7350,6054100
NIFTY13OCT2217200PE.NFO,11/10/2022,09:28:58,118.75,118.5,150,118.75,400,400,6054100
NIFTY13OCT2217200PE.NFO,11/10/2022,09:28:59,118.9,118.55,250,118.8,1850,8350,6054100
NIFTY13OCT2217200PE.NFO,11/10/2022,09:29:00,119,118.85,250,119,50,4350,6054100
NIFTY13OCT2217200PE.NFO,11/10/2022,09:29:01,119.05,119.05,300,119.25,150,7200,6054100
NIFTY13OCT2217200PE.NFO,11/10/2022,09:29:02,118.45,118.5,200,118.8,100,11300,6054100
NIFTY13OCT2217200PE.NFO,11/10/2022,09:29:03,118.5,118.35,350,118.6,250,9550,6054100
NIFTY13OCT2217200PE.NFO,11/10/2022,09:29:04,118.1,117.8,150,118,150,9750,6054100
NIFTY13OCT2217200PE.NFO,11/10/2022,09:29:05,119.3,119.2,150,119.4,250,13400,6054100
NIFTY13OCT2217200PE.NFO,11/10/2022,09:29:06,118.5,118.35,300,118.55,500,9750,6054100
NIFTY13OCT2217200PE.NFO,11/10/2022,09:29:07,118.45,118.3,50,118.4,300,10600,6054100
NIFTY13OCT2217200PE.NFO,11/10/2022,09:29:08,117.75,117.6,350,117.75,250,11300,6054100
NIFTY13OCT2217200PE.NFO,11/10/2022,09:29:09,117.2,117.05,250,117.2,300,19250,6054100
NIFTY13OCT2217200PE.NFO,11/10/2022,09:29:10,117.2,117.1,200,117.3,300,8000,6054100
NIFTY13OCT2217200PE.NFO,11/10/2022,09:29:11,117.5,117.4,50,117.55,500,5600,6054100
NIFTY13OCT2217200PE.NFO,11/10/2022,09:29:12,117.85,117.6,50,117.8,150,9000,6054100
NIFTY13OCT2217200PE.NFO,11/10/2022,09:29:13,117.2,117.3,200,117.45,300,2400,6054100
NIFTY13OCT2217200PE.NFO,11/10/2022,09:29:14,118.05,117.8,500,118.05,450,5750,6054100
NIFTY13OCT2217200PE.NFO,11/10/2022,09:29:15,118.55,118.3,850,118.55,200,9550,6054100
NIFTY13OCT2217200PE.NFO,11/10/2022,09:29:16,118.05,117.9,200,118.15,150,9700,6054100
NIFTY13OCT2217200PE.NFO,11/10/2022,09:29:17,117.85,117.65,250,117.85,250,7750,6054100
NIFTY13OCT2217200PE.NFO,11/10/2022,09:29:18,118.05,118.2,50,118.3,150,9850,6054100
NIFTY13OCT2217200PE.NFO,11/10/2022,09:29:19,118.05,118.1,150,118.3,250,5950,6054100
NIFTY13OCT2217200PE.NFO,11/10/2022,09:29:20,118.2,118.15,150,118.3,100,5050,6054100
NIFTY13OCT2217200PE.NFO,11/10/2022,09:29:21,118.15,118.15,2400,118.2,400,10150,6054100
NIFTY13OCT2217200PE.NFO,11/10/2022,09:29:22,119.2,119.2,150,119.35,200,11500,6054100
NIFTY13OCT2217200PE.NFO,11/10/2022,09:29:23,120.15,120.2,300,120.35,200,11000,6054100
NIFTY13OCT2217200PE.NFO,11/10/2022,09:29:24,120,120,2350,120.2,150,10600,6054100
NIFTY13OCT2217200PE.NFO,11/10/2022,09:29:25,119.9,119.85,350,120.05,400,5850,6054100
NIFTY13OCT2217200PE.NFO,11/10/2022,09:29:26,120.15,120,1100,120.15,200,3750,6054100
NIFTY13OCT2217200PE.NFO,11/10/2022,09:29:27,120.95,120.8,100,120.95,50,24350,6054100
NIFTY13OCT2217200PE.NFO,11/10/2022,09:29:28,121.2,121,650,121.2,300,7050,6054100
NIFTY13OCT2217200PE.NFO,11/10/2022,09:29:29,121.25,121.2,200,121.35,450,4350,6054100
NIFTY13OCT2217200PE.NFO,11/10/2022,09:29:30,120.9,120.65,800,120.9,50,8500,6054100
NIFTY13OCT2217200PE.NFO,11/10/2022,09:29:31,120.9,120.7,1500,120.85,850,12650,6261250
NIFTY13OCT2217200PE.NFO,11/10/2022,09:29:32,121.55,121.35,150,121.5,150,6200,6261250
NIFTY13OCT2217200PE.NFO,11/10/2022,09:29:33,121.65,121.4,550,121.6,150,6650,6261250
NIFTY13OCT2217200PE.NFO,11/10/2022,09:29:34,121.25,121.1,300,121.35,850,10950,6261250
NIFTY13OCT2217200PE.NFO,11/10/2022,09:29:35,121.8,121.65,250,121.85,300,22950,6261250
NIFTY13OCT2217200PE.NFO,11/10/2022,09:29:36,122.1,121.85,200,122.1,300,9050,6261250
NIFTY13OCT2217200PE.NFO,11/10/2022,09:29:37,122.95,122.9,150,122.95,1750,8900,6261250
NIFTY13OCT2217200PE.NFO,11/10/2022,09:29:38,122.8,122.55,2400,122.8,450,9750,6261250
NIFTY13OCT2217200PE.NFO,11/10/2022,09:29:39,123.6,123.6,50,123.85,350,19700,6261250
NIFTY13OCT2217200PE.NFO,11/10/2022,09:29:40,123.15,122.9,300,123.15,400,24700,6261250
NIFTY13OCT2217200PE.NFO,11/10/2022,09:29:41,123.8,123.55,100,123.75,200,5500,6261250
NIFTY13OCT2217200PE.NFO,11/10/2022,09:29:42,123.3,123.1,150,123.3,250,10800,6261250
NIFTY13OCT2217200PE.NFO,11/10/2022,09:29:43,123.55,123.35,50,123.55,650,1850,6261250
NIFTY13OCT2217200PE.NFO,11/10/2022,09:29:44,123.1,123,250,123.2,400,14300,6261250
NIFTY13OCT2217200PE.NFO,11/10/2022,09:29:45,122.9,122.55,400,122.75,200,11200,6261250
NIFTY13OCT2217200PE.NFO,11/10/2022,09:29:46,123.15,123.15,100,123.4,350,5350,6261250
NIFTY13OCT2217200PE.NFO,11/10/2022,09:29:47,122.45,122.5,300,122.75,450,4950,6261250
NIFTY13OCT2217200PE.NFO,11/10/2022,09:29:48,122.55,122.3,150,122.5,150,5900,6261250
NIFTY13OCT2217200PE.NFO,11/10/2022,09:29:49,122.5,122.4,200,122.6,200,9000,6261250
NIFTY13OCT2217200PE.NFO,11/10/2022,09:29:50,122.65,122.6,300,122.8,1150,250,6261250
NIFTY13OCT2217200PE.NFO,11/10/2022,09:29:51,122.6,122.6,400,122.65,850,6900,6261250
NIFTY13OCT2217200PE.NFO,11/10/2022,09:29:52,122.3,122.3,50,122.35,50,14950,6261250
NIFTY13OCT2217200PE.NFO,11/10/2022,09:29:53,123.4,123.2,200,123.4,300,10300,6261250
NIFTY13OCT2217200PE.NFO,11/10/2022,09:29:54,123,122.75,50,123,350,8600,6261250
NIFTY13OCT2217200PE.NFO,11/10/2022,09:29:55,122.85,122.55,250,122.8,200,4100,6261250
NIFTY13OCT2217200PE.NFO,11/10/2022,09:29:56,122.5,122.2,800,122.5,200,6900,6261250
NIFTY13OCT2217200PE.NFO,11/10/2022,09:29:57,122.45,122.25,100,122.5,750,200,6261250
NIFTY13OCT2217200PE.NFO,11/10/2022,09:29:58,123.2,123.55,200,123.85,250,8950,6261250
NIFTY13OCT2217200PE.NFO,11/10/2022,09:29:59,123,123,200,123.2,150,2950,6261250
NIFTY13OCT2217200PE.NFO,11/10/2022,09:30:00,123.05,122.85,750,123.15,450,18100,6261250
NIFTY13OCT2217200PE.NFO,11/10/2022,09:30:01,123.4,123.3,150,123.5,50,14000,6261250
NIFTY13OCT2217200PE.NFO,11/10/2022,09:30:02,123.6,123.35,50,123.6,450,11550,6261250
NIFTY13OCT2217200PE.NFO,11/10/2022,09:30:03,124,124,100,124.05,100,30200,6261250
NIFTY13OCT2217200PE.NFO,11/10/2022,09:30:04,124.35,124.35,200,124.6,300,5850,6261250
NIFTY13OCT2217200PE.NFO,11/10/2022,09:30:05,126,125.95,150,126,2200,42550,6261250
NIFTY13OCT2217200PE.NFO,11/10/2022,09:30:06,126.9,126.9,300,127,2450,34050,6261250
NIFTY13OCT2217200PE.NFO,11/10/2022,09:30:08,128,127.85,150,128,1750,20450,6261250
NIFTY13OCT2217200PE.NFO,11/10/2022,09:30:09,128.35,128.2,100,128.4,300,31850,6261250
NIFTY13OCT2217200PE.NFO,11/10/2022,09:30:10,127.55,127.55,100,127.7,250,17450,6261250
NIFTY13OCT2217200PE.NFO,11/10/2022,09:30:11,127.2,127.05,50,127.2,50,21050,6261250
NIFTY13OCT2217200PE.NFO,11/10/2022,09:30:12,127.25,127.2,350,127.5,250,25550,6261250
NIFTY13OCT2217200PE.NFO,11/10/2022,09:30:13,127.95,127.65,250,127.9,100,17750,6261250
NIFTY13OCT2217200PE.NFO,11/10/2022,09:30:14,128,127.75,300,128,3200,10900,6261250
NIFTY13OCT2217200PE.NFO,11/10/2022,09:30:16,127.35,127.05,150,127.35,150,9550,6261250
NIFTY13OCT2217200PE.NFO,11/10/2022,09:30:16,126.8,126.95,200,127.05,150,6200,6261250
NIFTY13OCT2217200PE.NFO,11/10/2022,09:30:17,127.2,127.2,2450,127.35,100,10450,6261250
NIFTY13OCT2217200PE.NFO,11/10/2022,09:30:18,127.15,127.1,300,127.3,200,24250,6261250
NIFTY13OCT2217200PE.NFO,11/10/2022,09:30:20,127.4,127.45,50,127.65,150,7850,6261250
NIFTY13OCT2217200PE.NFO,11/10/2022,09:30:20,127.7,127.7,100,127.95,850,1850,6261250
NIFTY13OCT2217200PE.NFO,11/10/2022,09:30:21,128.05,127.85,150,128,150,22800,6261250
NIFTY13OCT2217200PE.NFO,11/10/2022,09:30:22,126.5,126.25,100,126.5,100,16400,6261250
NIFTY13OCT2217200PE.NFO,11/10/2022,09:30:23,126,125.95,150,126.1,50,22100,6261250
NIFTY13OCT2217200PE.NFO,11/10/2022,09:30:24,125.6,125.35,200,125.6,150,14750,6261250
NIFTY13OCT2217200PE.NFO,11/10/2022,09:30:26,125.25,125.2,200,125.45,350,29750,6261250
NIFTY13OCT2217200PE.NFO,11/10/2022,09:30:27,125.25,125.25,100,125.45,200,8000,6261250
NIFTY13OCT2217200PE.NFO,11/10/2022,09:30:27,125.5,125.4,350,125.55,50,5200,6261250
NIFTY13OCT2217200PE.NFO,11/10/2022,09:30:28,125.95,125.9,150,126.1,200,13350,6261250
NIFTY13OCT2217200PE.NFO,11/10/2022,09:30:29,127,126.9,100,127,2250,5300,6261250
NIFTY13OCT2217200PE.NFO,11/10/2022,09:30:30,126.9,126.7,50,126.95,250,8650,6261250
NIFTY13OCT2217200PE.NFO,11/10/2022,09:30:32,126.45,126.45,150,126.6,50,12200,6261250
NIFTY13OCT2217200PE.NFO,11/10/2022,09:30:33,125.85,125.75,1250,125.85,50,8250,6261250
NIFTY13OCT2217200PE.NFO,11/10/2022,09:30:33,125.85,125.95,350,126.15,50,5250,6261250
NIFTY13OCT2217200PE.NFO,11/10/2022,09:30:35,126,125.95,50,126.2,550,13550,6261250
NIFTY13OCT2217200PE.NFO,11/10/2022,09:30:36,126,125.85,200,126,50,8000,6261250
NIFTY13OCT2217200PE.NFO,11/10/2022,09:30:37,126.3,126.3,200,126.5,100,5400,6261250
NIFTY13OCT2217200PE.NFO,11/10/2022,09:30:38,126.75,126.8,250,127,150,5550,6261250
NIFTY13OCT2217200PE.NFO,11/10/2022,09:30:39,126.15,125.8,300,126.1,200,9650,6261250
NIFTY13OCT2217200PE.NFO,11/10/2022,09:30:41,124.75,124.7,50,124.95,100,19800,6261250
NIFTY13OCT2217200PE.NFO,11/10/2022,09:30:41,124.7,124.7,100,124.95,100,6700,6261250
NIFTY13OCT2217200PE.NFO,11/10/2022,09:30:43,123.9,123.9,50,124.05,200,18150,6261250
NIFTY13OCT2217200PE.NFO,11/10/2022,09:30:44,123.5,123.45,50,123.5,350,8100,6261250
NIFTY13OCT2217200PE.NFO,11/10/2022,09:30:45,124.05,123.6,700,123.85,150,6950,6261250
NIFTY13OCT2217200PE.NFO,11/10/2022,09:30:46,123.75,123.55,200,123.75,200,8850,6261250
NIFTY13OCT2217200PE.NFO,11/10/2022,09:30:47,123.25,123.1,200,123.35,100,6050,6261250
NIFTY13OCT2217200PE.NFO,11/10/2022,09:30:49,122.95,122.75,150,122.95,100,13950,6261250
NIFTY13OCT2217200PE.NFO,11/10/2022,09:30:50,122.1,121.9,50,122.1,100,13800,6261250
NIFTY13OCT2217200PE.NFO,11/10/2022,09:30:51,122.15,122,550,122.15,250,10950,6261250
NIFTY13OCT2217200PE.NFO,11/10/2022,09:30:52,122.25,122.2,350,122.4,200,13050,6261250
NIFTY13OCT2217200PE.NFO,11/10/2022,09:30:53,122.4,122.35,200,122.45,100,8650,6261250
NIFTY13OCT2217200PE.NFO,11/10/2022,09:30:54,123.1,122.9,300,123.1,250,6450,6261250
NIFTY13OCT2217200PE.NFO,11/10/2022,09:30:55,122.05,121.8,500,122.05,100,8250,6261250
NIFTY13OCT2217200PE.NFO,11/10/2022,09:30:57,121.1,121.15,150,121.2,50,14150,6261250
NIFTY13OCT2217200PE.NFO,11/10/2022,09:30:58,120.65,120.5,400,120.7,200,15700,6261250
NIFTY13OCT2217200PE.NFO,11/10/2022,09:30:59,120.6,120.55,50,120.7,200,11900,6261250
NIFTY13OCT2217200PE.NFO,11/10/2022,09:31:00,120.85,120.85,150,121.05,50,13000,6261250
NIFTY13OCT2217200PE.NFO,11/10/2022,09:31:01,120.65,120.45,400,120.7,1000,10950,6261250
NIFTY13OCT2217200PE.NFO,11/10/2022,09:31:03,119.2,118.85,50,119.05,100,35650,6261250
NIFTY13OCT2217200PE.NFO,11/10/2022,09:31:04,119.95,119.6,50,119.8,250,20450,6261250
NIFTY13OCT2217200PE.NFO,11/10/2022,09:31:05,120.15,120.05,100,120.3,200,14450,6261250
NIFTY13OCT2217200PE.NFO,11/10/2022,09:31:06,119.65,119.5,100,119.65,2000,10200,6261250
NIFTY13OCT2217200PE.NFO,11/10/2022,09:31:07,119.65,119.45,200,119.6,200,7050,6261250
NIFTY13OCT2217200PE.NFO,11/10/2022,09:31:08,119,118.85,50,119,250,8300,6261250
NIFTY13OCT2217200PE.NFO,11/10/2022,09:31:10,118.8,118.75,100,118.9,50,16950,6261250
NIFTY13OCT2217200PE.NFO,11/10/2022,09:31:10,119.05,118.95,100,119.15,200,3550,6261250
NIFTY13OCT2217200PE.NFO,11/10/2022,09:31:11,118.7,118.7,50,118.85,50,17800,6261250
NIFTY13OCT2217200PE.NFO,11/10/2022,09:31:12,118.55,118.4,300,118.65,400,5500,6261250
NIFTY13OCT2217200PE.NFO,11/10/2022,09:31:13,118.3,118.3,150,118.55,250,9050,6261250
NIFTY13OCT2217200PE.NFO,11/10/2022,09:31:14,118.7,118.85,50,118.9,150,2550,6261250
NIFTY13OCT2217200PE.NFO,11/10/2022,09:31:15,120.35,120.3,150,120.5,200,9050,6261250
NIFTY13OCT2217200PE.NFO,11/10/2022,09:31:16,120.8,120.8,50,120.9,100,11750,6261250
NIFTY13OCT2217200PE.NFO,11/10/2022,09:31:17,120.8,120.75,100,121,200,14550,6261250
NIFTY13OCT2217200PE.NFO,11/10/2022,09:31:18,120.65,120.5,150,120.65,200,4100,6261250
NIFTY13OCT2217200PE.NFO,11/10/2022,09:31:19,120.15,120.15,250,120.3,100,11150,6261250
NIFTY13OCT2217200PE.NFO,11/10/2022,09:31:20,119.25,119.2,50,119.25,50,9550,6261250
NIFTY13OCT2217200PE.NFO,11/10/2022,09:31:22,120.1,120,250,120.1,100,8400,6261250
NIFTY13OCT2217200PE.NFO,11/10/2022,09:31:22,120.4,120.4,50,120.45,50,1200,6261250
NIFTY13OCT2217200PE.NFO,11/10/2022,09:31:23,120.6,120.9,150,120.95,200,5500,6261250
NIFTY13OCT2217200PE.NFO,11/10/2022,09:31:24,122.05,122,650,122.2,200,9200,6261250
NIFTY13OCT2217200PE.NFO,11/10/2022,09:31:25,123.05,122.7,100,122.85,250,17150,6261250
NIFTY13OCT2217200PE.NFO,11/10/2022,09:31:26,122.8,122.85,200,123.1,250,8300,6261250
NIFTY13OCT2217200PE.NFO,11/10/2022,09:31:27,122.45,122.45,50,122.6,250,2950,6261250
NIFTY13OCT2217200PE.NFO,11/10/2022,09:31:28,121.8,121.85,300,122,50,9900,6261250
NIFTY13OCT2217200PE.NFO,11/10/2022,09:31:30,121.15,121.05,150,121.15,150,14900,6261250
NIFTY13OCT2217200PE.NFO,11/10/2022,09:31:30,121.1,120.95,150,121.15,150,1450,6261250
NIFTY13OCT2217200PE.NFO,11/10/2022,09:31:31,121.95,122,350,122.25,500,9950,6261250
NIFTY13OCT2217200PE.NFO,11/10/2022,09:31:32,122.45,122.25,50,122.45,50,3850,6261250
NIFTY13OCT2217200PE.NFO,11/10/2022,09:31:33,121.65,121.5,250,121.75,200,7650,6261250
NIFTY13OCT2217200PE.NFO,11/10/2022,09:31:34,121.5,121.2,150,121.4,200,2750,6261250
NIFTY13OCT2217200PE.NFO,11/10/2022,09:31:35,121.3,120.95,250,121.2,1200,4700,6261250
NIFTY13OCT2217200PE.NFO,11/10/2022,09:31:36,121.4,121.3,250,121.45,100,2300,6261250
NIFTY13OCT2217200PE.NFO,11/10/2022,09:31:37,122,121.7,250,121.95,200,2400,6261250
NIFTY13OCT2217200PE.NFO,11/10/2022,09:31:38,121.05,121.05,150,121.3,300,4450,6261250
NIFTY13OCT2217200PE.NFO,11/10/2022,09:31:40,121.25,121,150,121.25,650,2700,6261250
NIFTY13OCT2217200PE.NFO,11/10/2022,09:31:40,121.3,121.05,450,121.3,700,850,6261250
NIFTY13OCT2217200PE.NFO,11/10/2022,09:31:41,121.6,121.65,100,121.75,250,4150,6261250
NIFTY13OCT2217200PE.NFO,11/10/2022,09:31:42,121.5,121.5,200,121.75,150,1400,6261250
NIFTY13OCT2217200PE.NFO,11/10/2022,09:31:43,122.7,122.7,150,122.8,200,1750,6261250
NIFTY13OCT2217200PE.NFO,11/10/2022,09:31:44,123.35,123.35,100,123.5,50,12300,6261250
NIFTY13OCT2217200PE.NFO,11/10/2022,09:31:45,123.1,123.15,450,123.45,600,2100,6261250
NIFTY13OCT2217200PE.NFO,11/10/2022,09:31:46,123.15,123.1,300,123.3,50,7850,6261250
NIFTY13OCT2217200PE.NFO,11/10/2022,09:31:48,123.75,123.6,250,123.8,150,8900,6261250
NIFTY13OCT2217200PE.NFO,11/10/2022,09:31:49,123.6,123.5,100,123.6,100,3800,6261250
NIFTY13OCT2217200PE.NFO,11/10/2022,09:31:50,123.25,123.15,250,123.35,50,28800,6261250
NIFTY13OCT2217200PE.NFO,11/10/2022,09:31:51,122,122,250,122.2,50,8300,6261250
NIFTY13OCT2217200PE.NFO,11/10/2022,09:31:52,123.5,123.5,300,123.65,50,10100,6261250
NIFTY13OCT2217200PE.NFO,11/10/2022,09:31:53,123.15,123.2,200,123.45,200,4350,6261250
NIFTY13OCT2217200PE.NFO,11/10/2022,09:31:54,123.7,123.7,50,123.9,250,5400,6261250
NIFTY13OCT2217200PE.NFO,11/10/2022,09:31:56,123.2,123,250,123.2,350,2950,6261250
NIFTY13OCT2217200PE.NFO,11/10/2022,09:31:56,123.7,123.4,50,123.6,200,1300,6261250
NIFTY13OCT2217200PE.NFO,11/10/2022,09:31:57,123.1,122.9,350,123.15,350,4700,6261250
NIFTY13OCT2217200PE.NFO,11/10/2022,09:31:58,123.3,123.1,350,123.3,200,3700,6261250
NIFTY13OCT2217200PE.NFO,11/10/2022,09:31:59,122.8,122.65,150,122.8,50,1650,6261250
NIFTY13OCT2217200PE.NFO,11/10/2022,09:32:01,125.15,125.1,650,125.35,200,20700,6261250
NIFTY13OCT2217200PE.NFO,11/10/2022,09:32:02,125.7,125.65,300,125.9,50,16100,6261250
NIFTY13OCT2217200PE.NFO,11/10/2022,09:32:03,125.2,125.15,450,125.35,50,5950,6261250
NIFTY13OCT2217200PE.NFO,11/10/2022,09:32:04,125.35,125.35,50,125.5,200,5100,6261250
NIFTY13OCT2217200PE.NFO,11/10/2022,09:32:06,126.35,126.15,50,126.3,100,9950,6261250
NIFTY13OCT2217200PE.NFO,11/10/2022,09:32:07,125.8,125.5,50,125.7,250,7700,6261250
NIFTY13OCT2217200PE.NFO,11/10/2022,09:32:07,125.95,125.95,500,126.2,50,1400,6261250
NIFTY13OCT2217200PE.NFO,11/10/2022,09:32:08,125.15,125.05,100,125.15,250,16800,6261250
NIFTY13OCT2217200PE.NFO,11/10/2022,09:32:09,125.05,124.85,50,125.05,100,7200,6261250
NIFTY13OCT2217200PE.NFO,11/10/2022,09:32:11,124.3,124.05,200,124.3,150,4650,6261250
NIFTY13OCT2217200PE.NFO,11/10/2022,09:32:11,124.1,124.2,400,124.35,50,350,6261250
NIFTY13OCT2217200PE.NFO,11/10/2022,09:32:12,124.15,123.95,200,124.15,50,6600,6261250
NIFTY13OCT2217200PE.NFO,11/10/2022,09:32:13,123.35,123.05,400,123.35,200,11650,6261250
NIFTY13OCT2217200PE.NFO,11/10/2022,09:32:14,123.1,123.1,100,123.3,300,4250,6261250
NIFTY13OCT2217200PE.NFO,11/10/2022,09:32:15,122.1,121.9,300,122.1,50,6800,6261250
NIFTY13OCT2217200PE.NFO,11/10/2022,09:32:16,122.5,122.55,250,122.7,50,2900,6261250
NIFTY13OCT2217200PE.NFO,11/10/2022,09:32:17,123.3,123,450,123.25,350,2500,6261250
NIFTY13OCT2217200PE.NFO,11/10/2022,09:32:18,123.55,123.1,200,123.35,150,3650,6261250
NIFTY13OCT2217200PE.NFO,11/10/2022,09:32:19,122.7,122.7,150,122.9,100,2200,6261250
NIFTY13OCT2217200PE.NFO,11/10/2022,09:32:21,122.35,122.3,200,122.5,50,7550,6261250
NIFTY13OCT2217200PE.NFO,11/10/2022,09:32:22,123.05,122.85,100,123.05,50,2700,6261250
NIFTY13OCT2217200PE.NFO,11/10/2022,09:32:23,122.6,122.35,100,122.55,150,1850,6261250
NIFTY13OCT2217200PE.NFO,11/10/2022,09:32:23,122.3,122.15,250,122.35,100,2950,6261250
NIFTY13OCT2217200PE.NFO,11/10/2022,09:32:24,122.6,122.5,250,122.8,800,2150,6261250
NIFTY13OCT2217200PE.NFO,11/10/2022,09:32:25,123.35,123.35,150,123.45,50,6300,6261250
NIFTY13OCT2217200PE.NFO,11/10/2022,09:32:26,125.35,125.15,150,125.35,250,13200,6261250
NIFTY13OCT2217200PE.NFO,11/10/2022,09:32:28,124.45,124.5,50,124.6,200,3600,6261250
NIFTY13OCT2217200PE.NFO,11/10/2022,09:32:28,124.25,124.05,200,124.3,100,6500,6261250
NIFTY13OCT2217200PE.NFO,11/10/2022,09:32:29,123.95,123.8,100,123.95,250,3000,6261250
NIFTY13OCT2217200PE.NFO,11/10/2022,09:32:31,124.2,124.05,200,124.25,150,4800,6380250
NIFTY13OCT2217200PE.NFO,11/10/2022,09:32:31,123.9,123.85,100,124,1500,900,6380250
NIFTY13OCT2217200PE.NFO,11/10/2022,09:32:33,124.85,124.9,300,125,850,5250,6380250
NIFTY13OCT2217200PE.NFO,11/10/2022,09:32:33,125.3,124.9,100,125.15,350,1200,6380250
NIFTY13OCT2217200PE.NFO,11/10/2022,09:32:34,125.05,125.05,50,125.15,100,2950,6380250
NIFTY13OCT2217200PE.NFO,11/10/2022,09:32:35,125.15,124.9,400,125.2,250,5850,6380250
NIFTY13OCT2217200PE.NFO,11/10/2022,09:32:36,124.3,124.15,300,124.4,250,2550,6380250
NIFTY13OCT2217200PE.NFO,11/10/2022,09:32:38,124.45,124.45,250,124.65,200,5550,6380250
NIFTY13OCT2217200PE.NFO,11/10/2022,09:32:39,124.05,124.05,300,124.3,450,3100,6380250
NIFTY13OCT2217200PE.NFO,11/10/2022,09:32:39,124,123.9,250,124.15,100,2150,6380250
NIFTY13OCT2217200PE.NFO,11/10/2022,09:32:40,123.85,123.85,400,123.9,300,2400,6380250
NIFTY13OCT2217200PE.NFO,11/10/2022,09:32:41,124.85,124.55,300,124.8,150,2900,6380250
NIFTY13OCT2217200PE.NFO,11/10/2022,09:32:42,124.15,124,250,124.25,50,4650,6380250
NIFTY13OCT2217200PE.NFO,11/10/2022,09:32:43,124,124,50,124.15,200,750,6380250
NIFTY13OCT2217200PE.NFO,11/10/2022,09:32:44,123.3,123.3,50,123.4,250,1550,6380250
NIFTY13OCT2217200PE.NFO,11/10/2022,09:32:46,122.45,122.35,300,122.5,100,20600,6380250
NIFTY13OCT2217200PE.NFO,11/10/2022,09:32:47,123.1,123.05,50,123.2,50,1300,6380250
NIFTY13OCT2217200PE.NFO,11/10/2022,09:32:48,122.95,122.75,100,122.85,50,750,6380250
NIFTY13OCT2217200PE.NFO,11/10/2022,09:32:49,122.9,122.7,50,122.9,150,3950,6380250
NIFTY13OCT2217200PE.NFO,11/10/2022,09:32:50,122.1,122.15,150,122.4,1850,4700,6380250
NIFTY13OCT2217200PE.NFO,11/10/2022,09:32:50,122.5,122.15,200,122.4,600,350,6380250
NIFTY13OCT2217200PE.NFO,11/10/2022,09:32:51,122.1,121.9,50,122.05,100,2800,6380250
NIFTY13OCT2217200PE.NFO,11/10/2022,09:32:52,122.1,122.1,250,122.35,250,1500,6380250
NIFTY13OCT2217200PE.NFO,11/10/2022,09:32:53,122.95,122.8,150,123,450,3100,6380250
NIFTY13OCT2217200PE.NFO,11/10/2022,09:32:55,123.8,123.6,500,123.8,100,4200,6380250
NIFTY13OCT2217200PE.NFO,11/10/2022,09:32:56,124.05,124.1,200,124.25,200,7350,6380250
NIFTY13OCT2217200PE.NFO,11/10/2022,09:32:57,124,123.95,250,124.2,300,2900,6380250
NIFTY13OCT2217200PE.NFO,11/10/2022,09:32:58,123.25,123.15,350,123.35,500,4600,6380250
NIFTY13OCT2217200PE.NFO,11/10/2022,09:32:58,123.15,123.15,50,123.25,300,1000,6380250
NIFTY13OCT2217200PE.NFO,11/10/2022,09:32:59,123.15,123,300,123.2,350,1800,6380250
NIFTY13OCT2217200PE.NFO,11/10/2022,09:33:00,124.2,124.15,100,124.35,150,3850,6380250
NIFTY13OCT2217200PE.NFO,11/10/2022,09:33:01,124.45,123.8,200,123.95,50,2050,6380250
NIFTY13OCT2217200PE.NFO,11/10/2022,09:33:02,123.8,123.6,150,123.8,450,1450,6380250
NIFTY13OCT2217200PE.NFO,11/10/2022,09:33:03,123.75,123.65,50,123.8,200,3400,6380250
NIFTY13OCT2217200PE.NFO,11/10/2022,09:33:04,124.15,123.95,50,124.15,550,2850,6380250
NIFTY13OCT2217200PE.NFO,11/10/2022,09:33:05,123.95,123.95,150,124.05,150,2550,6380250
NIFTY13OCT2217200PE.NFO,11/10/2022,09:33:07,124.95,124.95,150,125,5250,8650,6380250
NIFTY13OCT2217200PE.NFO,11/10/2022,09:33:08,125.75,125.8,100,125.85,150,9900,6380250
NIFTY13OCT2217200PE.NFO,11/10/2022,09:33:09,125,124.75,50,124.95,100,6050,6380250
NIFTY13OCT2217200PE.NFO,11/10/2022,09:33:10,124.95,124.95,350,125.1,150,4600,6380250
NIFTY13OCT2217200PE.NFO,11/10/2022,09:33:10,124.9,124.6,400,124.8,200,200,6380250
NIFTY13OCT2217200PE.NFO,11/10/2022,09:33:11,125,124.8,50,125,200,7050,6380250
NIFTY13OCT2217200PE.NFO,11/10/2022,09:33:12,124.2,124.25,200,124.45,150,6300,6380250
NIFTY13OCT2217200PE.NFO,11/10/2022,09:33:13,124.25,124.05,50,124.25,50,4550,6380250
NIFTY13OCT2217200PE.NFO,11/10/2022,09:33:14,123.85,123.85,100,123.9,50,2900,6380250
NIFTY13OCT2217200PE.NFO,11/10/2022,09:33:15,124.05,124,1000,124.2,350,4100,6380250
NIFTY13OCT2217200PE.NFO,11/10/2022,09:33:16,121.95,121.9,50,122,150,14850,6380250
NIFTY13OCT2217200PE.NFO,11/10/2022,09:33:18,121.9,121.7,250,121.8,150,4100,6380250
NIFTY13OCT2217200PE.NFO,11/10/2022,09:33:19,122.55,122.25,100,122.45,150,5600,6380250
NIFTY13OCT2217200PE.NFO,11/10/2022,09:33:19,122.35,122.2,150,122.4,150,650,6380250
NIFTY13OCT2217200PE.NFO,11/10/2022,09:33:20,122.7,122.7,100,122.8,300,4800,6380250
NIFTY13OCT2217200PE.NFO,11/10/2022,09:33:21,122.7,122.45,50,122.7,200,4500,6380250
NIFTY13OCT2217200PE.NFO,11/10/2022,09:33:22,122.05,122.05,200,122.25,400,6150,6380250
NIFTY13OCT2217200PE.NFO,11/10/2022,09:33:23,121.2,121.15,200,121.25,200,4650,6380250
NIFTY13OCT2217200PE.NFO,11/10/2022,09:33:24,121.95,121.75,250,122,200,6900,6380250
NIFTY13OCT2217200PE.NFO,11/10/2022,09:33:25,122.25,122.05,400,122.25,150,4600,6380250
NIFTY13OCT2217200PE.NFO,11/10/2022,09:33:27,121.8,121.6,200,121.75,50,4250,6380250
NIFTY13OCT2217200PE.NFO,11/10/2022,09:33:28,121.45,121.3,200,121.5,400,6500,6380250
NIFTY13OCT2217200PE.NFO,11/10/2022,09:33:28,120.8,120.75,250,121,550,5850,6380250
NIFTY13OCT2217200PE.NFO,11/10/2022,09:33:30,120.5,120.25,50,120.5,250,6800,6380250
NIFTY13OCT2217200PE.NFO,11/10/2022,09:33:31,119.45,119.25,350,119.5,250,39850,6380250
NIFTY13OCT2217200PE.NFO,11/10/2022,09:33:32,119.05,119,5850,119.15,50,9350,6380250
NIFTY13OCT2217200PE.NFO,11/10/2022,09:33:33,119.15,119.15,250,119.35,150,10350,6380250
NIFTY13OCT2217200PE.NFO,11/10/2022,09:33:34,119.05,118.95,100,119.05,100,6150,6380250
NIFTY13OCT2217200PE.NFO,11/10/2022,09:33:34,119.05,119.1,200,119.25,50,700,6380250
NIFTY13OCT2217200PE.NFO,11/10/2022,09:33:35,119.8,119.75,200,119.95,200,6900,6380250
NIFTY13OCT2217200PE.NFO,11/10/2022,09:33:36,118.7,118.55,100,118.75,300,6800,6380250
NIFTY13OCT2217200PE.NFO,11/10/2022,09:33:38,119.45,119.45,150,119.6,50,6200,6380250
NIFTY13OCT2217200PE.NFO,11/10/2022,09:33:39,119.7,119.55,250,119.75,150,1450,6380250
NIFTY13OCT2217200PE.NFO,11/10/2022,09:33:40,119.5,119.5,50,119.65,300,3850,6380250
NIFTY13OCT2217200PE.NFO,11/10/2022,09:33:41,119.6,119.5,50,119.7,250,5150,6380250
NIFTY13OCT2217200PE.NFO,11/10/2022,09:33:42,119.8,119.7,50,119.85,100,8200,6380250
NIFTY13OCT2217200PE.NFO,11/10/2022,09:33:42,120.3,120.1,250,120.3,150,200,6380250
NIFTY13OCT2217200PE.NFO,11/10/2022,09:33:43,119.65,119.8,50,120,100,5500,6380250
NIFTY13OCT2217200PE.NFO,11/10/2022,09:33:44,118.85,118.7,3200,118.95,50,5650,6380250
NIFTY13OCT2217200PE.NFO,11/10/2022,09:33:46,118.3,118.4,200,118.55,350,3900,6380250
NIFTY13OCT2217200PE.NFO,11/10/2022,09:33:47,118.5,118.5,100,118.65,50,6100,6380250
NIFTY13OCT2217200PE.NFO,11/10/2022,09:33:48,119.1,118.8,250,119,200,6350,6380250
NIFTY13OCT2217200PE.NFO,11/10/2022,09:33:49,118.55,118.5,50,118.65,350,4600,6380250
NIFTY13OCT2217200PE.NFO,11/10/2022,09:33:49,118.85,118.6,50,118.75,250,1100,6380250
NIFTY13OCT2217200PE.NFO,11/10/2022,09:33:50,118.9,118.65,250,118.9,400,6450,6380250
NIFTY13OCT2217200PE.NFO,11/10/2022,09:33:52,119,119,1150,119.1,50,7950,6380250
NIFTY13OCT2217200PE.NFO,11/10/2022,09:33:52,118.6,118.35,50,118.6,850,3150,6380250
NIFTY13OCT2217200PE.NFO,11/10/2022,09:33:54,118.95,118.95,100,119.15,200,7450,6380250
NIFTY13OCT2217200PE.NFO,11/10/2022,09:33:55,118.75,118.55,250,118.75,200,8350,6380250
NIFTY13OCT2217200PE.NFO,11/10/2022,09:33:55,118.65,118.35,250,118.6,650,400,6380250
NIFTY13OCT2217200PE.NFO,11/10/2022,09:33:56,118.3,118.3,350,118.5,250,5700,6380250
NIFTY13OCT2217200PE.NFO,11/10/2022,09:33:57,118.95,118.8,50,119,250,11650,6380250
NIFTY13OCT2217200PE.NFO,11/10/2022,09:33:58,119.95,119.75,150,119.95,50,7950,6380250
NIFTY13OCT2217200PE.NFO,11/10/2022,09:33:59,120.45,120.3,100,120.4,250,7650,6380250
NIFTY13OCT2217200PE.NFO,11/10/2022,09:34:01,120.2,120.05,50,120.2,150,24750,6380250
NIFTY13OCT2217200PE.NFO,11/10/2022,09:34:01,120.15,120.2,50,120.4,150,2850,6380250
NIFTY13OCT2217200PE.NFO,11/10/2022,09:34:03,121.4,121.4,500,121.5,350,28750,6380250
NIFTY13OCT2217200PE.NFO,11/10/2022,09:34:04,122.4,122.15,50,122.35,200,26950,6380250
NIFTY13OCT2217200PE.NFO,11/10/2022,09:34:05,122.45,122.25,200,122.45,50,8450,6380250
NIFTY13OCT2217200PE.NFO,11/10/2022,09:34:05,122.15,121.9,250,122.15,250,800,6380250
NIFTY13OCT2217200PE.NFO,11/10/2022,09:34:06,122,121.8,200,122,200,1600,6380250
NIFTY13OCT2217200PE.NFO,11/10/2022,09:34:07,122.4,122.2,1200,122.4,200,10700,6380250
NIFTY13OCT2217200PE.NFO,11/10/2022,09:34:09,123.8,123.65,150,123.85,550,10300,6380250
NIFTY13OCT2217200PE.NFO,11/10/2022,09:34:10,123.3,123.35,50,123.55,200,8350,6380250
NIFTY13OCT2217200PE.NFO,11/10/2022,09:34:11,122.95,123,50,123.1,150,7950,6380250
NIFTY13OCT2217200PE.NFO,11/10/2022,09:34:11,123.65,123.7,350,123.95,200,13500,6380250
NIFTY13OCT2217200PE.NFO,11/10/2022,09:34:13,122.85,122.7,300,122.9,250,5400,6380250
NIFTY13OCT2217200PE.NFO,11/10/2022,09:34:14,123.05,123,200,123.25,300,5250,6380250
NIFTY13OCT2217200PE.NFO,11/10/2022,09:34:15,122.65,122.8,100,123,200,5950,6380250
NIFTY13OCT2217200PE.NFO,11/10/2022,09:34:16,123.65,123.4,200,123.6,200,7350,6380250
NIFTY13OCT2217200PE.NFO,11/10/2022,09:34:17,123.25,123.2,50,123.45,850,3950,6380250
NIFTY13OCT2217200PE.NFO,11/10/2022,09:34:18,123.15,123.15,150,123.4,1100,5450,6380250
NIFTY13OCT2217200PE.NFO,11/10/2022,09:34:19,123.75,123.75,400,124.05,900,4000,6380250
NIFTY13OCT2217200PE.NFO,11/10/2022,09:34:20,124.2,124.15,400,124.3,50,7750,6380250
NIFTY13OCT2217200PE.NFO,11/10/2022,09:34:20,124.45,124.25,150,124.5,300,500,6380250
NIFTY13OCT2217200PE.NFO,11/10/2022,09:34:21,124.6,124.3,300,124.6,450,6150,6380250
NIFTY13OCT2217200PE.NFO,11/10/2022,09:34:23,124.3,124.25,100,124.5,150,14050,6380250
NIFTY13OCT2217200PE.NFO,11/10/2022,09:34:24,124.5,124.4,50,124.5,200,6050,6380250
NIFTY13OCT2217200PE.NFO,11/10/2022,09:34:25,124.55,124.5,300,124.55,100,4600,6380250
NIFTY13OCT2217200PE.NFO,11/10/2022,09:34:26,124.85,124.7,50,124.85,100,10000,6380250
NIFTY13OCT2217200PE.NFO,11/10/2022,09:34:26,124.85,124.6,50,124.8,100,12150,6380250
NIFTY13OCT2217200PE.NFO,11/10/2022,09:34:27,124.6,124.35,400,124.6,350,6150,6380250
NIFTY13OCT2217200PE.NFO,11/10/2022,09:34:29,124.5,124.55,200,124.6,700,17700,6380250
NIFTY13OCT2217200PE.NFO,11/10/2022,09:34:30,124.4,124.35,50,124.4,200,3500,6380250
NIFTY13OCT2217200PE.NFO,11/10/2022,09:34:31,124.7,124.6,350,124.7,250,5600,6380250
NIFTY13OCT2217200PE.NFO,11/10/2022,09:34:31,125.6,125.5,50,125.7,400,12950,6380250
NIFTY13OCT2217200PE.NFO,11/10/2022,09:34:32,125.7,125.65,200,125.85,350,7650,6380250
NIFTY13OCT2217200PE.NFO,11/10/2022,09:34:33,125.95,125.65,50,125.85,200,4750,6380250
NIFTY13OCT2217200PE.NFO,11/10/2022,09:34:34,125.7,125.65,50,125.7,850,10500,6380250
NIFTY13OCT2217200PE.NFO,11/10/2022,09:34:35,125.75,125.7,250,125.8,150,8450,6380250
NIFTY13OCT2217200PE.NFO,11/10/2022,09:34:37,126,125.9,100,126,450,21850,6380250
NIFTY13OCT2217200PE.NFO,11/10/2022,09:34:38,125.85,125.75,100,125.9,400,12350,6380250
NIFTY13OCT2217200PE.NFO,11/10/2022,09:34:39,125.7,125.35,200,125.55,250,8550,6380250
NIFTY13OCT2217200PE.NFO,11/10/2022,09:34:40,125.7,125.3,200,125.5,200,3800,6380250
NIFTY13OCT2217200PE.NFO,11/10/2022,09:34:41,124.7,124.75,250,124.95,200,7150,6380250
NIFTY13OCT2217200PE.NFO,11/10/2022,09:34:43,125.85,125.7,50,125.9,50,10400,6380250
NIFTY13OCT2217200PE.NFO,11/10/2022,09:34:44,125.6,125.6,50,125.8,150,5850,6380250
NIFTY13OCT2217200PE.NFO,11/10/2022,09:34:45,125.6,125.35,50,125.55,50,4650,6380250
NIFTY13OCT2217200PE.NFO,11/10/2022,09:34:46,125.25,125.05,250,125.25,250,1900,6380250
NIFTY13OCT2217200PE.NFO,11/10/2022,09:34:47,125.15,125.05,100,125.25,200,7750,6380250
NIFTY13OCT2217200PE.NFO,11/10/2022,09:34:47,125.3,125.1,100,125.3,50,450,6380250
NIFTY13OCT2217200PE.NFO,11/10/2022,09:34:48,125.35,125.1,250,125.35,300,5650,6380250
NIFTY13OCT2217200PE.NFO,11/10/2022,09:34:49,125.45,125.4,150,125.6,200,6200,6380250
NIFTY13OCT2217200PE.NFO,11/10/2022,09:34:51,126,125.9,50,126,100,11000,6380250
NIFTY13OCT2217200PE.NFO,11/10/2022,09:34:52,126.05,126.05,100,126.15,2750,4450,6380250
NIFTY13OCT2217200PE.NFO,11/10/2022,09:34:53,127.25,127.3,50,127.35,100,31100,6380250
NIFTY13OCT2217200PE.NFO,11/10/2022,09:34:55,128.8,128.6,350,128.85,400,30950,6380250
NIFTY13OCT2217200PE.NFO,11/10/2022,09:34:56,128.9,128.65,250,128.9,150,19800,6380250
NIFTY13OCT2217200PE.NFO,11/10/2022,09:34:57,128.85,128.65,200,128.85,50,21650,6380250
NIFTY13OCT2217200PE.NFO,11/10/2022,09:34:58,128.65,128.45,50,128.65,150,15100,6380250
NIFTY13OCT2217200PE.NFO,11/10/2022,09:35:00,128.85,128.65,50,128.85,200,16350,6380250
NIFTY13OCT2217200PE.NFO,11/10/2022,09:35:01,129.45,129.35,200,129.55,150,22600,6380250
NIFTY13OCT2217200PE.NFO,11/10/2022,09:35:02,129.4,129.4,150,129.65,500,21850,6380250
NIFTY13OCT2217200PE.NFO,11/10/2022,09:35:03,129.4,129.2,300,129.45,150,19100,6380250
NIFTY13OCT2217200PE.NFO,11/10/2022,09:35:03,129,128.9,100,129.05,50,3800,6380250
NIFTY13OCT2217200PE.NFO,11/10/2022,09:35:04,129.9,129.75,1100,129.9,2150,17300,6380250
NIFTY13OCT2217200PE.NFO,11/10/2022,09:35:05,130,129.8,300,129.95,200,26200,6380250
NIFTY13OCT2217200PE.NFO,11/10/2022,09:35:06,130.55,130.55,250,130.7,250,41450,6380250
NIFTY13OCT2217200PE.NFO,11/10/2022,09:35:08,131.7,131.4,250,131.65,150,42050,6380250
NIFTY13OCT2217200PE.NFO,11/10/2022,09:35:09,132.25,132.15,300,132.25,100,34550,6380250
NIFTY13OCT2217200PE.NFO,11/10/2022,09:35:10,132,131.85,100,131.9,50,38800,6380250
NIFTY13OCT2217200PE.NFO,11/10/2022,09:35:12,132.25,132.1,50,132.35,100,21750,6380250
NIFTY13OCT2217200PE.NFO,11/10/2022,09:35:13,131.2,131.2,200,131.35,100,24500,6380250
NIFTY13OCT2217200PE.NFO,11/10/2022,09:35:14,131.15,131.1,100,131.35,200,25050,6380250
NIFTY13OCT2217200PE.NFO,11/10/2022,09:35:15,131.05,130.8,50,131,300,19250,6380250
NIFTY13OCT2217200PE.NFO,11/10/2022,09:35:16,130.9,130.65,100,130.9,300,27400,6380250
NIFTY13OCT2217200PE.NFO,11/10/2022,09:35:17,129.85,129.9,200,130.15,150,14400,6380250
NIFTY13OCT2217200PE.NFO,11/10/2022,09:35:18,129.85,129.65,50,129.85,300,6500,6380250
NIFTY13OCT2217200PE.NFO,11/10/2022,09:35:19,130.85,130.8,150,130.95,50,14500,6380250
NIFTY13OCT2217200PE.NFO,11/10/2022,09:35:20,132,131.85,300,132,2050,9450,6380250
NIFTY13OCT2217200PE.NFO,11/10/2022,09:35:21,132.15,131.85,250,132.15,300,17800,6380250
NIFTY13OCT2217200PE.NFO,11/10/2022,09:35:22,132.7,132.55,100,132.75,100,12950,6380250
NIFTY13OCT2217200PE.NFO,11/10/2022,09:35:23,131.15,131.25,150,131.45,200,11200,6380250
NIFTY13OCT2217200PE.NFO,11/10/2022,09:35:24,132.35,132.3,150,132.55,50,11900,6380250
NIFTY13OCT2217200PE.NFO,11/10/2022,09:35:24,132.2,132.3,850,132.6,50,3400,6380250
NIFTY13OCT2217200PE.NFO,11/10/2022,09:35:25,133,132.8,200,133,3100,27650,6380250
NIFTY13OCT2217200PE.NFO,11/10/2022,09:35:27,133.95,133.7,150,133.85,200,53300,6380250
NIFTY13OCT2217200PE.NFO,11/10/2022,09:35:27,134.4,133.7,150,133.85,200,0,6380250
NIFTY13OCT2217200PE.NFO,11/10/2022,09:35:28,133.7,133.7,350,133.9,150,18500,6380250
NIFTY13OCT2217200PE.NFO,11/10/2022,09:35:28,134.75,133.7,350,133.9,150,0,6380250
NIFTY13OCT2217200PE.NFO,11/10/2022,09:35:29,132.95,132.75,200,132.85,50,20350,6380250
NIFTY13OCT2217200PE.NFO,11/10/2022,09:35:30,134.35,134.15,200,134.4,200,31950,6380250
NIFTY13OCT2217200PE.NFO,11/10/2022,09:35:30,134.5,134.2,200,134.5,300,3600,6380250
NIFTY13OCT2217200PE.NFO,11/10/2022,09:35:31,133.1,132.85,200,133.15,300,31750,6477650
NIFTY13OCT2217200PE.NFO,11/10/2022,09:35:33,130.9,130.85,100,131.05,200,54600,6477650
NIFTY13OCT2217200PE.NFO,11/10/2022,09:35:34,132.4,132.15,50,132.4,100,22600,6477650
NIFTY13OCT2217200PE.NFO,11/10/2022,09:35:35,132.9,132.9,200,133.15,50,22100,6477650
NIFTY13OCT2217200PE.NFO,11/10/2022,09:35:35,133,133,50,133.2,50,6550,6477650
NIFTY13OCT2217200PE.NFO,11/10/2022,09:35:36,132.5,132.3,50,132.55,100,18850,6477650
NIFTY13OCT2217200PE.NFO,11/10/2022,09:35:38,131.9,131.75,300,132.15,500,17000,6477650
NIFTY13OCT2217200PE.NFO,11/10/2022,09:35:39,132.15,131.95,50,132.15,200,8950,6477650
NIFTY13OCT2217200PE.NFO,11/10/2022,09:35:40,132.65,132.35,150,132.65,550,15900,6477650
NIFTY13OCT2217200PE.NFO,11/10/2022,09:35:41,131.75,131.75,50,131.95,250,16650,6477650
NIFTY13OCT2217200PE.NFO,11/10/2022,09:35:42,131.75,131.7,100,132,550,11700,6477650
NIFTY13OCT2217200PE.NFO,11/10/2022,09:35:43,132.35,132.3,450,132.45,1100,9300,6477650
NIFTY13OCT2217200PE.NFO,11/10/2022,09:35:43,132.45,132.6,200,132.85,150,7000,6477650
NIFTY13OCT2217200PE.NFO,11/10/2022,09:35:44,133.35,133.05,200,133.3,300,13800,6477650
NIFTY13OCT2217200PE.NFO,11/10/2022,09:35:46,133.45,133.55,200,133.8,200,9400,6477650
NIFTY13OCT2217200PE.NFO,11/10/2022,09:35:47,133.35,133.15,150,133.35,250,17800,6477650
NIFTY13OCT2217200PE.NFO,11/10/2022,09:35:48,132.25,132.4,50,132.5,50,11400,6477650
NIFTY13OCT2217200PE.NFO,11/10/2022,09:35:49,133.2,133.05,150,133.3,150,11400,6477650
NIFTY13OCT2217200PE.NFO,11/10/2022,09:35:49,133.35,133.35,100,133.55,100,1500,6477650
NIFTY13OCT2217200PE.NFO,11/10/2022,09:35:50,134.7,134.4,400,134.65,400,17000,6477650
NIFTY13OCT2217200PE.NFO,11/10/2022,09:35:52,134.95,134.9,400,134.95,50,32350,6477650
NIFTY13OCT2217200PE.NFO,11/10/2022,09:35:52,135,134.9,400,134.95,50,0,6477650
NIFTY13OCT2217200PE.NFO,11/10/2022,09:35:53,134.9,134.9,150,135,29600,10350,6477650
NIFTY13OCT2217200PE.NFO,11/10/2022,09:35:54,135.55,135.3,350,135.55,50,44350,6477650
NIFTY13OCT2217200PE.NFO,11/10/2022,09:35:54,135.85,135.3,350,135.55,50,0,6477650
NIFTY13OCT2217200PE.NFO,11/10/2022,09:35:55,135.8,135.6,150,135.85,50,27550,6477650
NIFTY13OCT2217200PE.NFO,11/10/2022,09:35:55,136,135.6,150,135.85,50,0,6477650
NIFTY13OCT2217200PE.NFO,11/10/2022,09:35:57,135.8,135.6,150,135.8,50,24600,6477650
NIFTY13OCT2217200PE.NFO,11/10/2022,09:35:58,135.6,135.65,50,135.85,100,11600,6477650
