Ticker,Date,Time,LTP,BuyPrice,BuyQty,SellPrice,SellQty,LTQ,OpenInterest
NIFTY13OCT2217200CE.NFO,11/10/2022,09:15:00,144.05,134.15,200,143.9,50,850,0
NIFTY13OCT2217200CE.NFO,11/10/2022,09:15:00,144.05,134.15,200,143.9,50,0,0
NIFTY13OCT2217200CE.NFO,11/10/2022,09:15:00,147.05,134.15,200,143.9,50,0,0
NIFTY13OCT2217200CE.NFO,11/10/2022,09:15:00,143.9,134.15,200,143.9,50,0,0
NIFTY13OCT2217200CE.NFO,11/10/2022,09:15:01,123.95,124.05,200,127.7,500,19100,4145150
NIFTY13OCT2217200CE.NFO,11/10/2022,09:15:01,123.4,124.05,200,127.7,500,0,4145150
NIFTY13OCT2217200CE.NFO,11/10/2022,09:15:02,128.8,127.95,200,128.6,150,17000,4145150
NIFTY13OCT2217200CE.NFO,11/10/2022,09:15:04,126.1,125.5,250,126.45,100,39100,4145150
NIFTY13OCT2217200CE.NFO,11/10/2022,09:15:06,123.3,122.85,100,123.3,700,44000,4145150
NIFTY13OCT2217200CE.NFO,11/10/2022,09:15:06,120.5,122.85,100,123.3,700,0,4145150
NIFTY13OCT2217200CE.NFO,11/10/2022,09:15:07,123.1,123.2,200,123.5,100,23950,4145150
NIFTY13OCT2217200CE.NFO,11/10/2022,09:15:09,125.6,125.85,250,126.1,50,38800,4145150
NIFTY13OCT2217200CE.NFO,11/10/2022,09:15:10,129.3,127.65,150,128.75,100,35800,4145150
NIFTY13OCT2217200CE.NFO,11/10/2022,09:15:11,128.9,128.45,50,128.9,400,23800,4145150
NIFTY13OCT2217200CE.NFO,11/10/2022,09:15:13,125.3,124.9,350,125.45,50,26550,4145150
NIFTY13OCT2217200CE.NFO,11/10/2022,09:15:14,121.25,120.9,500,121.55,500,40000,4145150
NIFTY13OCT2217200CE.NFO,11/10/2022,09:15:14,118.85,120.9,500,121.55,500,0,4145150
NIFTY13OCT2217200CE.NFO,11/10/2022,09:15:15,119.9,119.65,350,120.3,250,32150,4145150
NIFTY13OCT2217200CE.NFO,11/10/2022,09:15:15,117,119.65,350,120.3,250,0,4145150
NIFTY13OCT2217200CE.NFO,11/10/2022,09:15:16,120.25,120.4,200,120.85,400,25000,4145150
NIFTY13OCT2217200CE.NFO,11/10/2022,09:15:17,119.9,119.45,200,119.85,200,45350,4145150
NIFTY13OCT2217200CE.NFO,11/10/2022,09:15:19,118.85,118.45,100,118.85,200,46500,4145150
NIFTY13OCT2217200CE.NFO,11/10/2022,09:15:19,116.35,118.45,100,118.85,200,0,4145150
NIFTY13OCT2217200CE.NFO,11/10/2022,09:15:21,118.85,118.6,50,119,450,35800,4145150
NIFTY13OCT2217200CE.NFO,11/10/2022,09:15:22,117.2,116.8,50,117.15,200,37900,4145150
NIFTY13OCT2217200CE.NFO,11/10/2022,09:15:23,117.8,117.4,50,117.8,100,47250,4145150
NIFTY13OCT2217200CE.NFO,11/10/2022,09:15:24,115.3,115.2,50,115.6,100,15300,4145150
NIFTY13OCT2217200CE.NFO,11/10/2022,09:15:24,115.3,115.2,50,115.6,100,0,4145150
NIFTY13OCT2217200CE.NFO,11/10/2022,09:15:26,115.6,115.1,150,115.6,50,25400,4145150
NIFTY13OCT2217200CE.NFO,11/10/2022,09:15:26,114.75,115.1,150,115.6,50,0,4145150
NIFTY13OCT2217200CE.NFO,11/10/2022,09:15:27,115.7,115.7,100,116.15,200,36400,4145150
NIFTY13OCT2217200CE.NFO,11/10/2022,09:15:27,114.2,115.7,100,116.15,200,0,4145150
NIFTY13OCT2217200CE.NFO,11/10/2022,09:15:28,115.65,115.6,400,116.15,200,30200,4145150
NIFTY13OCT2217200CE.NFO,11/10/2022,09:15:30,117.55,117.55,100,117.75,850,23750,4145150
NIFTY13OCT2217200CE.NFO,11/10/2022,09:15:31,118.7,118.65,600,119,100,20800,4145150
NIFTY13OCT2217200CE.NFO,11/10/2022,09:15:32,120.7,120.2,100,120.7,100,35700,4145150
NIFTY13OCT2217200CE.NFO,11/10/2022,09:15:33,121.15,120.75,50,121.2,800,19000,4145150
NIFTY13OCT2217200CE.NFO,11/10/2022,09:15:34,121.2,120.9,50,121.15,150,14300,4145150
NIFTY13OCT2217200CE.NFO,11/10/2022,09:15:35,121.1,120.75,150,121.05,50,15300,4145150
NIFTY13OCT2217200CE.NFO,11/10/2022,09:15:36,122,121.7,50,122,350,13300,4145150
NIFTY13OCT2217200CE.NFO,11/10/2022,09:15:37,124,124,400,124.5,450,20650,4145150
NIFTY13OCT2217200CE.NFO,11/10/2022,09:15:39,125.95,125.35,50,125.95,50,23800,4145150
NIFTY13OCT2217200CE.NFO,11/10/2022,09:15:40,126.45,126.05,150,126.45,100,26400,4145150
NIFTY13OCT2217200CE.NFO,11/10/2022,09:15:41,125.45,125.1,50,125.45,150,24150,4145150
NIFTY13OCT2217200CE.NFO,11/10/2022,09:15:42,123.45,123.15,150,123.5,100,36750,4145150
NIFTY13OCT2217200CE.NFO,11/10/2022,09:15:43,123.4,123.25,200,123.45,100,33700,4145150
NIFTY13OCT2217200CE.NFO,11/10/2022,09:15:44,121.2,121.2,100,121.75,400,41400,4145150
NIFTY13OCT2217200CE.NFO,11/10/2022,09:15:45,122.5,122.5,150,122.8,100,44050,4145150
NIFTY13OCT2217200CE.NFO,11/10/2022,09:15:46,123.6,123.1,450,123.6,50,27000,4145150
NIFTY13OCT2217200CE.NFO,11/10/2022,09:15:47,124.5,124.1,450,124.5,100,32250,4145150
NIFTY13OCT2217200CE.NFO,11/10/2022,09:15:48,124.5,124.5,50,124.85,350,32450,4145150
NIFTY13OCT2217200CE.NFO,11/10/2022,09:15:49,125.45,125.55,150,125.85,100,21600,4145150
NIFTY13OCT2217200CE.NFO,11/10/2022,09:15:50,127,126.45,50,127,1400,21800,4145150
NIFTY13OCT2217200CE.NFO,11/10/2022,09:15:51,127.4,126.9,600,127.5,650,16850,4145150
NIFTY13OCT2217200CE.NFO,11/10/2022,09:15:52,126.35,126.1,50,126.45,50,9900,4145150
NIFTY13OCT2217200CE.NFO,11/10/2022,09:15:53,126.5,126.2,150,126.55,50,28000,4145150
NIFTY13OCT2217200CE.NFO,11/10/2022,09:15:54,125.4,125,350,125.35,50,44300,4145150
NIFTY13OCT2217200CE.NFO,11/10/2022,09:15:55,124.1,124.1,150,124.6,50,19550,4145150
NIFTY13OCT2217200CE.NFO,11/10/2022,09:15:56,123.95,123.95,50,124.5,100,36700,4145150
NIFTY13OCT2217200CE.NFO,11/10/2022,09:15:58,124,123.6,200,124,50,24400,4145150
NIFTY13OCT2217200CE.NFO,11/10/2022,09:15:59,123.1,123.1,450,123.65,150,15600,4145150
NIFTY13OCT2217200CE.NFO,11/10/2022,09:16:00,123.25,123,950,123.2,150,11750,4145150
NIFTY13OCT2217200CE.NFO,11/10/2022,09:16:00,122,122,3100,122.35,50,30850,4145150
NIFTY13OCT2217200CE.NFO,11/10/2022,09:16:02,120.05,120,14350,120.15,250,50800,4145150
NIFTY13OCT2217200CE.NFO,11/10/2022,09:16:03,119.55,119.4,150,119.55,50,29500,4145150
NIFTY13OCT2217200CE.NFO,11/10/2022,09:16:04,118.3,118.25,250,118.55,100,26100,4145150
NIFTY13OCT2217200CE.NFO,11/10/2022,09:16:05,117.3,117.05,50,117.25,100,32700,4145150
NIFTY13OCT2217200CE.NFO,11/10/2022,09:16:07,116.45,116.45,150,116.6,50,14050,4145150
NIFTY13OCT2217200CE.NFO,11/10/2022,09:16:08,115.9,115.6,200,115.85,150,15200,4145150
NIFTY13OCT2217200CE.NFO,11/10/2022,09:16:09,117.2,117.05,100,117.2,50,15800,4145150
NIFTY13OCT2217200CE.NFO,11/10/2022,09:16:11,117.05,117,100,117.1,50,25400,4145150
NIFTY13OCT2217200CE.NFO,11/10/2022,09:16:12,116.7,116.55,100,116.7,100,7450,4145150
NIFTY13OCT2217200CE.NFO,11/10/2022,09:16:13,116.75,116.75,50,116.95,50,24350,4145150
NIFTY13OCT2217200CE.NFO,11/10/2022,09:16:14,116,116,1700,116.1,150,13250,4145150
NIFTY13OCT2217200CE.NFO,11/10/2022,09:16:15,115.5,115.3,50,115.55,200,10750,4145150
NIFTY13OCT2217200CE.NFO,11/10/2022,09:16:16,115.65,115.5,50,115.7,50,11350,4145150
NIFTY13OCT2217200CE.NFO,11/10/2022,09:16:17,114.2,114.15,50,114.45,600,24400,4145150
NIFTY13OCT2217200CE.NFO,11/10/2022,09:16:18,113.75,113.55,50,113.8,100,27600,4145150
NIFTY13OCT2217200CE.NFO,11/10/2022,09:16:18,113.2,113.55,50,113.8,100,0,4145150
NIFTY13OCT2217200CE.NFO,11/10/2022,09:16:19,114.15,113.95,50,114.15,150,24350,4145150
NIFTY13OCT2217200CE.NFO,11/10/2022,09:16:20,114.15,114.15,50,114.3,50,11850,4145150
NIFTY13OCT2217200CE.NFO,11/10/2022,09:16:21,114.4,114.05,100,114.1,50,12900,4145150
NIFTY13OCT2217200CE.NFO,11/10/2022,09:16:22,113.75,113.75,50,113.95,200,5850,4145150
NIFTY13OCT2217200CE.NFO,11/10/2022,09:16:23,113.45,113.45,50,113.55,50,10900,4145150
NIFTY13OCT2217200CE.NFO,11/10/2022,09:16:24,113.45,113.45,50,113.65,50,13200,4145150
NIFTY13OCT2217200CE.NFO,11/10/2022,09:16:26,112.55,112.55,50,112.75,150,15100,4145150
NIFTY13OCT2217200CE.NFO,11/10/2022,09:16:26,112.55,112.55,50,112.75,150,0,4145150
NIFTY13OCT2217200CE.NFO,11/10/2022,09:16:27,112.2,112.05,50,112.15,50,13000,4145150
NIFTY13OCT2217200CE.NFO,11/10/2022,09:16:27,112,112.05,50,112.15,50,0,4145150
NIFTY13OCT2217200CE.NFO,11/10/2022,09:16:28,112.2,112.15,50,112.3,150,16250,4145150
NIFTY13OCT2217200CE.NFO,11/10/2022,09:16:28,111.75,112.15,50,112.3,150,0,4145150
NIFTY13OCT2217200CE.NFO,11/10/2022,09:16:29,112.95,112.9,50,113.05,50,14950,4145150
NIFTY13OCT2217200CE.NFO,11/10/2022,09:16:30,113.35,113.35,50,113.6,550,17450,4145150
NIFTY13OCT2217200CE.NFO,11/10/2022,09:16:31,115.35,115.4,100,115.55,100,18050,4145150
NIFTY13OCT2217200CE.NFO,11/10/2022,09:16:32,115.35,115.35,50,115.7,50,68400,4145150
NIFTY13OCT2217200CE.NFO,11/10/2022,09:16:33,113.8,113.55,250,113.75,100,25900,4145150
NIFTY13OCT2217200CE.NFO,11/10/2022,09:16:34,114.15,114.1,100,114.15,100,12950,4145150
NIFTY13OCT2217200CE.NFO,11/10/2022,09:16:35,116.35,116.35,50,116.55,100,11200,4145150
NIFTY13OCT2217200CE.NFO,11/10/2022,09:16:37,116.95,116.95,250,117.15,100,22150,4145150
NIFTY13OCT2217200CE.NFO,11/10/2022,09:16:38,116.85,116.7,150,116.85,50,7400,4145150
NIFTY13OCT2217200CE.NFO,11/10/2022,09:16:39,117.95,117.75,100,117.9,150,9200,4145150
NIFTY13OCT2217200CE.NFO,11/10/2022,09:16:40,117.6,117.6,50,117.8,100,12800,4145150
NIFTY13OCT2217200CE.NFO,11/10/2022,09:16:41,117.4,117.4,100,117.55,150,18150,4145150
NIFTY13OCT2217200CE.NFO,11/10/2022,09:16:42,119,118.75,100,118.95,100,13250,4145150
NIFTY13OCT2217200CE.NFO,11/10/2022,09:16:43,120.2,120.1,50,120.35,1050,34200,4145150
NIFTY13OCT2217200CE.NFO,11/10/2022,09:16:44,121,121.05,150,121.3,100,22350,4145150
NIFTY13OCT2217200CE.NFO,11/10/2022,09:16:45,121.05,121.05,450,121.35,150,21550,4145150
NIFTY13OCT2217200CE.NFO,11/10/2022,09:16:46,120.8,120.65,150,120.9,550,18400,4145150
NIFTY13OCT2217200CE.NFO,11/10/2022,09:16:47,121.25,121,50,121.25,300,21600,4145150
NIFTY13OCT2217200CE.NFO,11/10/2022,09:16:49,121.1,120.85,100,121,50,20000,4145150
NIFTY13OCT2217200CE.NFO,11/10/2022,09:16:49,120.5,120.55,100,120.75,100,5350,4145150
NIFTY13OCT2217200CE.NFO,11/10/2022,09:16:50,121.1,121.1,50,121.3,100,16300,4145150
NIFTY13OCT2217200CE.NFO,11/10/2022,09:16:51,121.65,121.4,450,121.6,100,23700,4145150
NIFTY13OCT2217200CE.NFO,11/10/2022,09:16:52,121.45,121.35,100,121.5,50,17650,4145150
NIFTY13OCT2217200CE.NFO,11/10/2022,09:16:53,120.6,120.5,200,120.65,50,20900,4145150
NIFTY13OCT2217200CE.NFO,11/10/2022,09:16:54,120.4,120.15,100,120.4,50,23850,4145150
NIFTY13OCT2217200CE.NFO,11/10/2022,09:16:55,120.95,121.2,50,121.3,150,26600,4145150
NIFTY13OCT2217200CE.NFO,11/10/2022,09:16:57,121.45,121.35,50,121.55,50,33400,4145150
NIFTY13OCT2217200CE.NFO,11/10/2022,09:16:58,121.85,121.55,100,121.75,50,38800,4145150
NIFTY13OCT2217200CE.NFO,11/10/2022,09:16:59,121.35,121.2,150,121.55,100,35050,4145150
NIFTY13OCT2217200CE.NFO,11/10/2022,09:17:00,123.1,122.85,50,123.05,50,24700,4145150
NIFTY13OCT2217200CE.NFO,11/10/2022,09:17:01,122.45,122.25,100,122.45,200,25650,4145150
NIFTY13OCT2217200CE.NFO,11/10/2022,09:17:02,120.8,120.5,50,120.75,100,39350,4145150
NIFTY13OCT2217200CE.NFO,11/10/2022,09:17:04,120.5,120.5,200,120.7,100,28450,4145150
NIFTY13OCT2217200CE.NFO,11/10/2022,09:17:05,120.35,120.35,100,120.5,100,31900,4145150
NIFTY13OCT2217200CE.NFO,11/10/2022,09:17:07,120.5,120.3,50,120.45,50,12550,4145150
NIFTY13OCT2217200CE.NFO,11/10/2022,09:17:08,120.95,120.85,100,121.05,100,11150,4145150
NIFTY13OCT2217200CE.NFO,11/10/2022,09:17:09,120.7,120.55,150,120.75,100,4600,4145150
NIFTY13OCT2217200CE.NFO,11/10/2022,09:17:10,120.4,120.05,100,120.25,50,9750,4145150
NIFTY13OCT2217200CE.NFO,11/10/2022,09:17:10,120.25,120.15,100,120.25,100,3650,4145150
NIFTY13OCT2217200CE.NFO,11/10/2022,09:17:11,119.5,119.35,200,119.5,100,19450,4145150
NIFTY13OCT2217200CE.NFO,11/10/2022,09:17:13,118,117.9,100,118.1,50,41250,4145150
NIFTY13OCT2217200CE.NFO,11/10/2022,09:17:14,117,117,50,117.15,100,10550,4145150
NIFTY13OCT2217200CE.NFO,11/10/2022,09:17:15,117.6,117.4,100,117.6,100,15500,4145150
NIFTY13OCT2217200CE.NFO,11/10/2022,09:17:16,117.8,117.9,100,118.15,100,12200,4145150
NIFTY13OCT2217200CE.NFO,11/10/2022,09:17:18,119.05,118.75,100,118.95,100,18200,4145150
NIFTY13OCT2217200CE.NFO,11/10/2022,09:17:19,120.5,120.35,50,120.5,50,18900,4145150
NIFTY13OCT2217200CE.NFO,11/10/2022,09:17:20,121.1,121.05,100,121.3,300,11200,4145150
NIFTY13OCT2217200CE.NFO,11/10/2022,09:17:21,120,119.85,150,120.1,350,13200,4145150
NIFTY13OCT2217200CE.NFO,11/10/2022,09:17:22,120.25,120.1,100,120.25,50,5750,4145150
NIFTY13OCT2217200CE.NFO,11/10/2022,09:17:24,120.85,120.85,50,121,150,27200,4145150
NIFTY13OCT2217200CE.NFO,11/10/2022,09:17:25,119.8,119.55,700,119.75,200,13150,4145150
NIFTY13OCT2217200CE.NFO,11/10/2022,09:17:26,119.9,119.65,50,119.9,150,9650,4145150
NIFTY13OCT2217200CE.NFO,11/10/2022,09:17:27,119.4,119.25,650,119.4,50,8950,4145150
NIFTY13OCT2217200CE.NFO,11/10/2022,09:17:27,119.65,119.55,100,119.65,850,1350,4145150
NIFTY13OCT2217200CE.NFO,11/10/2022,09:17:28,117.65,117.6,100,117.65,50,8850,4879450
NIFTY13OCT2217200CE.NFO,11/10/2022,09:17:30,116.75,116.65,400,116.85,100,20350,4879450
NIFTY13OCT2217200CE.NFO,11/10/2022,09:17:31,118.75,118.6,150,118.75,50,11050,4879450
NIFTY13OCT2217200CE.NFO,11/10/2022,09:17:32,119.4,119.4,50,119.55,50,11700,4879450
NIFTY13OCT2217200CE.NFO,11/10/2022,09:17:33,119.1,118.95,100,119.15,50,8600,4879450
NIFTY13OCT2217200CE.NFO,11/10/2022,09:17:35,118.85,118.35,50,118.6,100,8100,4879450
NIFTY13OCT2217200CE.NFO,11/10/2022,09:17:36,117.65,117.6,750,117.9,300,10850,4879450
NIFTY13OCT2217200CE.NFO,11/10/2022,09:17:37,117.25,117.25,400,117.45,50,9550,4879450
NIFTY13OCT2217200CE.NFO,11/10/2022,09:17:38,117.2,117.2,50,117.4,50,12700,4879450
NIFTY13OCT2217200CE.NFO,11/10/2022,09:17:39,116.85,116.7,100,116.9,100,16150,4879450
NIFTY13OCT2217200CE.NFO,11/10/2022,09:17:40,116.2,116.25,100,116.45,50,8450,4879450
NIFTY13OCT2217200CE.NFO,11/10/2022,09:17:42,116.3,116.3,150,116.6,850,13050,4879450
NIFTY13OCT2217200CE.NFO,11/10/2022,09:17:43,119.05,118.9,50,119.05,50,9750,4879450
NIFTY13OCT2217200CE.NFO,11/10/2022,09:17:44,118.6,118.15,100,118.35,50,15850,4879450
NIFTY13OCT2217200CE.NFO,11/10/2022,09:17:45,118.9,118.95,100,119,1500,1650,4879450
NIFTY13OCT2217200CE.NFO,11/10/2022,09:17:46,117.4,117.5,100,117.7,400,8150,4879450
NIFTY13OCT2217200CE.NFO,11/10/2022,09:17:48,118.05,118.05,100,118.3,100,7200,4879450
NIFTY13OCT2217200CE.NFO,11/10/2022,09:17:49,117.95,117.75,50,117.95,200,15650,4879450
NIFTY13OCT2217200CE.NFO,11/10/2022,09:17:50,117.5,117.4,100,117.5,200,9550,4879450
NIFTY13OCT2217200CE.NFO,11/10/2022,09:17:51,117.9,117.8,50,117.95,100,6600,4879450
NIFTY13OCT2217200CE.NFO,11/10/2022,09:17:52,118.2,117.95,100,118.2,150,9750,4879450
NIFTY13OCT2217200CE.NFO,11/10/2022,09:17:53,119.75,119.55,50,119.75,150,7350,4879450
NIFTY13OCT2217200CE.NFO,11/10/2022,09:17:55,120.65,120.65,150,120.85,150,40400,4879450
NIFTY13OCT2217200CE.NFO,11/10/2022,09:17:56,120.4,120.35,300,120.55,100,6650,4879450
NIFTY13OCT2217200CE.NFO,11/10/2022,09:17:57,120.5,120.6,50,120.8,50,25300,4879450
NIFTY13OCT2217200CE.NFO,11/10/2022,09:17:59,120.55,120.65,50,120.75,100,8400,4879450
NIFTY13OCT2217200CE.NFO,11/10/2022,09:18:00,120.45,120.05,150,120.25,250,6750,4879450
NIFTY13OCT2217200CE.NFO,11/10/2022,09:18:01,120.05,120,300,120.1,100,25400,4879450
NIFTY13OCT2217200CE.NFO,11/10/2022,09:18:03,119.15,119.3,150,119.4,100,13150,4879450
NIFTY13OCT2217200CE.NFO,11/10/2022,09:18:04,119.65,119.65,50,119.8,50,8350,4879450
NIFTY13OCT2217200CE.NFO,11/10/2022,09:18:05,118.35,118.3,100,118.5,50,9550,4879450
NIFTY13OCT2217200CE.NFO,11/10/2022,09:18:06,117.15,117.05,50,117.2,100,15600,4879450
NIFTY13OCT2217200CE.NFO,11/10/2022,09:18:08,116.65,116.65,50,116.8,150,27500,4879450
NIFTY13OCT2217200CE.NFO,11/10/2022,09:18:09,116.35,116.35,50,116.55,50,5200,4879450
NIFTY13OCT2217200CE.NFO,11/10/2022,09:18:10,115.6,115.35,100,115.6,100,28800,4879450
NIFTY13OCT2217200CE.NFO,11/10/2022,09:18:11,115.3,115.05,100,115.3,100,10100,4879450
NIFTY13OCT2217200CE.NFO,11/10/2022,09:18:12,113.9,113.9,50,114.1,100,28000,4879450
NIFTY13OCT2217200CE.NFO,11/10/2022,09:18:13,113.45,113.35,50,113.45,100,25200,4879450
NIFTY13OCT2217200CE.NFO,11/10/2022,09:18:15,112.5,112.5,100,112.7,200,19400,4879450
NIFTY13OCT2217200CE.NFO,11/10/2022,09:18:16,113.45,113.45,50,113.6,100,17450,4879450
NIFTY13OCT2217200CE.NFO,11/10/2022,09:18:17,112.25,112.25,50,112.3,50,13150,4879450
NIFTY13OCT2217200CE.NFO,11/10/2022,09:18:19,113,112.85,50,113,50,16750,4879450
NIFTY13OCT2217200CE.NFO,11/10/2022,09:18:20,113.3,113.15,50,113.3,50,20200,4879450
NIFTY13OCT2217200CE.NFO,11/10/2022,09:18:21,113.8,113.8,100,113.95,50,23700,4879450
NIFTY13OCT2217200CE.NFO,11/10/2022,09:18:23,113.8,113.75,1350,114,100,32200,4879450
NIFTY13OCT2217200CE.NFO,11/10/2022,09:18:24,114.4,114.15,200,114.4,150,7650,4879450
NIFTY13OCT2217200CE.NFO,11/10/2022,09:18:25,116.5,116.55,150,116.7,50,5250,4879450
NIFTY13OCT2217200CE.NFO,11/10/2022,09:18:26,116.65,116.8,50,116.95,50,18500,4879450
NIFTY13OCT2217200CE.NFO,11/10/2022,09:18:28,115.3,115.35,250,115.55,100,23200,4879450
NIFTY13OCT2217200CE.NFO,11/10/2022,09:18:29,116.05,115.95,150,116.2,400,8150,4879450
NIFTY13OCT2217200CE.NFO,11/10/2022,09:18:30,115.1,114.9,150,115.1,50,12700,4879450
NIFTY13OCT2217200CE.NFO,11/10/2022,09:18:31,114.95,114.85,50,114.95,50,9900,4879450
NIFTY13OCT2217200CE.NFO,11/10/2022,09:18:32,116.05,115.85,50,116.05,150,12100,4879450
NIFTY13OCT2217200CE.NFO,11/10/2022,09:18:33,116.5,116.3,50,116.5,50,9200,4879450
NIFTY13OCT2217200CE.NFO,11/10/2022,09:18:35,116.9,116.7,100,116.9,250,7250,4879450
NIFTY13OCT2217200CE.NFO,11/10/2022,09:18:35,115.55,115.55,100,115.65,200,8950,4879450
NIFTY13OCT2217200CE.NFO,11/10/2022,09:18:37,113.7,113.75,100,113.95,200,27650,4879450
NIFTY13OCT2217200CE.NFO,11/10/2022,09:18:38,113.3,113.25,300,113.35,50,8100,4879450
NIFTY13OCT2217200CE.NFO,11/10/2022,09:18:39,113.6,113.45,150,113.55,100,20000,4879450
NIFTY13OCT2217200CE.NFO,11/10/2022,09:18:40,113.45,113.25,100,113.45,150,9100,4879450
NIFTY13OCT2217200CE.NFO,11/10/2022,09:18:41,113.95,114,100,114.2,150,16350,4879450
NIFTY13OCT2217200CE.NFO,11/10/2022,09:18:42,113.6,113.65,100,113.7,300,7250,4879450
NIFTY13OCT2217200CE.NFO,11/10/2022,09:18:43,113.75,113.75,100,114,150,12600,4879450
NIFTY13OCT2217200CE.NFO,11/10/2022,09:18:44,113.85,113.7,150,113.85,100,14000,4879450
NIFTY13OCT2217200CE.NFO,11/10/2022,09:18:46,112.75,112.55,50,112.75,100,14300,4879450
NIFTY13OCT2217200CE.NFO,11/10/2022,09:18:47,112.1,112.05,450,112.3,850,8350,4879450
NIFTY13OCT2217200CE.NFO,11/10/2022,09:18:48,112.9,112.85,100,113.05,200,5700,4879450
NIFTY13OCT2217200CE.NFO,11/10/2022,09:18:49,113.15,112.9,50,113,300,14700,4879450
NIFTY13OCT2217200CE.NFO,11/10/2022,09:18:50,113.15,113.05,100,113.25,50,24300,4879450
NIFTY13OCT2217200CE.NFO,11/10/2022,09:18:51,113.05,113.05,100,113.2,50,13050,4879450
NIFTY13OCT2217200CE.NFO,11/10/2022,09:18:53,112.6,112.55,50,112.7,150,14700,4879450
NIFTY13OCT2217200CE.NFO,11/10/2022,09:18:54,112.65,112.5,350,112.65,50,8300,4879450
NIFTY13OCT2217200CE.NFO,11/10/2022,09:18:55,112.7,112.7,100,112.8,100,15500,4879450
NIFTY13OCT2217200CE.NFO,11/10/2022,09:18:56,112.55,112.4,100,112.55,150,6150,4879450
NIFTY13OCT2217200CE.NFO,11/10/2022,09:18:57,112.7,112.7,100,112.95,250,29000,4879450
NIFTY13OCT2217200CE.NFO,11/10/2022,09:18:57,111.45,112.7,100,112.95,250,0,4879450
NIFTY13OCT2217200CE.NFO,11/10/2022,09:18:58,112.75,112.7,250,112.9,1200,42400,4879450
NIFTY13OCT2217200CE.NFO,11/10/2022,09:18:58,111.05,112.7,250,112.9,1200,0,4879450
NIFTY13OCT2217200CE.NFO,11/10/2022,09:19:00,115.35,115.35,200,115.55,150,64400,4879450
NIFTY13OCT2217200CE.NFO,11/10/2022,09:19:01,114.8,114.85,100,115.1,200,23450,4879450
NIFTY13OCT2217200CE.NFO,11/10/2022,09:19:02,114.6,114.55,150,114.6,550,21300,4879450
NIFTY13OCT2217200CE.NFO,11/10/2022,09:19:03,113.3,113.15,200,113.35,200,26400,4879450
NIFTY13OCT2217200CE.NFO,11/10/2022,09:19:04,113.4,113.4,50,113.6,250,18000,4879450
NIFTY13OCT2217200CE.NFO,11/10/2022,09:19:05,112.65,112.55,150,112.7,350,15800,4879450
NIFTY13OCT2217200CE.NFO,11/10/2022,09:19:07,112,111.8,200,112,250,22750,4879450
NIFTY13OCT2217200CE.NFO,11/10/2022,09:19:08,111.2,111,750,111.25,200,15250,4879450
NIFTY13OCT2217200CE.NFO,11/10/2022,09:19:08,110.9,111,750,111.25,200,0,4879450
NIFTY13OCT2217200CE.NFO,11/10/2022,09:19:09,111.05,110.95,50,111.15,50,11150,4879450
NIFTY13OCT2217200CE.NFO,11/10/2022,09:19:10,110,109.8,50,110,200,52100,4879450
NIFTY13OCT2217200CE.NFO,11/10/2022,09:19:10,109.65,109.8,50,110,200,0,4879450
NIFTY13OCT2217200CE.NFO,11/10/2022,09:19:11,110.2,109.95,300,110.2,600,28250,4879450
NIFTY13OCT2217200CE.NFO,11/10/2022,09:19:11,109.6,109.95,300,110.2,600,0,4879450
NIFTY13OCT2217200CE.NFO,11/10/2022,09:19:13,109,109.05,200,109.2,50,17800,4879450
NIFTY13OCT2217200CE.NFO,11/10/2022,09:19:13,109,109.05,200,109.2,50,0,4879450
NIFTY13OCT2217200CE.NFO,11/10/2022,09:19:14,108.3,108.15,850,108.3,50,13250,4879450
NIFTY13OCT2217200CE.NFO,11/10/2022,09:19:14,108.05,108.15,850,108.3,50,0,4879450
NIFTY13OCT2217200CE.NFO,11/10/2022,09:19:15,108.25,108.25,100,108.45,150,27600,4879450
NIFTY13OCT2217200CE.NFO,11/10/2022,09:19:15,108,108.25,100,108.45,150,0,4879450
NIFTY13OCT2217200CE.NFO,11/10/2022,09:19:16,107.65,107.55,200,107.7,150,23900,4879450
NIFTY13OCT2217200CE.NFO,11/10/2022,09:19:16,107.55,107.55,200,107.7,150,0,4879450
NIFTY13OCT2217200CE.NFO,11/10/2022,09:19:18,106.55,106.55,50,106.65,150,36350,4879450
NIFTY13OCT2217200CE.NFO,11/10/2022,09:19:18,106,106.55,50,106.65,150,0,4879450
NIFTY13OCT2217200CE.NFO,11/10/2022,09:19:19,107.05,106.9,50,107.1,150,36000,4879450
NIFTY13OCT2217200CE.NFO,11/10/2022,09:19:20,107.2,107.05,100,107.25,250,26750,4879450
NIFTY13OCT2217200CE.NFO,11/10/2022,09:19:21,107.25,107.15,50,107.4,250,24350,4879450
NIFTY13OCT2217200CE.NFO,11/10/2022,09:19:22,107.25,107.2,100,107.25,100,13100,4879450
NIFTY13OCT2217200CE.NFO,11/10/2022,09:19:23,107.05,107.1,200,107.3,200,24700,4879450
NIFTY13OCT2217200CE.NFO,11/10/2022,09:19:24,107,107.05,100,107.25,250,28550,4879450
NIFTY13OCT2217200CE.NFO,11/10/2022,09:19:25,106.85,106.8,150,106.85,100,13500,4879450
NIFTY13OCT2217200CE.NFO,11/10/2022,09:19:27,106.9,107,150,107.1,50,21700,4879450
NIFTY13OCT2217200CE.NFO,11/10/2022,09:19:28,107.75,107.55,400,107.8,250,27750,4879450
NIFTY13OCT2217200CE.NFO,11/10/2022,09:19:29,108.15,108.05,100,108.2,50,17950,4879450
NIFTY13OCT2217200CE.NFO,11/10/2022,09:19:30,107.6,107.6,50,107.8,50,19750,4879450
NIFTY13OCT2217200CE.NFO,11/10/2022,09:19:31,108,108.05,100,108.25,50,8500,4879450
NIFTY13OCT2217200CE.NFO,11/10/2022,09:19:32,108,107.8,50,107.95,200,17100,4879450
NIFTY13OCT2217200CE.NFO,11/10/2022,09:19:33,108.55,108.4,50,108.6,1550,5900,4879450
NIFTY13OCT2217200CE.NFO,11/10/2022,09:19:33,109.15,108.9,50,109.1,50,15800,4879450
NIFTY13OCT2217200CE.NFO,11/10/2022,09:19:35,109,108.8,250,109.05,50,15150,4879450
NIFTY13OCT2217200CE.NFO,11/10/2022,09:19:36,109.35,109.35,100,109.6,50,12400,4879450
NIFTY13OCT2217200CE.NFO,11/10/2022,09:19:37,109.4,109.35,200,109.6,150,31850,4879450
NIFTY13OCT2217200CE.NFO,11/10/2022,09:19:38,108.9,108.9,50,109.15,250,10100,4879450
NIFTY13OCT2217200CE.NFO,11/10/2022,09:19:39,108.65,108.65,50,108.85,250,6500,4879450
NIFTY13OCT2217200CE.NFO,11/10/2022,09:19:40,108.7,108.5,100,108.65,50,12700,4879450
NIFTY13OCT2217200CE.NFO,11/10/2022,09:19:41,109.35,109.2,150,109.4,50,10950,4879450
NIFTY13OCT2217200CE.NFO,11/10/2022,09:19:41,109.6,109.35,50,109.6,400,1700,4879450
NIFTY13OCT2217200CE.NFO,11/10/2022,09:19:42,109.7,109.45,550,109.75,1450,6950,4879450
NIFTY13OCT2217200CE.NFO,11/10/2022,09:19:43,110.05,109.85,250,110.05,50,5050,4879450
NIFTY13OCT2217200CE.NFO,11/10/2022,09:19:45,111.4,111.1,350,111.4,650,29850,4879450
NIFTY13OCT2217200CE.NFO,11/10/2022,09:19:46,111,110.85,50,110.95,50,16950,4879450
NIFTY13OCT2217200CE.NFO,11/10/2022,09:19:47,109.8,109.75,250,109.85,50,11850,4879450
NIFTY13OCT2217200CE.NFO,11/10/2022,09:19:48,110.45,110.45,200,110.7,800,7700,4879450
NIFTY13OCT2217200CE.NFO,11/10/2022,09:19:48,110.4,110.3,50,110.5,150,1550,4879450
NIFTY13OCT2217200CE.NFO,11/10/2022,09:19:49,110.25,110.15,100,110.35,600,7950,4879450
NIFTY13OCT2217200CE.NFO,11/10/2022,09:19:51,112.65,112.4,50,112.65,50,21150,4879450
NIFTY13OCT2217200CE.NFO,11/10/2022,09:19:52,112.6,112.4,100,112.6,50,6150,4879450
NIFTY13OCT2217200CE.NFO,11/10/2022,09:19:53,113.1,113.1,50,113.3,100,15550,4879450
NIFTY13OCT2217200CE.NFO,11/10/2022,09:19:54,113.15,113.15,150,113.25,200,15800,4879450
NIFTY13OCT2217200CE.NFO,11/10/2022,09:19:54,113,112.7,50,112.9,100,3400,4879450
NIFTY13OCT2217200CE.NFO,11/10/2022,09:19:56,111.6,111.45,200,111.7,300,17800,4879450
NIFTY13OCT2217200CE.NFO,11/10/2022,09:19:57,111.55,111.35,250,111.55,50,18250,4879450
NIFTY13OCT2217200CE.NFO,11/10/2022,09:19:58,111.5,111.3,100,111.55,100,5800,4879450
NIFTY13OCT2217200CE.NFO,11/10/2022,09:19:59,110.75,110.7,400,111,100,7850,4879450
NIFTY13OCT2217200CE.NFO,11/10/2022,09:20:00,109.5,109.5,650,109.6,50,42350,4879450
NIFTY13OCT2217200CE.NFO,11/10/2022,09:20:01,108.9,108.75,100,108.9,500,36350,4879450
NIFTY13OCT2217200CE.NFO,11/10/2022,09:20:02,109.9,109.8,50,109.95,400,44850,4879450
NIFTY13OCT2217200CE.NFO,11/10/2022,09:20:02,109.05,109.1,100,109.15,250,8900,4879450
NIFTY13OCT2217200CE.NFO,11/10/2022,09:20:03,109.55,109.5,150,109.65,250,25700,4879450
NIFTY13OCT2217200CE.NFO,11/10/2022,09:20:05,109.65,109.6,150,109.65,200,24800,4879450
NIFTY13OCT2217200CE.NFO,11/10/2022,09:20:06,110.1,110.1,150,110.25,100,36050,4879450
NIFTY13OCT2217200CE.NFO,11/10/2022,09:20:07,111.15,111.15,50,111.3,100,21150,4879450
NIFTY13OCT2217200CE.NFO,11/10/2022,09:20:08,111.2,111,550,111.2,1100,13350,4879450
NIFTY13OCT2217200CE.NFO,11/10/2022,09:20:08,111.4,111.4,50,111.6,100,3300,4879450
NIFTY13OCT2217200CE.NFO,11/10/2022,09:20:09,111.55,111.35,200,111.55,100,9150,4879450
NIFTY13OCT2217200CE.NFO,11/10/2022,09:20:10,111.9,111.75,100,111.85,50,11100,4879450
NIFTY13OCT2217200CE.NFO,11/10/2022,09:20:12,111.5,111.3,50,111.5,150,19750,4879450
NIFTY13OCT2217200CE.NFO,11/10/2022,09:20:12,112.2,112.1,50,112.2,100,10900,4879450
NIFTY13OCT2217200CE.NFO,11/10/2022,09:20:13,112.45,112.45,550,112.7,150,13700,4879450
NIFTY13OCT2217200CE.NFO,11/10/2022,09:20:14,113.95,113.95,50,114.25,350,27700,4879450
NIFTY13OCT2217200CE.NFO,11/10/2022,09:20:16,114.5,114.3,50,114.35,50,12700,4879450
NIFTY13OCT2217200CE.NFO,11/10/2022,09:20:17,113.3,113.15,100,113.4,350,41700,4879450
NIFTY13OCT2217200CE.NFO,11/10/2022,09:20:18,114.4,114.1,150,114.4,450,14900,4879450
NIFTY13OCT2217200CE.NFO,11/10/2022,09:20:19,112.75,112.8,100,113,300,12700,4879450
NIFTY13OCT2217200CE.NFO,11/10/2022,09:20:20,111.9,112.1,50,112.35,300,23600,4879450
NIFTY13OCT2217200CE.NFO,11/10/2022,09:20:20,112.3,112.25,450,112.5,1300,1400,4879450
NIFTY13OCT2217200CE.NFO,11/10/2022,09:20:22,110.15,110.1,100,110.3,50,16650,4879450
NIFTY13OCT2217200CE.NFO,11/10/2022,09:20:23,110.3,110.15,100,110.35,50,17950,4879450
NIFTY13OCT2217200CE.NFO,11/10/2022,09:20:24,109.95,109.65,650,109.9,200,11550,4879450
NIFTY13OCT2217200CE.NFO,11/10/2022,09:20:25,109.6,109.6,50,109.75,300,26500,4879450
NIFTY13OCT2217200CE.NFO,11/10/2022,09:20:26,108.5,108.3,200,108.55,200,22800,4879450
NIFTY13OCT2217200CE.NFO,11/10/2022,09:20:27,108.45,108.1,50,108.35,200,4250,4879450
NIFTY13OCT2217200CE.NFO,11/10/2022,09:20:27,108.65,108.35,200,108.55,150,2800,4879450
NIFTY13OCT2217200CE.NFO,11/10/2022,09:20:28,109.3,109.05,300,109.25,150,6950,4879450
NIFTY13OCT2217200CE.NFO,11/10/2022,09:20:29,108.1,108.05,50,108.1,600,15050,5469650
NIFTY13OCT2217200CE.NFO,11/10/2022,09:20:31,108.4,108.1,300,108.35,50,37100,5469650
NIFTY13OCT2217200CE.NFO,11/10/2022,09:20:32,108.85,108.85,150,109,100,14600,5469650
NIFTY13OCT2217200CE.NFO,11/10/2022,09:20:33,108.75,108.55,50,108.75,100,10350,5469650
NIFTY13OCT2217200CE.NFO,11/10/2022,09:20:34,109.4,109.2,500,109.4,100,3950,5469650
NIFTY13OCT2217200CE.NFO,11/10/2022,09:20:34,109.05,108.55,100,108.8,300,1200,5469650
NIFTY13OCT2217200CE.NFO,11/10/2022,09:20:35,107.8,107.6,50,107.8,150,18800,5469650
NIFTY13OCT2217200CE.NFO,11/10/2022,09:20:36,108.15,108.2,550,108.45,100,8900,5469650
NIFTY13OCT2217200CE.NFO,11/10/2022,09:20:38,107.95,108,150,108.1,150,13300,5469650
NIFTY13OCT2217200CE.NFO,11/10/2022,09:20:39,108.6,108.45,50,108.55,1000,13550,5469650
NIFTY13OCT2217200CE.NFO,11/10/2022,09:20:40,107.7,107.6,50,107.7,100,3000,5469650
NIFTY13OCT2217200CE.NFO,11/10/2022,09:20:41,107.35,107.25,50,107.35,50,13500,5469650
NIFTY13OCT2217200CE.NFO,11/10/2022,09:20:42,107.7,107.7,100,107.9,100,21700,5469650
NIFTY13OCT2217200CE.NFO,11/10/2022,09:20:42,108,107.8,1000,108,450,1350,5469650
NIFTY13OCT2217200CE.NFO,11/10/2022,09:20:43,107.95,107.95,50,108,50,7450,5469650
NIFTY13OCT2217200CE.NFO,11/10/2022,09:20:45,107.4,107.4,50,107.55,200,11000,5469650
NIFTY13OCT2217200CE.NFO,11/10/2022,09:20:46,111.05,110.9,100,111.1,250,25000,5469650
NIFTY13OCT2217200CE.NFO,11/10/2022,09:20:47,111.65,111.7,100,111.8,100,1600,5469650
NIFTY13OCT2217200CE.NFO,11/10/2022,09:20:48,112.5,112.25,150,112.45,100,10150,5469650
NIFTY13OCT2217200CE.NFO,11/10/2022,09:20:49,112.65,112.4,550,112.65,50,5800,5469650
NIFTY13OCT2217200CE.NFO,11/10/2022,09:20:49,112.25,112.2,450,112.45,150,5800,5469650
NIFTY13OCT2217200CE.NFO,11/10/2022,09:20:50,111.9,111.55,50,111.7,150,9700,5469650
NIFTY13OCT2217200CE.NFO,11/10/2022,09:20:52,111.6,111.35,200,111.6,50,9850,5469650
NIFTY13OCT2217200CE.NFO,11/10/2022,09:20:53,111.6,111.5,150,111.7,50,13350,5469650
NIFTY13OCT2217200CE.NFO,11/10/2022,09:20:54,112.25,112.1,50,112.3,50,22800,5469650
NIFTY13OCT2217200CE.NFO,11/10/2022,09:20:55,111.85,111.55,250,111.8,150,5900,5469650
NIFTY13OCT2217200CE.NFO,11/10/2022,09:20:56,111.8,111.7,50,111.8,50,10250,5469650
NIFTY13OCT2217200CE.NFO,11/10/2022,09:20:56,111.85,111.7,100,111.9,100,3650,5469650
NIFTY13OCT2217200CE.NFO,11/10/2022,09:20:57,112.1,111.85,150,112.1,200,15550,5469650
NIFTY13OCT2217200CE.NFO,11/10/2022,09:20:58,112.45,112.3,150,112.5,2200,4850,5469650
NIFTY13OCT2217200CE.NFO,11/10/2022,09:20:59,111,110.8,150,111,150,17000,5469650
NIFTY13OCT2217200CE.NFO,11/10/2022,09:21:00,110.55,110.55,150,110.7,50,15950,5469650
NIFTY13OCT2217200CE.NFO,11/10/2022,09:21:02,110.55,110.3,50,110.5,100,21300,5469650
NIFTY13OCT2217200CE.NFO,11/10/2022,09:21:03,111.55,111.5,500,111.75,50,11800,5469650
NIFTY13OCT2217200CE.NFO,11/10/2022,09:21:04,110.55,110.75,150,110.9,550,9100,5469650
NIFTY13OCT2217200CE.NFO,11/10/2022,09:21:05,110.6,110.6,100,110.75,150,10550,5469650
NIFTY13OCT2217200CE.NFO,11/10/2022,09:21:06,110.35,110.15,200,110.35,150,10000,5469650
NIFTY13OCT2217200CE.NFO,11/10/2022,09:21:07,109.8,109.55,50,109.8,250,14550,5469650
NIFTY13OCT2217200CE.NFO,11/10/2022,09:21:08,108,108,8500,108.25,200,12650,5469650
NIFTY13OCT2217200CE.NFO,11/10/2022,09:21:09,108.75,108.5,150,108.7,50,23950,5469650
NIFTY13OCT2217200CE.NFO,11/10/2022,09:21:11,107.45,107.5,100,107.7,100,10600,5469650
NIFTY13OCT2217200CE.NFO,11/10/2022,09:21:12,107.8,107.65,100,107.9,100,9150,5469650
NIFTY13OCT2217200CE.NFO,11/10/2022,09:21:13,106.7,106.55,100,106.75,200,21800,5469650
NIFTY13OCT2217200CE.NFO,11/10/2022,09:21:14,106.15,105.95,250,106.2,50,36300,5469650
NIFTY13OCT2217200CE.NFO,11/10/2022,09:21:14,105.25,105.95,250,106.2,50,0,5469650
NIFTY13OCT2217200CE.NFO,11/10/2022,09:21:15,105.9,105.75,50,105.9,100,19750,5469650
NIFTY13OCT2217200CE.NFO,11/10/2022,09:21:15,105.65,105.65,50,105.9,100,3300,5469650
NIFTY13OCT2217200CE.NFO,11/10/2022,09:21:17,105.8,105.6,100,105.85,50,23350,5469650
NIFTY13OCT2217200CE.NFO,11/10/2022,09:21:17,105,105.6,100,105.85,50,0,5469650
NIFTY13OCT2217200CE.NFO,11/10/2022,09:21:18,105.7,105.5,350,105.7,200,21350,5469650
NIFTY13OCT2217200CE.NFO,11/10/2022,09:21:19,107.2,107.2,50,107.4,350,18950,5469650
NIFTY13OCT2217200CE.NFO,11/10/2022,09:21:20,109.1,108.95,400,109.2,50,11550,5469650
NIFTY13OCT2217200CE.NFO,11/10/2022,09:21:21,110.05,109.85,50,110.05,250,19950,5469650
NIFTY13OCT2217200CE.NFO,11/10/2022,09:21:22,110.1,109.85,150,110.1,150,10950,5469650
NIFTY13OCT2217200CE.NFO,11/10/2022,09:21:22,109.5,109.45,500,109.5,450,2550,5469650
NIFTY13OCT2217200CE.NFO,11/10/2022,09:21:24,108.25,108.15,650,108.3,250,12900,5469650
NIFTY13OCT2217200CE.NFO,11/10/2022,09:21:25,109.25,109.3,350,109.55,200,7100,5469650
NIFTY13OCT2217200CE.NFO,11/10/2022,09:21:26,109.75,109.6,650,109.75,150,11550,5469650
NIFTY13OCT2217200CE.NFO,11/10/2022,09:21:27,110.85,110.65,50,110.85,50,13000,5469650
NIFTY13OCT2217200CE.NFO,11/10/2022,09:21:28,111.25,111.25,50,111.45,50,13250,5469650
NIFTY13OCT2217200CE.NFO,11/10/2022,09:21:30,112.45,112.25,150,112.45,100,24550,5469650
NIFTY13OCT2217200CE.NFO,11/10/2022,09:21:31,112,111.85,50,112,500,19950,5469650
NIFTY13OCT2217200CE.NFO,11/10/2022,09:21:32,112.25,112.15,50,112.4,400,15550,5469650
NIFTY13OCT2217200CE.NFO,11/10/2022,09:21:33,112.85,112.65,200,112.85,50,10850,5469650
NIFTY13OCT2217200CE.NFO,11/10/2022,09:21:34,113.1,112.95,200,113.15,50,16200,5469650
NIFTY13OCT2217200CE.NFO,11/10/2022,09:21:35,113.8,113.8,150,114.05,150,22000,5469650
NIFTY13OCT2217200CE.NFO,11/10/2022,09:21:36,114.35,114.1,50,114.35,150,10800,5469650
NIFTY13OCT2217200CE.NFO,11/10/2022,09:21:37,113.6,113.65,50,113.75,500,9850,5469650
NIFTY13OCT2217200CE.NFO,11/10/2022,09:21:38,115.1,115.15,150,115.45,50,68850,5469650
NIFTY13OCT2217200CE.NFO,11/10/2022,09:21:39,114.45,114.4,100,114.6,100,14950,5469650
NIFTY13OCT2217200CE.NFO,11/10/2022,09:21:40,115.35,115.25,300,115.5,50,19500,5469650
NIFTY13OCT2217200CE.NFO,11/10/2022,09:21:41,115.55,115.4,150,115.65,100,22650,5469650
NIFTY13OCT2217200CE.NFO,11/10/2022,09:21:42,115.85,115.85,50,116.1,50,28550,5469650
NIFTY13OCT2217200CE.NFO,11/10/2022,09:21:43,115.55,115.35,50,115.55,100,16400,5469650
NIFTY13OCT2217200CE.NFO,11/10/2022,09:21:44,115.25,115.05,50,115.25,100,15300,5469650
NIFTY13OCT2217200CE.NFO,11/10/2022,09:21:44,115.1,115.2,100,115.45,100,3050,5469650
NIFTY13OCT2217200CE.NFO,11/10/2022,09:21:45,115.25,114.95,50,115.1,50,10000,5469650
NIFTY13OCT2217200CE.NFO,11/10/2022,09:21:47,113.45,113.3,350,113.6,250,28150,5469650
NIFTY13OCT2217200CE.NFO,11/10/2022,09:21:48,114.2,114.1,50,114.25,200,14300,5469650
NIFTY13OCT2217200CE.NFO,11/10/2022,09:21:49,113.95,113.75,50,114,550,20600,5469650
NIFTY13OCT2217200CE.NFO,11/10/2022,09:21:50,114.95,114.8,300,114.95,250,10650,5469650
NIFTY13OCT2217200CE.NFO,11/10/2022,09:21:51,113.5,113.65,50,113.8,200,9700,5469650
NIFTY13OCT2217200CE.NFO,11/10/2022,09:21:51,113.75,113.6,100,113.75,100,850,5469650
NIFTY13OCT2217200CE.NFO,11/10/2022,09:21:53,112.5,112.25,200,112.5,200,26550,5469650
NIFTY13OCT2217200CE.NFO,11/10/2022,09:21:54,109.8,109.6,100,109.8,350,22750,5469650
NIFTY13OCT2217200CE.NFO,11/10/2022,09:21:55,111.85,111.75,50,111.85,300,16500,5469650
NIFTY13OCT2217200CE.NFO,11/10/2022,09:21:56,111.7,111.65,50,111.85,50,9200,5469650
NIFTY13OCT2217200CE.NFO,11/10/2022,09:21:57,112.2,112.2,100,112.4,200,10000,5469650
NIFTY13OCT2217200CE.NFO,11/10/2022,09:21:57,112.15,112,100,112.15,250,1700,5469650
NIFTY13OCT2217200CE.NFO,11/10/2022,09:21:58,112.25,112.2,100,112.45,250,4650,5469650
NIFTY13OCT2217200CE.NFO,11/10/2022,09:21:59,112.35,112.2,50,112.35,100,6350,5469650
NIFTY13OCT2217200CE.NFO,11/10/2022,09:22:01,113.4,113.1,250,113.35,50,10600,5469650
NIFTY13OCT2217200CE.NFO,11/10/2022,09:22:02,113,112.75,200,113,50,9800,5469650
NIFTY13OCT2217200CE.NFO,11/10/2022,09:22:03,113.45,113.45,150,113.65,50,14850,5469650
NIFTY13OCT2217200CE.NFO,11/10/2022,09:22:04,113.9,114,200,114.15,50,12100,5469650
NIFTY13OCT2217200CE.NFO,11/10/2022,09:22:05,113.35,113.25,50,113.5,400,8050,5469650
NIFTY13OCT2217200CE.NFO,11/10/2022,09:22:06,113.85,113.85,300,114,300,5100,5469650
NIFTY13OCT2217200CE.NFO,11/10/2022,09:22:07,113.7,113.35,50,113.55,100,14050,5469650
NIFTY13OCT2217200CE.NFO,11/10/2022,09:22:07,113.35,113.15,50,113.35,100,900,5469650
NIFTY13OCT2217200CE.NFO,11/10/2022,09:22:08,113.1,112.9,500,113.2,350,6200,5469650
NIFTY13OCT2217200CE.NFO,11/10/2022,09:22:10,113.2,112.9,350,113.2,100,12150,5469650
NIFTY13OCT2217200CE.NFO,11/10/2022,09:22:11,113.4,113.4,100,113.65,100,11700,5469650
NIFTY13OCT2217200CE.NFO,11/10/2022,09:22:12,112.65,112.6,100,112.8,50,10100,5469650
NIFTY13OCT2217200CE.NFO,11/10/2022,09:22:13,112.75,112.5,50,112.55,50,9450,5469650
NIFTY13OCT2217200CE.NFO,11/10/2022,09:22:14,113.6,113.5,300,113.75,300,8250,5469650
NIFTY13OCT2217200CE.NFO,11/10/2022,09:22:15,111.85,111.9,50,112.05,150,18250,5469650
NIFTY13OCT2217200CE.NFO,11/10/2022,09:22:16,112.05,111.8,100,112.05,350,6700,5469650
NIFTY13OCT2217200CE.NFO,11/10/2022,09:22:16,111.15,111.2,50,111.4,50,800,5469650
NIFTY13OCT2217200CE.NFO,11/10/2022,09:22:18,109.45,109.45,100,109.75,350,20400,5469650
NIFTY13OCT2217200CE.NFO,11/10/2022,09:22:19,109.25,109.2,50,109.45,450,9450,5469650
NIFTY13OCT2217200CE.NFO,11/10/2022,09:22:20,108.65,108.7,100,108.8,350,11250,5469650
NIFTY13OCT2217200CE.NFO,11/10/2022,09:22:21,109.7,109.6,100,109.8,100,11850,5469650
NIFTY13OCT2217200CE.NFO,11/10/2022,09:22:22,110.5,110.45,200,110.65,200,8800,5469650
NIFTY13OCT2217200CE.NFO,11/10/2022,09:22:23,109.85,109.85,400,110,200,12000,5469650
NIFTY13OCT2217200CE.NFO,11/10/2022,09:22:24,110.15,110.1,200,110.3,200,2700,5469650
NIFTY13OCT2217200CE.NFO,11/10/2022,09:22:25,112.65,112.45,200,112.65,200,10700,5469650
NIFTY13OCT2217200CE.NFO,11/10/2022,09:22:26,113.15,113.1,200,113.3,100,8450,5469650
NIFTY13OCT2217200CE.NFO,11/10/2022,09:22:27,112.6,112.35,200,112.6,50,6250,5469650
NIFTY13OCT2217200CE.NFO,11/10/2022,09:22:27,112.65,112.7,50,112.95,1050,1650,5469650
NIFTY13OCT2217200CE.NFO,11/10/2022,09:22:28,111.8,111.8,200,112,50,7450,5469650
NIFTY13OCT2217200CE.NFO,11/10/2022,09:22:30,112.1,112.1,50,112.35,200,6350,5469650
NIFTY13OCT2217200CE.NFO,11/10/2022,09:22:31,111.4,111.2,50,111.4,300,6450,5469650
NIFTY13OCT2217200CE.NFO,11/10/2022,09:22:32,111.6,111.8,200,112,50,1400,5469650
NIFTY13OCT2217200CE.NFO,11/10/2022,09:22:33,111.6,111.65,50,111.75,150,8350,5469650
NIFTY13OCT2217200CE.NFO,11/10/2022,09:22:34,112.35,112.4,100,112.6,250,6450,5469650
NIFTY13OCT2217200CE.NFO,11/10/2022,09:22:35,113.3,113.3,200,113.55,200,11900,5469650
NIFTY13OCT2217200CE.NFO,11/10/2022,09:22:36,113,113,50,113.3,200,4800,5469650
NIFTY13OCT2217200CE.NFO,11/10/2022,09:22:37,114.05,113.9,100,114.1,300,8200,5469650
NIFTY13OCT2217200CE.NFO,11/10/2022,09:22:37,114.15,113.95,150,114.2,500,3600,5469650
NIFTY13OCT2217200CE.NFO,11/10/2022,09:22:39,113.75,113.55,150,113.8,950,7450,5469650
NIFTY13OCT2217200CE.NFO,11/10/2022,09:22:40,113.35,113.05,150,113.3,100,6200,5469650
NIFTY13OCT2217200CE.NFO,11/10/2022,09:22:41,112.6,112.45,100,112.55,100,9150,5469650
NIFTY13OCT2217200CE.NFO,11/10/2022,09:22:42,111,110.8,50,110.9,50,16850,5469650
NIFTY13OCT2217200CE.NFO,11/10/2022,09:22:43,111.1,110.9,50,111.1,100,9750,5469650
NIFTY13OCT2217200CE.NFO,11/10/2022,09:22:44,111.35,111.2,100,111.4,300,8450,5469650
NIFTY13OCT2217200CE.NFO,11/10/2022,09:22:44,111.35,111.35,100,111.5,100,3100,5469650
NIFTY13OCT2217200CE.NFO,11/10/2022,09:22:45,112.3,112.05,300,112.3,250,3750,5469650
NIFTY13OCT2217200CE.NFO,11/10/2022,09:22:46,113,112.9,100,113,1300,10600,5469650
NIFTY13OCT2217200CE.NFO,11/10/2022,09:22:47,113.25,113.1,50,113.3,250,6750,5469650
NIFTY13OCT2217200CE.NFO,11/10/2022,09:22:48,113.5,113.4,300,113.55,150,10050,5469650
NIFTY13OCT2217200CE.NFO,11/10/2022,09:22:50,112.65,112.65,50,112.9,650,16050,5469650
NIFTY13OCT2217200CE.NFO,11/10/2022,09:22:51,112.3,112.1,150,112.35,400,8750,5469650
NIFTY13OCT2217200CE.NFO,11/10/2022,09:22:52,112.45,112,1800,112.15,100,7350,5469650
NIFTY13OCT2217200CE.NFO,11/10/2022,09:22:53,111.7,111.65,50,111.75,100,10400,5469650
NIFTY13OCT2217200CE.NFO,11/10/2022,09:22:54,110.15,110.05,500,110.2,1050,26300,5469650
NIFTY13OCT2217200CE.NFO,11/10/2022,09:22:55,109.85,109.7,150,109.85,650,23900,5469650
NIFTY13OCT2217200CE.NFO,11/10/2022,09:22:56,110.55,110.25,150,110.45,50,25050,5469650
NIFTY13OCT2217200CE.NFO,11/10/2022,09:22:57,110.35,110.15,200,110.4,1050,7300,5469650
NIFTY13OCT2217200CE.NFO,11/10/2022,09:22:58,110.05,110.15,50,110.3,50,33850,5469650
NIFTY13OCT2217200CE.NFO,11/10/2022,09:22:59,109.95,109.85,50,109.9,100,8250,5469650
NIFTY13OCT2217200CE.NFO,11/10/2022,09:23:00,108.65,108.75,300,109.05,50,51100,5469650
NIFTY13OCT2217200CE.NFO,11/10/2022,09:23:01,109,108.8,150,109,150,17700,5469650
NIFTY13OCT2217200CE.NFO,11/10/2022,09:23:02,109.05,109.25,900,109.5,300,19200,5469650
NIFTY13OCT2217200CE.NFO,11/10/2022,09:23:02,109.4,109.25,50,109.4,50,1200,5469650
NIFTY13OCT2217200CE.NFO,11/10/2022,09:23:03,108.9,108.8,100,108.9,200,16900,5469650
NIFTY13OCT2217200CE.NFO,11/10/2022,09:23:05,108.8,108.6,1800,108.8,350,33650,5469650
NIFTY13OCT2217200CE.NFO,11/10/2022,09:23:06,109.75,109.7,1050,109.95,50,14250,5469650
NIFTY13OCT2217200CE.NFO,11/10/2022,09:23:07,109.65,109.6,2100,109.8,50,2950,5469650
NIFTY13OCT2217200CE.NFO,11/10/2022,09:23:08,109.7,109.35,50,109.5,200,6100,5469650
NIFTY13OCT2217200CE.NFO,11/10/2022,09:23:09,110.1,110.05,100,110.15,250,4500,5469650
NIFTY13OCT2217200CE.NFO,11/10/2022,09:23:10,109.9,109.7,50,109.9,100,11650,5469650
NIFTY13OCT2217200CE.NFO,11/10/2022,09:23:11,109.45,109.3,100,109.45,100,900,5469650
NIFTY13OCT2217200CE.NFO,11/10/2022,09:23:12,110,109.9,700,110.05,50,7000,5469650
NIFTY13OCT2217200CE.NFO,11/10/2022,09:23:13,111.2,111,1150,111.2,50,7000,5469650
NIFTY13OCT2217200CE.NFO,11/10/2022,09:23:14,111.3,111.25,250,111.45,100,5800,5469650
NIFTY13OCT2217200CE.NFO,11/10/2022,09:23:15,111,110.9,200,111.1,50,6450,5469650
NIFTY13OCT2217200CE.NFO,11/10/2022,09:23:16,111.2,110.85,450,111.1,200,9600,5469650
NIFTY13OCT2217200CE.NFO,11/10/2022,09:23:17,110.8,110.65,200,110.8,550,4800,5469650
NIFTY13OCT2217200CE.NFO,11/10/2022,09:23:18,111.3,111.05,300,111.3,200,6850,5469650
NIFTY13OCT2217200CE.NFO,11/10/2022,09:23:18,111.45,111.25,300,111.45,200,600,5469650
NIFTY13OCT2217200CE.NFO,11/10/2022,09:23:20,112,111.9,250,112,50,9650,5469650
NIFTY13OCT2217200CE.NFO,11/10/2022,09:23:21,111.95,111.95,50,112.15,50,4750,5469650
NIFTY13OCT2217200CE.NFO,11/10/2022,09:23:21,112.55,112.3,200,112.55,200,4300,5469650
NIFTY13OCT2217200CE.NFO,11/10/2022,09:23:23,113.4,113.15,200,113.35,50,17350,5469650
NIFTY13OCT2217200CE.NFO,11/10/2022,09:23:24,113.5,113.45,250,113.7,250,8200,5469650
NIFTY13OCT2217200CE.NFO,11/10/2022,09:23:25,113.25,113.15,100,113.35,250,5100,5469650
NIFTY13OCT2217200CE.NFO,11/10/2022,09:23:26,113.55,113.55,450,113.7,50,5850,5469650
NIFTY13OCT2217200CE.NFO,11/10/2022,09:23:27,113.4,113.25,300,113.4,50,5850,5469650
NIFTY13OCT2217200CE.NFO,11/10/2022,09:23:28,113.65,113.4,100,113.65,100,7950,5469650
NIFTY13OCT2217200CE.NFO,11/10/2022,09:23:29,114,113.85,50,114.1,150,39250,6004600
NIFTY13OCT2217200CE.NFO,11/10/2022,09:23:30,113.75,113.7,200,113.85,150,4650,6004600
NIFTY13OCT2217200CE.NFO,11/10/2022,09:23:31,113.3,113.25,50,113.45,100,8150,6004600
NIFTY13OCT2217200CE.NFO,11/10/2022,09:23:32,113.45,113.45,50,113.65,300,8950,6004600
NIFTY13OCT2217200CE.NFO,11/10/2022,09:23:33,113.3,113.25,350,113.5,100,1550,6004600
NIFTY13OCT2217200CE.NFO,11/10/2022,09:23:34,113.35,113.15,200,113.4,400,7300,6004600
NIFTY13OCT2217200CE.NFO,11/10/2022,09:23:35,113.55,113.35,1050,113.55,150,3350,6004600
NIFTY13OCT2217200CE.NFO,11/10/2022,09:23:36,113.85,113.7,300,113.95,150,12350,6004600
NIFTY13OCT2217200CE.NFO,11/10/2022,09:23:37,113.85,113.85,50,114,2500,5700,6004600
NIFTY13OCT2217200CE.NFO,11/10/2022,09:23:38,114,113.95,150,114,3000,12600,6004600
NIFTY13OCT2217200CE.NFO,11/10/2022,09:23:39,113.9,113.8,200,114,50,11250,6004600
NIFTY13OCT2217200CE.NFO,11/10/2022,09:23:40,114.35,114.05,200,114.3,200,4800,6004600
NIFTY13OCT2217200CE.NFO,11/10/2022,09:23:41,114,113.9,450,114.1,250,7700,6004600
NIFTY13OCT2217200CE.NFO,11/10/2022,09:23:42,114.05,113.8,50,114,400,9050,6004600
NIFTY13OCT2217200CE.NFO,11/10/2022,09:23:43,114.15,113.95,100,114.15,200,10150,6004600
NIFTY13OCT2217200CE.NFO,11/10/2022,09:23:44,114,114,2350,114.15,150,10650,6004600
NIFTY13OCT2217200CE.NFO,11/10/2022,09:23:45,114.4,114.2,250,114.4,500,16750,6004600
NIFTY13OCT2217200CE.NFO,11/10/2022,09:23:46,114.8,114.5,300,114.85,1100,7350,6004600
NIFTY13OCT2217200CE.NFO,11/10/2022,09:23:47,113.45,113.45,50,113.65,150,18200,6004600
NIFTY13OCT2217200CE.NFO,11/10/2022,09:23:48,114,113.8,150,114,500,12250,6004600
NIFTY13OCT2217200CE.NFO,11/10/2022,09:23:49,113.85,113.65,100,113.85,250,4850,6004600
NIFTY13OCT2217200CE.NFO,11/10/2022,09:23:50,113.4,113.2,100,113.4,100,5450,6004600
NIFTY13OCT2217200CE.NFO,11/10/2022,09:23:51,113.5,113.35,200,113.6,100,7700,6004600
NIFTY13OCT2217200CE.NFO,11/10/2022,09:23:52,114.4,114.4,50,114.45,50,9650,6004600
NIFTY13OCT2217200CE.NFO,11/10/2022,09:23:53,114.7,114.7,50,114.9,100,7400,6004600
NIFTY13OCT2217200CE.NFO,11/10/2022,09:23:54,114.15,114,100,114.2,150,3700,6004600
NIFTY13OCT2217200CE.NFO,11/10/2022,09:23:55,113,112.85,150,113,150,8000,6004600
NIFTY13OCT2217200CE.NFO,11/10/2022,09:23:56,111,111,1850,111.15,150,18000,6004600
NIFTY13OCT2217200CE.NFO,11/10/2022,09:23:57,111.5,111.05,50,111.2,100,5050,6004600
NIFTY13OCT2217200CE.NFO,11/10/2022,09:23:58,111.4,111.25,200,111.45,200,7650,6004600
NIFTY13OCT2217200CE.NFO,11/10/2022,09:23:59,111.55,111.4,250,111.6,300,350,6004600
NIFTY13OCT2217200CE.NFO,11/10/2022,09:24:00,111.3,111.05,100,111.25,200,4050,6004600
NIFTY13OCT2217200CE.NFO,11/10/2022,09:24:01,110.2,110.2,50,110.4,150,9250,6004600
NIFTY13OCT2217200CE.NFO,11/10/2022,09:24:02,110.25,110.25,50,110.4,200,10600,6004600
NIFTY13OCT2217200CE.NFO,11/10/2022,09:24:03,109.85,109.65,250,109.85,100,15000,6004600
NIFTY13OCT2217200CE.NFO,11/10/2022,09:24:04,110.1,110,150,110.15,50,6650,6004600
NIFTY13OCT2217200CE.NFO,11/10/2022,09:24:05,110.8,110.65,700,110.9,150,6850,6004600
NIFTY13OCT2217200CE.NFO,11/10/2022,09:24:06,109.75,109.65,100,109.8,200,10650,6004600
NIFTY13OCT2217200CE.NFO,11/10/2022,09:24:07,109.8,109.75,100,109.9,100,7250,6004600
NIFTY13OCT2217200CE.NFO,11/10/2022,09:24:08,110,110,500,110.25,150,1600,6004600
NIFTY13OCT2217200CE.NFO,11/10/2022,09:24:09,109.4,109.25,50,109.4,100,14400,6004600
NIFTY13OCT2217200CE.NFO,11/10/2022,09:24:10,109.4,109.35,200,109.55,100,10800,6004600
NIFTY13OCT2217200CE.NFO,11/10/2022,09:24:11,109.4,109.4,200,109.45,1300,24050,6004600
NIFTY13OCT2217200CE.NFO,11/10/2022,09:24:12,110,110.05,250,110.25,150,14200,6004600
NIFTY13OCT2217200CE.NFO,11/10/2022,09:24:13,110.85,110.55,500,110.75,200,7150,6004600
NIFTY13OCT2217200CE.NFO,11/10/2022,09:24:14,110.6,110.55,200,110.8,500,1200,6004600
NIFTY13OCT2217200CE.NFO,11/10/2022,09:24:15,110.75,110.75,50,110.95,150,7700,6004600
NIFTY13OCT2217200CE.NFO,11/10/2022,09:24:16,111.2,111.1,50,111.3,200,8050,6004600
NIFTY13OCT2217200CE.NFO,11/10/2022,09:24:17,111.85,111.6,800,111.85,400,5050,6004600
NIFTY13OCT2217200CE.NFO,11/10/2022,09:24:18,111.65,111.45,350,111.65,50,5850,6004600
NIFTY13OCT2217200CE.NFO,11/10/2022,09:24:19,111.85,111.6,1500,111.85,200,4250,6004600
NIFTY13OCT2217200CE.NFO,11/10/2022,09:24:20,110.75,110.55,300,110.7,350,3950,6004600
NIFTY13OCT2217200CE.NFO,11/10/2022,09:24:21,110.8,110.8,150,111.05,400,5800,6004600
NIFTY13OCT2217200CE.NFO,11/10/2022,09:24:22,111.6,111.55,200,111.8,50,5300,6004600
NIFTY13OCT2217200CE.NFO,11/10/2022,09:24:23,111.7,111.75,200,111.95,150,4350,6004600
NIFTY13OCT2217200CE.NFO,11/10/2022,09:24:24,112.4,112.25,100,112.45,850,5600,6004600
NIFTY13OCT2217200CE.NFO,11/10/2022,09:24:25,112.1,112.35,200,112.6,300,2300,6004600
NIFTY13OCT2217200CE.NFO,11/10/2022,09:24:26,113,113,900,113.15,200,11800,6004600
NIFTY13OCT2217200CE.NFO,11/10/2022,09:24:27,112.85,112.65,350,112.9,200,6700,6004600
NIFTY13OCT2217200CE.NFO,11/10/2022,09:24:28,113,112.8,100,113,200,3100,6004600
NIFTY13OCT2217200CE.NFO,11/10/2022,09:24:29,112.55,112.3,300,112.5,150,8250,6004600
NIFTY13OCT2217200CE.NFO,11/10/2022,09:24:30,111.85,111.65,100,111.8,150,6150,6004600
NIFTY13OCT2217200CE.NFO,11/10/2022,09:24:31,112.05,112,200,112.25,200,2800,6004600
NIFTY13OCT2217200CE.NFO,11/10/2022,09:24:32,112.95,112.9,150,113,700,3750,6004600
NIFTY13OCT2217200CE.NFO,11/10/2022,09:24:33,113.2,113.25,150,113.4,50,7300,6004600
NIFTY13OCT2217200CE.NFO,11/10/2022,09:24:34,113.3,113.3,50,113.5,100,1400,6004600
NIFTY13OCT2217200CE.NFO,11/10/2022,09:24:35,112.5,112.5,300,112.75,250,10550,6004600
NIFTY13OCT2217200CE.NFO,11/10/2022,09:24:36,112.8,112.55,150,112.75,450,9700,6004600
NIFTY13OCT2217200CE.NFO,11/10/2022,09:24:37,112.6,112.6,50,112.75,200,13200,6004600
NIFTY13OCT2217200CE.NFO,11/10/2022,09:24:38,112.3,112.05,50,112.25,150,2600,6004600
NIFTY13OCT2217200CE.NFO,11/10/2022,09:24:39,112.4,112.3,250,112.45,200,5050,6004600
NIFTY13OCT2217200CE.NFO,11/10/2022,09:24:40,113.2,113.2,50,113.4,50,6300,6004600
NIFTY13OCT2217200CE.NFO,11/10/2022,09:24:41,113.45,113.25,200,113.4,700,3100,6004600
NIFTY13OCT2217200CE.NFO,11/10/2022,09:24:42,113.9,113.6,100,113.85,200,4400,6004600
NIFTY13OCT2217200CE.NFO,11/10/2022,09:24:43,113.4,113.2,200,113.4,50,5950,6004600
NIFTY13OCT2217200CE.NFO,11/10/2022,09:24:44,113.8,113.5,100,113.7,400,9550,6004600
NIFTY13OCT2217200CE.NFO,11/10/2022,09:24:45,112.05,112.05,50,112.25,200,7150,6004600
NIFTY13OCT2217200CE.NFO,11/10/2022,09:24:46,110.8,110.4,100,110.55,150,13200,6004600
NIFTY13OCT2217200CE.NFO,11/10/2022,09:24:47,110.25,110.05,150,110.2,50,550,6004600
NIFTY13OCT2217200CE.NFO,11/10/2022,09:24:48,110.15,110.05,250,110.15,100,18600,6004600
NIFTY13OCT2217200CE.NFO,11/10/2022,09:24:49,109.3,109.1,150,109.3,550,4800,6004600
NIFTY13OCT2217200CE.NFO,11/10/2022,09:24:50,108.6,108.5,700,108.7,350,23500,6004600
NIFTY13OCT2217200CE.NFO,11/10/2022,09:24:51,108.3,108.3,50,108.4,50,9400,6004600
NIFTY13OCT2217200CE.NFO,11/10/2022,09:24:52,108.05,108.1,100,108.25,100,35300,6004600
NIFTY13OCT2217200CE.NFO,11/10/2022,09:24:53,107.85,107.75,50,107.9,150,5050,6004600
NIFTY13OCT2217200CE.NFO,11/10/2022,09:24:54,108.6,108.5,200,108.7,100,13100,6004600
NIFTY13OCT2217200CE.NFO,11/10/2022,09:24:55,108.2,108.1,600,108.25,50,6550,6004600
NIFTY13OCT2217200CE.NFO,11/10/2022,09:24:56,108.85,108.7,550,109,300,26650,6004600
NIFTY13OCT2217200CE.NFO,11/10/2022,09:24:57,108.9,108.75,100,108.9,200,850,6004600
NIFTY13OCT2217200CE.NFO,11/10/2022,09:24:58,108.75,108.5,400,108.75,50,3200,6004600
NIFTY13OCT2217200CE.NFO,11/10/2022,09:24:59,108.9,108.85,50,109.05,200,9100,6004600
NIFTY13OCT2217200CE.NFO,11/10/2022,09:25:00,107.15,107.15,200,107.3,100,16400,6004600
NIFTY13OCT2217200CE.NFO,11/10/2022,09:25:01,107.3,107.15,150,107.35,300,32500,6004600
NIFTY13OCT2217200CE.NFO,11/10/2022,09:25:02,106.7,106.55,200,106.7,50,16000,6004600
NIFTY13OCT2217200CE.NFO,11/10/2022,09:25:03,105.9,105.7,1200,105.85,150,26050,6004600
NIFTY13OCT2217200CE.NFO,11/10/2022,09:25:04,105.5,105.3,50,105.35,300,16950,6004600
NIFTY13OCT2217200CE.NFO,11/10/2022,09:25:06,104.4,104.15,250,104.3,350,75750,6004600
NIFTY13OCT2217200CE.NFO,11/10/2022,09:25:06,103.75,104.15,250,104.3,350,0,6004600
NIFTY13OCT2217200CE.NFO,11/10/2022,09:25:07,104.45,104.35,350,104.5,50,15350,6004600
NIFTY13OCT2217200CE.NFO,11/10/2022,09:25:07,103.7,104.35,350,104.5,50,0,6004600
NIFTY13OCT2217200CE.NFO,11/10/2022,09:25:08,104.65,104.55,650,104.7,150,26400,6004600
NIFTY13OCT2217200CE.NFO,11/10/2022,09:25:09,104.35,104.3,100,104.5,550,25050,6004600
NIFTY13OCT2217200CE.NFO,11/10/2022,09:25:10,104,104,50,104.15,150,35350,6004600
NIFTY13OCT2217200CE.NFO,11/10/2022,09:25:10,103.5,104,50,104.15,150,0,6004600
NIFTY13OCT2217200CE.NFO,11/10/2022,09:25:11,104,104,200,104.2,200,1250,6004600
NIFTY13OCT2217200CE.NFO,11/10/2022,09:25:12,104.2,104.25,250,104.45,50,20650,6004600
NIFTY13OCT2217200CE.NFO,11/10/2022,09:25:13,103.6,103.5,100,103.65,50,13900,6004600
NIFTY13OCT2217200CE.NFO,11/10/2022,09:25:14,103.4,103.5,600,103.75,500,28050,6004600
NIFTY13OCT2217200CE.NFO,11/10/2022,09:25:14,102.2,103.5,600,103.75,500,0,6004600
NIFTY13OCT2217200CE.NFO,11/10/2022,09:25:15,104.55,104.45,300,104.65,650,22850,6004600
NIFTY13OCT2217200CE.NFO,11/10/2022,09:25:16,105.1,105.05,500,105.3,700,10900,6004600
NIFTY13OCT2217200CE.NFO,11/10/2022,09:25:17,104.4,104.35,50,104.5,550,8900,6004600
NIFTY13OCT2217200CE.NFO,11/10/2022,09:25:19,104.45,104.3,200,104.45,100,19550,6004600
NIFTY13OCT2217200CE.NFO,11/10/2022,09:25:20,105.25,105.25,600,105.45,200,13400,6004600
NIFTY13OCT2217200CE.NFO,11/10/2022,09:25:21,104.7,104.65,50,104.8,50,13550,6004600
NIFTY13OCT2217200CE.NFO,11/10/2022,09:25:22,103.65,103.6,600,103.65,350,13000,6004600
NIFTY13OCT2217200CE.NFO,11/10/2022,09:25:23,103.8,103.55,300,103.8,150,10200,6004600
NIFTY13OCT2217200CE.NFO,11/10/2022,09:25:24,104.5,104.35,150,104.55,300,7800,6004600
NIFTY13OCT2217200CE.NFO,11/10/2022,09:25:25,106.25,106.1,200,106.25,550,12250,6004600
NIFTY13OCT2217200CE.NFO,11/10/2022,09:25:26,106.1,105.75,250,105.9,150,2850,6004600
NIFTY13OCT2217200CE.NFO,11/10/2022,09:25:27,105.7,105.65,550,105.85,350,11700,6004600
NIFTY13OCT2217200CE.NFO,11/10/2022,09:25:28,105.75,105.45,250,105.65,900,9350,6004600
NIFTY13OCT2217200CE.NFO,11/10/2022,09:25:29,106.1,105.95,350,106.15,550,12900,6004600
NIFTY13OCT2217200CE.NFO,11/10/2022,09:25:30,106.4,106.35,150,106.55,950,4350,6004600
NIFTY13OCT2217200CE.NFO,11/10/2022,09:25:31,106.3,106.3,150,106.4,250,13500,6004600
NIFTY13OCT2217200CE.NFO,11/10/2022,09:25:32,106.55,106.2,400,106.4,350,3450,6004600
NIFTY13OCT2217200CE.NFO,11/10/2022,09:25:33,106.35,106.3,650,106.55,1000,18550,6004600
NIFTY13OCT2217200CE.NFO,11/10/2022,09:25:34,106.55,106.5,150,106.65,250,7950,6004600
NIFTY13OCT2217200CE.NFO,11/10/2022,09:25:35,107.35,107.2,550,107.4,150,14850,6004600
NIFTY13OCT2217200CE.NFO,11/10/2022,09:25:36,108.4,108.35,150,108.6,650,19500,6004600
NIFTY13OCT2217200CE.NFO,11/10/2022,09:25:37,107.85,107.65,50,107.8,150,13350,6004600
NIFTY13OCT2217200CE.NFO,11/10/2022,09:25:38,107.65,107.6,350,107.7,100,7500,6004600
NIFTY13OCT2217200CE.NFO,11/10/2022,09:25:39,108.15,108.05,200,108.25,200,9150,6004600
NIFTY13OCT2217200CE.NFO,11/10/2022,09:25:41,108.7,108.45,400,108.7,350,7950,6004600
NIFTY13OCT2217200CE.NFO,11/10/2022,09:25:41,108.3,108.35,100,108.45,550,750,6004600
NIFTY13OCT2217200CE.NFO,11/10/2022,09:25:42,108.7,108.5,450,108.75,100,10850,6004600
NIFTY13OCT2217200CE.NFO,11/10/2022,09:25:43,107.05,106.85,350,107,350,10550,6004600
NIFTY13OCT2217200CE.NFO,11/10/2022,09:25:44,107.4,107.05,350,107.25,200,12400,6004600
NIFTY13OCT2217200CE.NFO,11/10/2022,09:25:45,106.45,106.3,2050,106.5,750,8550,6004600
NIFTY13OCT2217200CE.NFO,11/10/2022,09:25:46,106.2,106,150,106.05,150,13550,6004600
NIFTY13OCT2217200CE.NFO,11/10/2022,09:25:47,105.05,105.1,150,105.2,50,18250,6004600
NIFTY13OCT2217200CE.NFO,11/10/2022,09:25:48,105,104.85,800,104.95,400,7550,6004600
NIFTY13OCT2217200CE.NFO,11/10/2022,09:25:49,105.25,105.05,100,105.3,450,8200,6004600
NIFTY13OCT2217200CE.NFO,11/10/2022,09:25:50,104.35,104.35,50,104.5,100,13150,6004600
NIFTY13OCT2217200CE.NFO,11/10/2022,09:25:51,104.25,104.15,550,104.25,100,7150,6004600
NIFTY13OCT2217200CE.NFO,11/10/2022,09:25:52,104.3,104,250,104.1,50,10550,6004600
NIFTY13OCT2217200CE.NFO,11/10/2022,09:25:53,103.85,103.85,350,104,200,10550,6004600
NIFTY13OCT2217200CE.NFO,11/10/2022,09:25:54,103.75,103.75,50,103.95,400,5600,6004600
NIFTY13OCT2217200CE.NFO,11/10/2022,09:25:55,103.7,103.6,350,103.75,350,7400,6004600
NIFTY13OCT2217200CE.NFO,11/10/2022,09:25:56,104.3,104.05,150,104.25,50,4000,6004600
NIFTY13OCT2217200CE.NFO,11/10/2022,09:25:57,104,103.7,500,103.85,100,4750,6004600
NIFTY13OCT2217200CE.NFO,11/10/2022,09:25:58,103.8,103.8,100,103.95,800,5250,6004600
NIFTY13OCT2217200CE.NFO,11/10/2022,09:25:59,103.9,103.8,50,104,650,6800,6004600
NIFTY13OCT2217200CE.NFO,11/10/2022,09:26:00,103.2,103,200,103.25,750,32150,6004600
NIFTY13OCT2217200CE.NFO,11/10/2022,09:26:01,103.8,103.75,250,103.95,200,12150,6004600
NIFTY13OCT2217200CE.NFO,11/10/2022,09:26:02,103.3,103.25,50,103.4,100,6000,6004600
NIFTY13OCT2217200CE.NFO,11/10/2022,09:26:03,103.25,103.15,50,103.25,50,7750,6004600
NIFTY13OCT2217200CE.NFO,11/10/2022,09:26:04,103,102.9,50,103,100,10100,6004600
NIFTY13OCT2217200CE.NFO,11/10/2022,09:26:05,104,103.9,600,104.15,300,10700,6004600
NIFTY13OCT2217200CE.NFO,11/10/2022,09:26:06,104.35,104.35,300,104.55,200,3350,6004600
NIFTY13OCT2217200CE.NFO,11/10/2022,09:26:08,104.65,104.35,400,104.55,550,15150,6004600
NIFTY13OCT2217200CE.NFO,11/10/2022,09:26:08,104,104,150,104.2,500,3100,6004600
NIFTY13OCT2217200CE.NFO,11/10/2022,09:26:09,103.65,103.65,400,103.85,300,5950,6004600
NIFTY13OCT2217200CE.NFO,11/10/2022,09:26:10,103.8,103.85,350,104,50,4400,6004600
NIFTY13OCT2217200CE.NFO,11/10/2022,09:26:11,104.2,104.2,300,104.45,300,10150,6004600
NIFTY13OCT2217200CE.NFO,11/10/2022,09:26:12,104.15,104,350,104.15,300,9000,6004600
NIFTY13OCT2217200CE.NFO,11/10/2022,09:26:13,103.65,103.5,50,103.65,150,5600,6004600
NIFTY13OCT2217200CE.NFO,11/10/2022,09:26:14,103.4,103.2,100,103.35,250,4900,6004600
NIFTY13OCT2217200CE.NFO,11/10/2022,09:26:15,102.9,102.9,50,103.1,450,14950,6004600
NIFTY13OCT2217200CE.NFO,11/10/2022,09:26:16,104.05,104,500,104.1,350,4800,6004600
NIFTY13OCT2217200CE.NFO,11/10/2022,09:26:17,103.7,103.5,150,103.7,100,6700,6004600
NIFTY13OCT2217200CE.NFO,11/10/2022,09:26:18,103.65,103.7,150,103.9,100,8950,6004600
NIFTY13OCT2217200CE.NFO,11/10/2022,09:26:19,103.55,103.45,400,103.6,300,8650,6004600
NIFTY13OCT2217200CE.NFO,11/10/2022,09:26:20,105.5,105.5,150,105.55,50,9000,6004600
NIFTY13OCT2217200CE.NFO,11/10/2022,09:26:21,104.95,104.95,150,105.1,300,4250,6004600
NIFTY13OCT2217200CE.NFO,11/10/2022,09:26:22,105.3,105.1,150,105.3,500,4350,6004600
NIFTY13OCT2217200CE.NFO,11/10/2022,09:26:23,104.7,104.45,300,104.6,50,4800,6004600
NIFTY13OCT2217200CE.NFO,11/10/2022,09:26:24,104.55,104.3,400,104.5,250,5150,6004600
NIFTY13OCT2217200CE.NFO,11/10/2022,09:26:25,103.7,103.7,250,103.9,50,13100,6004600
NIFTY13OCT2217200CE.NFO,11/10/2022,09:26:26,103.05,103.05,250,103.1,50,3700,6004600
NIFTY13OCT2217200CE.NFO,11/10/2022,09:26:27,103.45,103.3,200,103.45,100,17350,6004600
NIFTY13OCT2217200CE.NFO,11/10/2022,09:26:28,102.55,102.4,150,102.55,300,14550,6004600
NIFTY13OCT2217200CE.NFO,11/10/2022,09:26:30,102.45,102.3,200,102.45,50,9900,6436050
NIFTY13OCT2217200CE.NFO,11/10/2022,09:26:30,102.1,102.3,200,102.45,50,0,6436050
NIFTY13OCT2217200CE.NFO,11/10/2022,09:26:31,101.75,101.75,50,101.95,200,38750,6436050
NIFTY13OCT2217200CE.NFO,11/10/2022,09:26:31,101.65,101.75,50,101.95,200,0,6436050
NIFTY13OCT2217200CE.NFO,11/10/2022,09:26:31,101.8,101.85,350,101.95,100,2050,6436050
NIFTY13OCT2217200CE.NFO,11/10/2022,09:26:32,101.7,101.4,150,101.6,350,10450,6436050
NIFTY13OCT2217200CE.NFO,11/10/2022,09:26:32,101.3,101.4,150,101.6,350,0,6436050
NIFTY13OCT2217200CE.NFO,11/10/2022,09:26:33,101.5,101.3,300,101.5,200,6350,6436050
NIFTY13OCT2217200CE.NFO,11/10/2022,09:26:33,101.25,101.3,300,101.5,200,0,6436050
NIFTY13OCT2217200CE.NFO,11/10/2022,09:26:34,101.45,101.3,100,101.5,100,14100,6436050
NIFTY13OCT2217200CE.NFO,11/10/2022,09:26:34,101.15,101.3,100,101.5,100,0,6436050
NIFTY13OCT2217200CE.NFO,11/10/2022,09:26:35,102,101.95,200,102.15,500,18200,6436050
NIFTY13OCT2217200CE.NFO,11/10/2022,09:26:35,101,101.95,200,102.15,500,0,6436050
NIFTY13OCT2217200CE.NFO,11/10/2022,09:26:36,102.55,102.6,350,102.7,100,14800,6436050
NIFTY13OCT2217200CE.NFO,11/10/2022,09:26:37,104.4,104.3,100,104.4,100,9900,6436050
NIFTY13OCT2217200CE.NFO,11/10/2022,09:26:38,103.1,103.05,250,103.25,200,6700,6436050
NIFTY13OCT2217200CE.NFO,11/10/2022,09:26:39,103.4,103.15,600,103.4,350,3250,6436050
NIFTY13OCT2217200CE.NFO,11/10/2022,09:26:40,103.3,103.2,350,103.4,100,12650,6436050
NIFTY13OCT2217200CE.NFO,11/10/2022,09:26:42,103.35,103.4,200,103.45,50,5500,6436050
NIFTY13OCT2217200CE.NFO,11/10/2022,09:26:42,103.75,103.55,50,103.75,250,2650,6436050
NIFTY13OCT2217200CE.NFO,11/10/2022,09:26:43,103.95,103.8,300,104,200,7000,6436050
NIFTY13OCT2217200CE.NFO,11/10/2022,09:26:44,104.15,104.1,300,104.25,50,7000,6436050
NIFTY13OCT2217200CE.NFO,11/10/2022,09:26:45,104.4,104.25,100,104.45,350,6500,6436050
NIFTY13OCT2217200CE.NFO,11/10/2022,09:26:46,104.2,104.15,250,104.25,200,7050,6436050
NIFTY13OCT2217200CE.NFO,11/10/2022,09:26:47,104.6,104.45,200,104.6,150,3400,6436050
NIFTY13OCT2217200CE.NFO,11/10/2022,09:26:48,104.7,104.55,200,104.75,450,7400,6436050
NIFTY13OCT2217200CE.NFO,11/10/2022,09:26:49,105.15,105.05,200,105.15,450,13750,6436050
NIFTY13OCT2217200CE.NFO,11/10/2022,09:26:50,105.3,105.35,1050,105.45,150,9100,6436050
NIFTY13OCT2217200CE.NFO,11/10/2022,09:26:51,106.45,106.4,50,106.45,150,19800,6436050
NIFTY13OCT2217200CE.NFO,11/10/2022,09:26:52,105.3,105.35,300,105.5,100,13000,6436050
NIFTY13OCT2217200CE.NFO,11/10/2022,09:26:53,105.5,105.25,400,105.45,100,7650,6436050
NIFTY13OCT2217200CE.NFO,11/10/2022,09:26:55,106,105.8,300,105.95,550,13550,6436050
NIFTY13OCT2217200CE.NFO,11/10/2022,09:26:56,106.95,106.9,200,107.1,250,10850,6436050
NIFTY13OCT2217200CE.NFO,11/10/2022,09:26:57,107.95,107.85,300,108,4750,14750,6436050
NIFTY13OCT2217200CE.NFO,11/10/2022,09:26:58,107.35,107.35,50,107.55,300,12550,6436050
NIFTY13OCT2217200CE.NFO,11/10/2022,09:26:59,107.2,107.15,750,107.45,800,14450,6436050
NIFTY13OCT2217200CE.NFO,11/10/2022,09:27:00,107.35,107.3,150,107.45,350,20250,6436050
NIFTY13OCT2217200CE.NFO,11/10/2022,09:27:01,107.1,107.1,850,107.25,200,12000,6436050
NIFTY13OCT2217200CE.NFO,11/10/2022,09:27:03,107.75,107.55,250,107.7,100,15800,6436050
NIFTY13OCT2217200CE.NFO,11/10/2022,09:27:03,107.35,107.35,150,107.55,150,800,6436050
NIFTY13OCT2217200CE.NFO,11/10/2022,09:27:04,107.95,107.85,50,107.95,50,13950,6436050
NIFTY13OCT2217200CE.NFO,11/10/2022,09:27:05,107,107,350,107.2,400,18100,6436050
NIFTY13OCT2217200CE.NFO,11/10/2022,09:27:06,107.8,107.8,50,107.85,50,7050,6436050
NIFTY13OCT2217200CE.NFO,11/10/2022,09:27:07,107.15,107.1,250,107.25,650,8550,6436050
NIFTY13OCT2217200CE.NFO,11/10/2022,09:27:08,107.35,107.25,350,107.35,250,1700,6436050
NIFTY13OCT2217200CE.NFO,11/10/2022,09:27:09,107.9,107.75,100,107.9,200,9250,6436050
NIFTY13OCT2217200CE.NFO,11/10/2022,09:27:10,108.05,108,100,108.05,100,9650,6436050
NIFTY13OCT2217200CE.NFO,11/10/2022,09:27:11,108.2,108.25,300,108.45,300,12000,6436050
NIFTY13OCT2217200CE.NFO,11/10/2022,09:27:12,107.8,107.9,250,108.1,350,12800,6436050
NIFTY13OCT2217200CE.NFO,11/10/2022,09:27:13,108.8,108.7,100,108.85,200,10100,6436050
NIFTY13OCT2217200CE.NFO,11/10/2022,09:27:15,110,109.95,150,110.1,200,37600,6436050
NIFTY13OCT2217200CE.NFO,11/10/2022,09:27:16,111,111,50,111.2,50,26700,6436050
NIFTY13OCT2217200CE.NFO,11/10/2022,09:27:17,111.9,111.8,150,111.95,350,18100,6436050
NIFTY13OCT2217200CE.NFO,11/10/2022,09:27:18,111.6,111.5,200,111.7,50,11450,6436050
NIFTY13OCT2217200CE.NFO,11/10/2022,09:27:19,111.45,111.45,300,111.6,50,11650,6436050
NIFTY13OCT2217200CE.NFO,11/10/2022,09:27:20,111.5,111.45,100,111.65,150,13250,6436050
NIFTY13OCT2217200CE.NFO,11/10/2022,09:27:21,111.95,111.75,300,111.85,50,7350,6436050
NIFTY13OCT2217200CE.NFO,11/10/2022,09:27:22,112.25,112,200,112.25,300,21000,6436050
NIFTY13OCT2217200CE.NFO,11/10/2022,09:27:23,112.45,112.4,200,112.6,300,21850,6436050
NIFTY13OCT2217200CE.NFO,11/10/2022,09:27:24,112.45,112.85,100,113,2650,13550,6436050
NIFTY13OCT2217200CE.NFO,11/10/2022,09:27:25,113.35,113.35,100,113.4,400,9350,6436050
NIFTY13OCT2217200CE.NFO,11/10/2022,09:27:27,113.15,112.9,450,113.1,300,21450,6436050
NIFTY13OCT2217200CE.NFO,11/10/2022,09:27:27,113.05,113.3,200,113.45,100,6500,6436050
NIFTY13OCT2217200CE.NFO,11/10/2022,09:27:28,112.95,112.95,400,113.15,150,17600,6436050
NIFTY13OCT2217200CE.NFO,11/10/2022,09:27:29,113.15,113.25,350,113.35,100,26250,6436050
NIFTY13OCT2217200CE.NFO,11/10/2022,09:27:30,112.95,112.85,150,112.95,50,25100,6436050
NIFTY13OCT2217200CE.NFO,11/10/2022,09:27:31,112,111.85,350,112,350,27350,6436050
NIFTY13OCT2217200CE.NFO,11/10/2022,09:27:33,111.15,111,5850,111.05,450,21300,6436050
NIFTY13OCT2217200CE.NFO,11/10/2022,09:27:33,110.8,110.5,150,110.75,500,16700,6436050
NIFTY13OCT2217200CE.NFO,11/10/2022,09:27:34,109.8,109.8,150,109.9,50,22450,6436050
NIFTY13OCT2217200CE.NFO,11/10/2022,09:27:35,109.7,109.5,100,109.7,300,15450,6436050
NIFTY13OCT2217200CE.NFO,11/10/2022,09:27:36,109.55,109.35,50,109.55,150,7050,6436050
NIFTY13OCT2217200CE.NFO,11/10/2022,09:27:37,110,110,250,110.25,250,7050,6436050
NIFTY13OCT2217200CE.NFO,11/10/2022,09:27:39,109.8,109.85,200,110.05,350,7200,6436050
NIFTY13OCT2217200CE.NFO,11/10/2022,09:27:39,109.75,109.65,50,109.7,350,1300,6436050
NIFTY13OCT2217200CE.NFO,11/10/2022,09:27:40,109.25,109.25,550,109.35,350,7900,6436050
NIFTY13OCT2217200CE.NFO,11/10/2022,09:27:41,110.55,110.4,100,110.6,50,12850,6436050
NIFTY13OCT2217200CE.NFO,11/10/2022,09:27:42,110.45,110.55,50,110.75,200,5450,6436050
NIFTY13OCT2217200CE.NFO,11/10/2022,09:27:43,110.9,111.05,200,111.25,750,8800,6436050
NIFTY13OCT2217200CE.NFO,11/10/2022,09:27:44,111.5,111.25,350,111.5,500,4600,6436050
NIFTY13OCT2217200CE.NFO,11/10/2022,09:27:45,111.7,111.6,100,111.8,250,10150,6436050
NIFTY13OCT2217200CE.NFO,11/10/2022,09:27:47,111.65,111.7,200,111.9,100,13400,6436050
NIFTY13OCT2217200CE.NFO,11/10/2022,09:27:47,111.8,111.85,150,112.1,600,450,6436050
NIFTY13OCT2217200CE.NFO,11/10/2022,09:27:48,112.9,112.85,300,112.9,1000,4300,6436050
NIFTY13OCT2217200CE.NFO,11/10/2022,09:27:49,112.95,112.95,150,113,8800,13000,6436050
NIFTY13OCT2217200CE.NFO,11/10/2022,09:27:50,112.4,112.45,200,112.6,400,12750,6436050
NIFTY13OCT2217200CE.NFO,11/10/2022,09:27:51,111.5,111.45,350,111.6,150,17250,6436050
NIFTY13OCT2217200CE.NFO,11/10/2022,09:27:52,111.95,111.7,200,111.95,1350,10600,6436050
NIFTY13OCT2217200CE.NFO,11/10/2022,09:27:53,113,112.95,150,113,800,15600,6436050
NIFTY13OCT2217200CE.NFO,11/10/2022,09:27:54,113.65,113.5,150,113.55,200,10300,6436050
NIFTY13OCT2217200CE.NFO,11/10/2022,09:27:55,113.35,113.1,400,113.35,400,26300,6436050
NIFTY13OCT2217200CE.NFO,11/10/2022,09:27:56,113.15,113.1,500,113.3,150,18000,6436050
NIFTY13OCT2217200CE.NFO,11/10/2022,09:27:57,113.25,112.95,500,113.15,200,16050,6436050
NIFTY13OCT2217200CE.NFO,11/10/2022,09:27:59,112.9,112.75,350,112.95,350,15900,6436050
NIFTY13OCT2217200CE.NFO,11/10/2022,09:27:59,112.9,112.8,200,113,200,2200,6436050
NIFTY13OCT2217200CE.NFO,11/10/2022,09:28:00,112.6,112.45,300,112.7,150,20350,6436050
NIFTY13OCT2217200CE.NFO,11/10/2022,09:28:01,111.35,111.35,350,111.6,400,22250,6436050
NIFTY13OCT2217200CE.NFO,11/10/2022,09:28:02,111.7,111.9,50,112.1,350,10450,6436050
NIFTY13OCT2217200CE.NFO,11/10/2022,09:28:03,111.6,111.6,100,111.8,300,7950,6436050
NIFTY13OCT2217200CE.NFO,11/10/2022,09:28:05,112.95,112.85,300,113,7750,14050,6436050
NIFTY13OCT2217200CE.NFO,11/10/2022,09:28:06,113.05,112.9,100,113.1,250,16050,6436050
NIFTY13OCT2217200CE.NFO,11/10/2022,09:28:07,113.1,113,150,113.1,100,9150,6436050
NIFTY13OCT2217200CE.NFO,11/10/2022,09:28:07,112.55,112.4,400,112.6,600,3100,6436050
NIFTY13OCT2217200CE.NFO,11/10/2022,09:28:08,112.85,112.7,300,112.85,100,12750,6436050
NIFTY13OCT2217200CE.NFO,11/10/2022,09:28:09,111.65,111.65,100,111.8,200,10600,6436050
NIFTY13OCT2217200CE.NFO,11/10/2022,09:28:10,112,112,200,112.15,50,10900,6436050
NIFTY13OCT2217200CE.NFO,11/10/2022,09:28:11,111.35,111.25,50,111.45,400,6600,6436050
NIFTY13OCT2217200CE.NFO,11/10/2022,09:28:12,112.5,112.5,100,112.75,1900,5250,6436050
NIFTY13OCT2217200CE.NFO,11/10/2022,09:28:13,112.4,112.2,300,112.4,400,9650,6436050
NIFTY13OCT2217200CE.NFO,11/10/2022,09:28:14,112.7,112.75,350,112.9,50,3250,6436050
NIFTY13OCT2217200CE.NFO,11/10/2022,09:28:15,113.2,112.95,400,113.2,400,10650,6436050
NIFTY13OCT2217200CE.NFO,11/10/2022,09:28:16,112.95,112.75,200,112.95,500,8850,6436050
NIFTY13OCT2217200CE.NFO,11/10/2022,09:28:17,113.3,113.15,200,113.35,400,5300,6436050
NIFTY13OCT2217200CE.NFO,11/10/2022,09:28:19,114.1,114.05,1100,114.1,350,35450,6436050
NIFTY13OCT2217200CE.NFO,11/10/2022,09:28:20,114.35,114.35,150,114.6,600,8750,6436050
NIFTY13OCT2217200CE.NFO,11/10/2022,09:28:21,115.25,115.15,350,115.35,100,60450,6436050
NIFTY13OCT2217200CE.NFO,11/10/2022,09:28:22,115.45,115.25,200,115.45,150,25350,6436050
NIFTY13OCT2217200CE.NFO,11/10/2022,09:28:23,115.1,115.1,2150,115.4,150,18400,6436050
NIFTY13OCT2217200CE.NFO,11/10/2022,09:28:24,115.25,115.05,300,115.25,250,19150,6436050
NIFTY13OCT2217200CE.NFO,11/10/2022,09:28:25,115.4,115.2,250,115.4,550,14750,6436050
NIFTY13OCT2217200CE.NFO,11/10/2022,09:28:26,115.9,115.6,100,115.9,1650,34450,6436050
NIFTY13OCT2217200CE.NFO,11/10/2022,09:28:27,116.35,116.4,150,116.55,50,33450,6436050
NIFTY13OCT2217200CE.NFO,11/10/2022,09:28:28,116.8,116.65,150,116.8,100,14650,6436050
NIFTY13OCT2217200CE.NFO,11/10/2022,09:28:29,116.1,116.1,650,116.3,100,20300,6436050
NIFTY13OCT2217200CE.NFO,11/10/2022,09:28:30,116.1,115.9,100,116.1,300,18600,6436050
NIFTY13OCT2217200CE.NFO,11/10/2022,09:28:31,116.7,116.7,1000,116.9,450,23550,6436050
NIFTY13OCT2217200CE.NFO,11/10/2022,09:28:33,116.9,116.75,300,116.95,200,20800,6436050
NIFTY13OCT2217200CE.NFO,11/10/2022,09:28:34,115.65,115.65,150,115.75,100,13650,6436050
NIFTY13OCT2217200CE.NFO,11/10/2022,09:28:35,116.55,116.45,50,116.7,1050,18450,6436050
NIFTY13OCT2217200CE.NFO,11/10/2022,09:28:36,116.85,116.55,300,116.6,150,22800,6436050
NIFTY13OCT2217200CE.NFO,11/10/2022,09:28:37,115.9,115.8,450,116,350,12600,6436050
NIFTY13OCT2217200CE.NFO,11/10/2022,09:28:37,116,115.95,150,116.15,300,1250,6436050
NIFTY13OCT2217200CE.NFO,11/10/2022,09:28:38,114.55,114.4,150,114.6,150,22250,6436050
NIFTY13OCT2217200CE.NFO,11/10/2022,09:28:39,115.75,115.6,400,115.8,250,22950,6436050
NIFTY13OCT2217200CE.NFO,11/10/2022,09:28:40,115.8,115.5,350,115.75,400,13600,6436050
NIFTY13OCT2217200CE.NFO,11/10/2022,09:28:41,116.55,116.3,100,116.45,100,26100,6436050
NIFTY13OCT2217200CE.NFO,11/10/2022,09:28:42,116.4,116.4,50,116.5,250,18300,6436050
NIFTY13OCT2217200CE.NFO,11/10/2022,09:28:43,115.55,115.15,50,115.35,300,9250,6436050
NIFTY13OCT2217200CE.NFO,11/10/2022,09:28:44,115.4,115.25,300,115.5,100,19100,6436050
NIFTY13OCT2217200CE.NFO,11/10/2022,09:28:45,116.05,115.85,200,116.05,150,16300,6436050
NIFTY13OCT2217200CE.NFO,11/10/2022,09:28:46,116.65,116.45,200,116.6,150,7900,6436050
NIFTY13OCT2217200CE.NFO,11/10/2022,09:28:47,116.5,116.3,200,116.5,350,10350,6436050
NIFTY13OCT2217200CE.NFO,11/10/2022,09:28:48,115.65,115.25,650,115.45,200,16250,6436050
NIFTY13OCT2217200CE.NFO,11/10/2022,09:28:49,115.35,115.35,400,115.65,850,8750,6436050
NIFTY13OCT2217200CE.NFO,11/10/2022,09:28:50,114.75,114.45,450,114.65,550,32750,6436050
NIFTY13OCT2217200CE.NFO,11/10/2022,09:28:51,113.6,113.35,250,113.6,1150,28550,6436050
NIFTY13OCT2217200CE.NFO,11/10/2022,09:28:52,112.55,112.55,700,112.8,100,13350,6436050
NIFTY13OCT2217200CE.NFO,11/10/2022,09:28:53,112.7,112.7,500,113,1500,8900,6436050
NIFTY13OCT2217200CE.NFO,11/10/2022,09:28:55,114.75,114.5,100,114.7,250,14750,6436050
NIFTY13OCT2217200CE.NFO,11/10/2022,09:28:56,114.45,114.25,50,114.35,250,8700,6436050
NIFTY13OCT2217200CE.NFO,11/10/2022,09:28:56,114.4,114.05,150,114.3,400,300,6436050
NIFTY13OCT2217200CE.NFO,11/10/2022,09:28:57,114.7,114.5,200,114.7,650,8000,6436050
NIFTY13OCT2217200CE.NFO,11/10/2022,09:28:58,115.4,115.2,350,115.4,150,4800,6436050
NIFTY13OCT2217200CE.NFO,11/10/2022,09:28:59,115,115.05,500,115.3,350,3450,6436050
NIFTY13OCT2217200CE.NFO,11/10/2022,09:29:00,114.5,114.45,300,114.65,200,7150,6436050
NIFTY13OCT2217200CE.NFO,11/10/2022,09:29:01,114.15,113.9,150,114.15,350,8350,6436050
NIFTY13OCT2217200CE.NFO,11/10/2022,09:29:02,114.65,114.45,150,114.65,250,12550,6436050
NIFTY13OCT2217200CE.NFO,11/10/2022,09:29:03,114.35,114.35,750,114.55,500,23050,6436050
NIFTY13OCT2217200CE.NFO,11/10/2022,09:29:04,114.75,114.75,200,114.95,250,13150,6436050
NIFTY13OCT2217200CE.NFO,11/10/2022,09:29:05,113.85,113.7,100,113.85,200,13450,6436050
NIFTY13OCT2217200CE.NFO,11/10/2022,09:29:06,114.9,114.9,650,115.15,100,27000,6436050
NIFTY13OCT2217200CE.NFO,11/10/2022,09:29:07,115.15,115.05,200,115.25,1750,14050,6436050
NIFTY13OCT2217200CE.NFO,11/10/2022,09:29:08,115.85,115.6,1200,115.85,400,15000,6436050
NIFTY13OCT2217200CE.NFO,11/10/2022,09:29:09,115.7,115.7,350,115.95,1150,6550,6436050
NIFTY13OCT2217200CE.NFO,11/10/2022,09:29:11,115.25,115.15,100,115.2,300,9100,6436050
NIFTY13OCT2217200CE.NFO,11/10/2022,09:29:12,115,115,250,115.15,600,7200,6436050
NIFTY13OCT2217200CE.NFO,11/10/2022,09:29:13,115.5,115.3,300,115.5,250,6850,6436050
NIFTY13OCT2217200CE.NFO,11/10/2022,09:29:14,115.05,114.7,350,114.95,350,9900,6436050
NIFTY13OCT2217200CE.NFO,11/10/2022,09:29:14,114.9,114.8,700,115,100,8550,6436050
NIFTY13OCT2217200CE.NFO,11/10/2022,09:29:15,114.7,114.5,550,114.7,200,6750,6436050
NIFTY13OCT2217200CE.NFO,11/10/2022,09:29:16,114.75,114.45,450,114.65,200,9550,6436050
NIFTY13OCT2217200CE.NFO,11/10/2022,09:29:17,114.75,114.4,450,114.65,1000,8600,6436050
NIFTY13OCT2217200CE.NFO,11/10/2022,09:29:19,114.6,114.4,850,114.65,800,4900,6436050
NIFTY13OCT2217200CE.NFO,11/10/2022,09:29:19,114.6,114.4,650,114.65,650,2900,6436050
NIFTY13OCT2217200CE.NFO,11/10/2022,09:29:20,114.85,114.7,100,114.85,300,4350,6436050
NIFTY13OCT2217200CE.NFO,11/10/2022,09:29:21,113.45,113.2,150,113.4,200,12850,6436050
NIFTY13OCT2217200CE.NFO,11/10/2022,09:29:22,112.9,112.85,900,113.1,200,14300,6436050
NIFTY13OCT2217200CE.NFO,11/10/2022,09:29:24,112.3,112.35,600,112.55,200,8800,6436050
NIFTY13OCT2217200CE.NFO,11/10/2022,09:29:25,112.8,112.65,100,112.8,700,7250,6436050
NIFTY13OCT2217200CE.NFO,11/10/2022,09:29:26,112.35,112.2,2050,112.45,700,9050,6436050
NIFTY13OCT2217200CE.NFO,11/10/2022,09:29:26,112.1,112.1,1000,112.35,750,1250,6436050
NIFTY13OCT2217200CE.NFO,11/10/2022,09:29:27,111.6,111.4,50,111.6,450,13900,6436050
NIFTY13OCT2217200CE.NFO,11/10/2022,09:29:28,111.3,111.3,100,111.5,150,9200,6436050
NIFTY13OCT2217200CE.NFO,11/10/2022,09:29:29,112.1,111.85,650,112.1,300,13500,6561300
NIFTY13OCT2217200CE.NFO,11/10/2022,09:29:30,112.25,112.05,150,112.25,350,2700,6561300
NIFTY13OCT2217200CE.NFO,11/10/2022,09:29:32,111.55,111.4,500,111.55,100,5100,6561300
NIFTY13OCT2217200CE.NFO,11/10/2022,09:29:32,111.35,111.35,300,111.5,150,6250,6561300
NIFTY13OCT2217200CE.NFO,11/10/2022,09:29:34,111.7,111.7,150,111.85,350,17950,6561300
NIFTY13OCT2217200CE.NFO,11/10/2022,09:29:34,111.9,111.8,200,111.95,400,1950,6561300
NIFTY13OCT2217200CE.NFO,11/10/2022,09:29:35,111.05,110.7,150,110.85,200,16900,6561300
NIFTY13OCT2217200CE.NFO,11/10/2022,09:29:36,110.75,110.55,300,110.75,300,3400,6561300
NIFTY13OCT2217200CE.NFO,11/10/2022,09:29:37,109.75,109.75,250,109.95,300,25600,6561300
NIFTY13OCT2217200CE.NFO,11/10/2022,09:29:38,110,109.8,100,110,400,9100,6561300
NIFTY13OCT2217200CE.NFO,11/10/2022,09:29:39,109.35,109.1,450,109.3,100,6700,6561300
NIFTY13OCT2217200CE.NFO,11/10/2022,09:29:40,109.55,109.55,100,109.75,400,8850,6561300
NIFTY13OCT2217200CE.NFO,11/10/2022,09:29:41,109.15,108.95,300,109.1,250,13500,6561300
NIFTY13OCT2217200CE.NFO,11/10/2022,09:29:42,108.45,108.4,300,108.55,150,4400,6561300
NIFTY13OCT2217200CE.NFO,11/10/2022,09:29:43,108.75,108.55,250,108.75,150,13300,6561300
NIFTY13OCT2217200CE.NFO,11/10/2022,09:29:44,109.5,109.45,250,109.65,400,4500,6561300
NIFTY13OCT2217200CE.NFO,11/10/2022,09:29:45,109.2,109,550,109.2,250,9200,6561300
NIFTY13OCT2217200CE.NFO,11/10/2022,09:29:46,108.95,108.95,100,109.05,50,5150,6561300
NIFTY13OCT2217200CE.NFO,11/10/2022,09:29:48,109.75,109.65,400,109.85,200,5950,6561300
NIFTY13OCT2217200CE.NFO,11/10/2022,09:29:49,109.35,109.2,150,109.4,1200,8000,6561300
NIFTY13OCT2217200CE.NFO,11/10/2022,09:29:49,109.8,109.65,150,109.8,150,2650,6561300
NIFTY13OCT2217200CE.NFO,11/10/2022,09:29:51,109.2,109.1,100,109.2,100,6900,6561300
NIFTY13OCT2217200CE.NFO,11/10/2022,09:29:52,109.75,109.55,150,109.7,300,4050,6561300
NIFTY13OCT2217200CE.NFO,11/10/2022,09:29:52,109.85,109.85,100,109.9,150,3900,6561300
NIFTY13OCT2217200CE.NFO,11/10/2022,09:29:53,109.45,109.25,150,109.45,650,12500,6561300
NIFTY13OCT2217200CE.NFO,11/10/2022,09:29:54,109.65,109.5,50,109.7,250,15900,6561300
NIFTY13OCT2217200CE.NFO,11/10/2022,09:29:55,109.75,109.85,150,110.05,950,24650,6561300
NIFTY13OCT2217200CE.NFO,11/10/2022,09:29:56,110.25,110.2,550,110.45,600,2200,6561300
NIFTY13OCT2217200CE.NFO,11/10/2022,09:29:58,109.05,108.9,200,109.1,450,15700,6561300
NIFTY13OCT2217200CE.NFO,11/10/2022,09:29:59,109,109,150,109.1,150,11700,6561300
NIFTY13OCT2217200CE.NFO,11/10/2022,09:29:59,109.15,109.3,250,109.5,550,7750,6561300
NIFTY13OCT2217200CE.NFO,11/10/2022,09:30:00,108.6,108.55,200,108.75,300,11900,6561300
NIFTY13OCT2217200CE.NFO,11/10/2022,09:30:01,108.15,108,10850,108.15,50,23800,6561300
NIFTY13OCT2217200CE.NFO,11/10/2022,09:30:02,107.65,107.7,550,107.9,50,23250,6561300
NIFTY13OCT2217200CE.NFO,11/10/2022,09:30:03,107,107,1300,107.1,450,26300,6561300
NIFTY13OCT2217200CE.NFO,11/10/2022,09:30:04,106.05,106.05,450,106.25,250,11900,6561300
NIFTY13OCT2217200CE.NFO,11/10/2022,09:30:06,104.25,104.25,450,104.4,150,52450,6561300
NIFTY13OCT2217200CE.NFO,11/10/2022,09:30:07,103.85,103.75,50,103.9,250,16650,6561300
NIFTY13OCT2217200CE.NFO,11/10/2022,09:30:08,103.7,103.75,150,103.85,350,11550,6561300
NIFTY13OCT2217200CE.NFO,11/10/2022,09:30:09,103.5,103.25,150,103.5,1000,20650,6561300
NIFTY13OCT2217200CE.NFO,11/10/2022,09:30:09,104.15,104.1,50,104.25,300,4750,6561300
NIFTY13OCT2217200CE.NFO,11/10/2022,09:30:10,104.6,104.25,500,104.45,350,17850,6561300
NIFTY13OCT2217200CE.NFO,11/10/2022,09:30:11,103.3,103.15,300,103.3,50,29500,6561300
NIFTY13OCT2217200CE.NFO,11/10/2022,09:30:13,103.85,103.8,650,104.05,50,24850,6561300
NIFTY13OCT2217200CE.NFO,11/10/2022,09:30:14,103,102.95,100,103.15,350,14400,6561300
NIFTY13OCT2217200CE.NFO,11/10/2022,09:30:15,103.2,103.15,200,103.3,250,10950,6561300
NIFTY13OCT2217200CE.NFO,11/10/2022,09:30:16,104.3,104.25,100,104.45,50,23600,6561300
NIFTY13OCT2217200CE.NFO,11/10/2022,09:30:17,103.8,103.65,500,103.85,350,16100,6561300
NIFTY13OCT2217200CE.NFO,11/10/2022,09:30:18,104.25,103.95,900,104.2,150,9200,6561300
NIFTY13OCT2217200CE.NFO,11/10/2022,09:30:19,104.45,104.45,250,104.65,50,9200,6561300
NIFTY13OCT2217200CE.NFO,11/10/2022,09:30:19,104.5,104.35,250,104.55,150,4000,6561300
NIFTY13OCT2217200CE.NFO,11/10/2022,09:30:20,104.1,104.15,250,104.35,150,26300,6561300
NIFTY13OCT2217200CE.NFO,11/10/2022,09:30:22,104,103.75,300,103.95,300,12600,6561300
NIFTY13OCT2217200CE.NFO,11/10/2022,09:30:23,106.55,106.55,250,106.7,50,21100,6561300
NIFTY13OCT2217200CE.NFO,11/10/2022,09:30:24,106.05,105.9,400,106.05,150,7500,6561300
NIFTY13OCT2217200CE.NFO,11/10/2022,09:30:25,107.9,107.95,300,108,200,11400,6561300
NIFTY13OCT2217200CE.NFO,11/10/2022,09:30:26,107.05,106.85,550,107.1,500,13950,6561300
NIFTY13OCT2217200CE.NFO,11/10/2022,09:30:26,107.15,106.95,300,107.15,400,1900,6561300
NIFTY13OCT2217200CE.NFO,11/10/2022,09:30:27,106.35,106.25,650,106.35,50,10300,6561300
NIFTY13OCT2217200CE.NFO,11/10/2022,09:30:29,105.65,105.65,1750,105.7,50,8800,6561300
NIFTY13OCT2217200CE.NFO,11/10/2022,09:30:29,105.3,105.1,500,105.25,100,2500,6561300
NIFTY13OCT2217200CE.NFO,11/10/2022,09:30:30,105.6,105.45,350,105.6,50,11150,6561300
NIFTY13OCT2217200CE.NFO,11/10/2022,09:30:32,106,105.85,350,106,250,14050,6561300
NIFTY13OCT2217200CE.NFO,11/10/2022,09:30:32,106.35,106.45,1450,106.65,50,4100,6561300
NIFTY13OCT2217200CE.NFO,11/10/2022,09:30:34,106.5,106.25,850,106.5,1300,9300,6561300
NIFTY13OCT2217200CE.NFO,11/10/2022,09:30:35,105.85,105.65,400,105.85,100,17450,6561300
NIFTY13OCT2217200CE.NFO,11/10/2022,09:30:36,106.25,106.25,300,106.45,350,10900,6561300
NIFTY13OCT2217200CE.NFO,11/10/2022,09:30:36,106.25,106.3,600,106.5,150,0,6561300
NIFTY13OCT2217200CE.NFO,11/10/2022,09:30:37,105.85,105.85,1800,106,550,4050,6561300
NIFTY13OCT2217200CE.NFO,11/10/2022,09:30:38,105.9,105.75,450,105.9,50,6400,6561300
NIFTY13OCT2217200CE.NFO,11/10/2022,09:30:39,106.6,106.65,650,106.9,550,7500,6561300
NIFTY13OCT2217200CE.NFO,11/10/2022,09:30:40,107.8,107.65,200,107.8,50,9200,6561300
NIFTY13OCT2217200CE.NFO,11/10/2022,09:30:41,107.85,107.8,500,107.85,50,12500,6561300
NIFTY13OCT2217200CE.NFO,11/10/2022,09:30:42,108.6,108.7,250,108.8,300,24550,6561300
NIFTY13OCT2217200CE.NFO,11/10/2022,09:30:44,107.9,107.9,200,107.95,250,7700,6561300
NIFTY13OCT2217200CE.NFO,11/10/2022,09:30:45,108.25,108.2,50,108.3,50,11250,6561300
NIFTY13OCT2217200CE.NFO,11/10/2022,09:30:46,107.8,107.95,150,108.05,400,7650,6561300
NIFTY13OCT2217200CE.NFO,11/10/2022,09:30:47,108.3,108.3,700,108.5,350,8950,6561300
NIFTY13OCT2217200CE.NFO,11/10/2022,09:30:47,108.5,108.35,100,108.55,700,200,6561300
NIFTY13OCT2217200CE.NFO,11/10/2022,09:30:48,108.75,108.6,150,108.75,300,15700,6561300
NIFTY13OCT2217200CE.NFO,11/10/2022,09:30:50,109.35,109.35,1150,109.6,400,7950,6561300
NIFTY13OCT2217200CE.NFO,11/10/2022,09:30:51,109.5,109.6,600,109.8,100,9800,6561300
NIFTY13OCT2217200CE.NFO,11/10/2022,09:30:52,108.8,108.8,250,109.05,350,12650,6561300
NIFTY13OCT2217200CE.NFO,11/10/2022,09:30:53,109,108.75,600,109,250,5150,6561300
NIFTY13OCT2217200CE.NFO,11/10/2022,09:30:53,108.5,108.55,400,108.8,200,6750,6561300
NIFTY13OCT2217200CE.NFO,11/10/2022,09:30:54,108.3,108.3,200,108.45,350,10850,6561300
NIFTY13OCT2217200CE.NFO,11/10/2022,09:30:55,109.3,109.2,50,109.3,1700,8600,6561300
NIFTY13OCT2217200CE.NFO,11/10/2022,09:30:57,109.95,109.85,150,109.95,150,8750,6561300
NIFTY13OCT2217200CE.NFO,11/10/2022,09:30:58,110.6,110.6,200,110.7,350,27550,6561300
NIFTY13OCT2217200CE.NFO,11/10/2022,09:30:59,111,110.5,150,110.65,400,8550,6561300
NIFTY13OCT2217200CE.NFO,11/10/2022,09:31:00,110.2,110.05,150,110.2,50,13200,6561300
NIFTY13OCT2217200CE.NFO,11/10/2022,09:31:01,110.25,110.25,400,110.45,150,12650,6561300
NIFTY13OCT2217200CE.NFO,11/10/2022,09:31:02,112,111.8,300,112,2350,17550,6561300
NIFTY13OCT2217200CE.NFO,11/10/2022,09:31:03,111,110.8,250,111,50,19200,6561300
NIFTY13OCT2217200CE.NFO,11/10/2022,09:31:04,111.1,110.95,50,111.1,250,6000,6561300
NIFTY13OCT2217200CE.NFO,11/10/2022,09:31:05,111,110.75,400,110.95,350,9400,6561300
NIFTY13OCT2217200CE.NFO,11/10/2022,09:31:06,111.3,111.15,500,111.4,350,12100,6561300
NIFTY13OCT2217200CE.NFO,11/10/2022,09:31:07,111.65,111.65,250,111.8,50,9200,6561300
NIFTY13OCT2217200CE.NFO,11/10/2022,09:31:08,112.05,111.8,250,111.95,50,11600,6561300
NIFTY13OCT2217200CE.NFO,11/10/2022,09:31:09,111.05,111,50,111.05,50,18200,6561300
NIFTY13OCT2217200CE.NFO,11/10/2022,09:31:11,111.5,111.5,450,111.7,250,19700,6561300
NIFTY13OCT2217200CE.NFO,11/10/2022,09:31:12,111.85,111.85,250,112,1800,9350,6561300
NIFTY13OCT2217200CE.NFO,11/10/2022,09:31:13,111.55,111.55,50,111.7,200,31150,6561300
NIFTY13OCT2217200CE.NFO,11/10/2022,09:31:14,111.6,111.5,50,111.65,400,8250,6561300
NIFTY13OCT2217200CE.NFO,11/10/2022,09:31:14,110.3,110.2,200,110.3,50,6150,6561300
NIFTY13OCT2217200CE.NFO,11/10/2022,09:31:15,110.6,110.5,450,110.6,150,5500,6561300
NIFTY13OCT2217200CE.NFO,11/10/2022,09:31:17,109.15,108.95,50,109.1,400,36550,6561300
NIFTY13OCT2217200CE.NFO,11/10/2022,09:31:18,110,109.85,50,109.95,300,7300,6561300
NIFTY13OCT2217200CE.NFO,11/10/2022,09:31:19,109.5,109.35,50,109.5,250,6750,6561300
NIFTY13OCT2217200CE.NFO,11/10/2022,09:31:20,110.75,110.75,50,110.8,2800,20350,6561300
NIFTY13OCT2217200CE.NFO,11/10/2022,09:31:21,111.1,111,2900,111.2,50,9300,6561300
NIFTY13OCT2217200CE.NFO,11/10/2022,09:31:21,110.75,110.7,200,110.95,400,4800,6561300
NIFTY13OCT2217200CE.NFO,11/10/2022,09:31:22,109.4,109.4,550,109.55,100,12400,6561300
NIFTY13OCT2217200CE.NFO,11/10/2022,09:31:24,108.65,108.4,150,108.6,50,15250,6561300
NIFTY13OCT2217200CE.NFO,11/10/2022,09:31:25,107.45,107.35,400,107.45,2000,20850,6561300
NIFTY13OCT2217200CE.NFO,11/10/2022,09:31:26,108.55,108.45,50,108.5,2800,12850,6561300
NIFTY13OCT2217200CE.NFO,11/10/2022,09:31:27,107.75,107.75,50,107.85,250,16850,6561300
NIFTY13OCT2217200CE.NFO,11/10/2022,09:31:28,108.85,108.65,150,108.85,250,10400,6561300
NIFTY13OCT2217200CE.NFO,11/10/2022,09:31:29,108.85,108.85,250,109.05,150,10750,6561300
NIFTY13OCT2217200CE.NFO,11/10/2022,09:31:29,108.8,108.8,200,108.95,100,1150,6561300
NIFTY13OCT2217200CE.NFO,11/10/2022,09:31:30,108.8,108.55,400,108.75,400,21250,6561300
NIFTY13OCT2217200CE.NFO,11/10/2022,09:31:31,108.15,108.15,550,108.35,50,5550,6561300
NIFTY13OCT2217200CE.NFO,11/10/2022,09:31:32,108.45,108.25,550,108.45,50,6600,6561300
NIFTY13OCT2217200CE.NFO,11/10/2022,09:31:33,108.8,108.55,100,108.75,550,4150,6561300
NIFTY13OCT2217200CE.NFO,11/10/2022,09:31:34,108.75,108.75,50,108.8,750,6100,6561300
NIFTY13OCT2217200CE.NFO,11/10/2022,09:31:35,109.3,109.2,650,109.4,250,8750,6561300
NIFTY13OCT2217200CE.NFO,11/10/2022,09:31:36,109.25,108.8,250,108.95,450,6050,6561300
NIFTY13OCT2217200CE.NFO,11/10/2022,09:31:37,108.6,108.55,300,108.75,250,3800,6561300
NIFTY13OCT2217200CE.NFO,11/10/2022,09:31:38,109.35,109.2,650,109.45,350,9300,6561300
NIFTY13OCT2217200CE.NFO,11/10/2022,09:31:39,109.4,109.25,50,109.4,100,5900,6561300
NIFTY13OCT2217200CE.NFO,11/10/2022,09:31:41,108.4,108.3,250,108.45,50,18750,6561300
NIFTY13OCT2217200CE.NFO,11/10/2022,09:31:41,108.6,108.55,50,108.65,350,5600,6561300
NIFTY13OCT2217200CE.NFO,11/10/2022,09:31:43,107.85,107.75,250,107.85,100,3250,6561300
NIFTY13OCT2217200CE.NFO,11/10/2022,09:31:44,106.75,106.65,150,106.85,150,31350,6561300
NIFTY13OCT2217200CE.NFO,11/10/2022,09:31:44,106.85,106.75,350,106.9,200,1050,6561300
NIFTY13OCT2217200CE.NFO,11/10/2022,09:31:45,107.4,107.05,50,107.3,650,7900,6561300
NIFTY13OCT2217200CE.NFO,11/10/2022,09:31:46,107.6,107.25,100,107.4,650,9550,6561300
NIFTY13OCT2217200CE.NFO,11/10/2022,09:31:47,106.35,106.2,200,106.35,250,7600,6561300
NIFTY13OCT2217200CE.NFO,11/10/2022,09:31:48,106.75,106.65,100,106.85,850,7400,6561300
NIFTY13OCT2217200CE.NFO,11/10/2022,09:31:49,106.35,106.3,100,106.4,100,26400,6561300
NIFTY13OCT2217200CE.NFO,11/10/2022,09:31:51,107.85,107.75,400,107.85,150,23900,6561300
NIFTY13OCT2217200CE.NFO,11/10/2022,09:31:52,107.7,107.7,50,107.8,100,8000,6561300
NIFTY13OCT2217200CE.NFO,11/10/2022,09:31:52,106.7,106.65,100,106.75,700,6450,6561300
NIFTY13OCT2217200CE.NFO,11/10/2022,09:31:53,106.6,106.35,450,106.55,50,3100,6561300
NIFTY13OCT2217200CE.NFO,11/10/2022,09:31:54,106.55,106.35,200,106.5,300,5350,6561300
NIFTY13OCT2217200CE.NFO,11/10/2022,09:31:55,107.15,107.15,250,107.35,200,9750,6561300
NIFTY13OCT2217200CE.NFO,11/10/2022,09:31:56,107.2,106.95,450,107.15,150,6450,6561300
NIFTY13OCT2217200CE.NFO,11/10/2022,09:31:57,107,106.85,700,107.05,550,7600,6561300
NIFTY13OCT2217200CE.NFO,11/10/2022,09:31:59,106.85,106.7,400,106.9,400,12850,6561300
NIFTY13OCT2217200CE.NFO,11/10/2022,09:32:00,107.2,107.1,50,107.3,650,4750,6561300
NIFTY13OCT2217200CE.NFO,11/10/2022,09:32:01,104.45,104.1,400,104.3,700,65950,6561300
NIFTY13OCT2217200CE.NFO,11/10/2022,09:32:03,104.65,104.65,150,104.85,250,8750,6561300
NIFTY13OCT2217200CE.NFO,11/10/2022,09:32:04,104.5,104.55,300,104.75,50,7000,6561300
NIFTY13OCT2217200CE.NFO,11/10/2022,09:32:05,104.45,104.3,3550,104.45,150,7300,6561300
NIFTY13OCT2217200CE.NFO,11/10/2022,09:32:06,104.05,104,500,104.25,1150,17250,6561300
NIFTY13OCT2217200CE.NFO,11/10/2022,09:32:07,104.2,104.2,750,104.3,1050,16950,6561300
NIFTY13OCT2217200CE.NFO,11/10/2022,09:32:07,104.5,104.35,150,104.5,200,850,6561300
NIFTY13OCT2217200CE.NFO,11/10/2022,09:32:08,105.65,105.8,300,106,700,19950,6561300
NIFTY13OCT2217200CE.NFO,11/10/2022,09:32:10,105.75,105.85,500,106.05,50,2750,6561300
NIFTY13OCT2217200CE.NFO,11/10/2022,09:32:11,106.1,105.7,500,105.85,50,4550,6561300
NIFTY13OCT2217200CE.NFO,11/10/2022,09:32:12,106,105.75,450,106,1250,1900,6561300
NIFTY13OCT2217200CE.NFO,11/10/2022,09:32:13,106.95,106.75,150,106.95,300,9400,6561300
NIFTY13OCT2217200CE.NFO,11/10/2022,09:32:14,106.85,106.7,300,106.85,50,2950,6561300
NIFTY13OCT2217200CE.NFO,11/10/2022,09:32:15,107.6,107.6,100,107.85,1000,6700,6561300
NIFTY13OCT2217200CE.NFO,11/10/2022,09:32:15,107.95,107.75,250,107.95,500,350,6561300
NIFTY13OCT2217200CE.NFO,11/10/2022,09:32:16,107.3,107.1,1400,107.3,50,4700,6561300
NIFTY13OCT2217200CE.NFO,11/10/2022,09:32:18,107.8,107.6,100,107.7,100,7050,6561300
NIFTY13OCT2217200CE.NFO,11/10/2022,09:32:19,107.35,107.05,300,107.25,250,7350,6561300
NIFTY13OCT2217200CE.NFO,11/10/2022,09:32:20,107.3,107.25,50,107.45,400,6800,6561300
NIFTY13OCT2217200CE.NFO,11/10/2022,09:32:20,107.35,107.25,100,107.4,50,100,6561300
NIFTY13OCT2217200CE.NFO,11/10/2022,09:32:21,106.8,106.9,500,107,100,4000,6561300
NIFTY13OCT2217200CE.NFO,11/10/2022,09:32:23,107.55,107.5,100,107.65,450,4700,6561300
NIFTY13OCT2217200CE.NFO,11/10/2022,09:32:23,107.55,107.35,50,107.55,500,2150,6561300
NIFTY13OCT2217200CE.NFO,11/10/2022,09:32:25,107.55,107.4,150,107.6,100,7600,6561300
NIFTY13OCT2217200CE.NFO,11/10/2022,09:32:26,106.9,106.75,50,106.9,100,8650,6561300
NIFTY13OCT2217200CE.NFO,11/10/2022,09:32:27,105.45,105.35,400,105.5,250,20850,6561300
NIFTY13OCT2217200CE.NFO,11/10/2022,09:32:27,105.75,105.75,200,105.95,50,800,6561300
NIFTY13OCT2217200CE.NFO,11/10/2022,09:32:28,105.95,105.95,50,106.1,550,5550,6561300
NIFTY13OCT2217200CE.NFO,11/10/2022,09:32:29,106.7,106.65,50,106.8,200,3050,6561300
NIFTY13OCT2217200CE.NFO,11/10/2022,09:32:31,106.05,106.05,50,106.2,150,1850,6813050
NIFTY13OCT2217200CE.NFO,11/10/2022,09:32:32,106.45,106.3,50,106.45,50,2600,6813050
NIFTY13OCT2217200CE.NFO,11/10/2022,09:32:33,105.4,105.35,550,105.55,50,2700,6813050
NIFTY13OCT2217200CE.NFO,11/10/2022,09:32:34,105.25,105.05,50,105.25,100,5800,6813050
NIFTY13OCT2217200CE.NFO,11/10/2022,09:32:35,105.2,105.3,100,105.35,100,1550,6813050
NIFTY13OCT2217200CE.NFO,11/10/2022,09:32:35,105.5,105.35,650,105.55,100,350,6813050
NIFTY13OCT2217200CE.NFO,11/10/2022,09:32:37,106.1,105.95,150,106.05,100,6050,6813050
NIFTY13OCT2217200CE.NFO,11/10/2022,09:32:37,105.4,105.35,300,105.55,50,5350,6813050
NIFTY13OCT2217200CE.NFO,11/10/2022,09:32:38,105.85,105.75,50,105.85,300,3900,6813050
NIFTY13OCT2217200CE.NFO,11/10/2022,09:32:40,106.45,106.55,50,106.7,350,5850,6813050
NIFTY13OCT2217200CE.NFO,11/10/2022,09:32:41,105.7,105.7,1100,105.95,300,2700,6813050
NIFTY13OCT2217200CE.NFO,11/10/2022,09:32:42,105.6,105.45,250,105.5,150,6550,6813050
NIFTY13OCT2217200CE.NFO,11/10/2022,09:32:43,106.3,105.95,50,106.1,250,2100,6813050
NIFTY13OCT2217200CE.NFO,11/10/2022,09:32:44,106.3,106.25,150,106.4,100,2850,6813050
NIFTY13OCT2217200CE.NFO,11/10/2022,09:32:45,106.75,106.55,300,106.8,550,1950,6813050
NIFTY13OCT2217200CE.NFO,11/10/2022,09:32:45,107,107,1300,107.2,250,13200,6813050
NIFTY13OCT2217200CE.NFO,11/10/2022,09:32:47,107,106.7,200,106.8,100,3000,6813050
NIFTY13OCT2217200CE.NFO,11/10/2022,09:32:48,107.05,107,150,107.1,50,1950,6813050
NIFTY13OCT2217200CE.NFO,11/10/2022,09:32:49,107.1,107.05,600,107.2,50,4900,6813050
NIFTY13OCT2217200CE.NFO,11/10/2022,09:32:50,107.6,107.65,50,107.75,300,3850,6813050
NIFTY13OCT2217200CE.NFO,11/10/2022,09:32:51,107.7,107.85,250,108.05,400,9400,6813050
NIFTY13OCT2217200CE.NFO,11/10/2022,09:32:52,108.1,107.85,100,108.05,350,5950,6813050
NIFTY13OCT2217200CE.NFO,11/10/2022,09:32:53,107.6,107.45,250,107.65,200,3250,6813050
NIFTY13OCT2217200CE.NFO,11/10/2022,09:32:54,106.95,106.95,50,107.15,600,2950,6813050
NIFTY13OCT2217200CE.NFO,11/10/2022,09:32:55,106.4,106.15,350,106.35,200,5850,6813050
NIFTY13OCT2217200CE.NFO,11/10/2022,09:32:55,105.8,105.75,50,105.85,650,3300,6813050
NIFTY13OCT2217200CE.NFO,11/10/2022,09:32:57,105.75,105.65,250,105.85,1050,10350,6813050
NIFTY13OCT2217200CE.NFO,11/10/2022,09:32:58,106.05,106,650,106.25,600,4800,6813050
NIFTY13OCT2217200CE.NFO,11/10/2022,09:32:58,106.55,106.3,50,106.5,150,1600,6813050
NIFTY13OCT2217200CE.NFO,11/10/2022,09:32:59,106.3,106.25,50,106.3,250,3350,6813050
NIFTY13OCT2217200CE.NFO,11/10/2022,09:33:00,105.65,105.55,150,105.65,100,10200,6813050
NIFTY13OCT2217200CE.NFO,11/10/2022,09:33:01,106.3,106.05,450,106.3,350,6050,6813050
NIFTY13OCT2217200CE.NFO,11/10/2022,09:33:03,106,106,550,106.1,250,10000,6813050
NIFTY13OCT2217200CE.NFO,11/10/2022,09:33:04,105.85,105.65,300,105.8,100,7150,6813050
NIFTY13OCT2217200CE.NFO,11/10/2022,09:33:05,105.55,105.65,200,105.75,150,6600,6813050
NIFTY13OCT2217200CE.NFO,11/10/2022,09:33:06,105.8,105.8,1050,105.9,50,3800,6813050
NIFTY13OCT2217200CE.NFO,11/10/2022,09:33:07,104.6,104.5,6950,104.6,50,30050,6813050
NIFTY13OCT2217200CE.NFO,11/10/2022,09:33:08,104.65,104.65,200,104.75,350,16750,6813050
NIFTY13OCT2217200CE.NFO,11/10/2022,09:33:10,104.75,104.7,50,104.75,200,7050,6813050
NIFTY13OCT2217200CE.NFO,11/10/2022,09:33:11,104.85,104.65,500,104.85,50,6050,6813050
NIFTY13OCT2217200CE.NFO,11/10/2022,09:33:12,105.05,105.1,50,105.25,450,6100,6813050
NIFTY13OCT2217200CE.NFO,11/10/2022,09:33:13,105.35,105.4,150,105.6,200,6200,6813050
NIFTY13OCT2217200CE.NFO,11/10/2022,09:33:14,105.55,105.45,400,105.55,100,1950,6813050
NIFTY13OCT2217200CE.NFO,11/10/2022,09:33:15,105.65,105.55,50,105.65,250,6200,6813050
NIFTY13OCT2217200CE.NFO,11/10/2022,09:33:16,106.15,106.05,200,106.2,150,10400,6813050
NIFTY13OCT2217200CE.NFO,11/10/2022,09:33:17,107.7,107.65,150,107.7,1850,9800,6813050
NIFTY13OCT2217200CE.NFO,11/10/2022,09:33:18,107.65,107.55,350,107.7,200,11350,6813050
NIFTY13OCT2217200CE.NFO,11/10/2022,09:33:19,107.45,107.2,100,107.4,200,5900,6813050
NIFTY13OCT2217200CE.NFO,11/10/2022,09:33:20,107,106.85,100,106.95,50,3050,6813050
NIFTY13OCT2217200CE.NFO,11/10/2022,09:33:20,106.85,106.65,100,106.85,100,1750,6813050
NIFTY13OCT2217200CE.NFO,11/10/2022,09:33:21,106.7,106.55,250,106.7,250,6450,6813050
NIFTY13OCT2217200CE.NFO,11/10/2022,09:33:23,106.85,106.9,300,107.05,100,5800,6813050
NIFTY13OCT2217200CE.NFO,11/10/2022,09:33:24,107.85,107.8,50,107.9,350,8750,6813050
NIFTY13OCT2217200CE.NFO,11/10/2022,09:33:25,107.8,107.65,500,107.8,150,6200,6813050
NIFTY13OCT2217200CE.NFO,11/10/2022,09:33:26,107.15,107.3,250,107.5,50,7050,6813050
NIFTY13OCT2217200CE.NFO,11/10/2022,09:33:27,108,107.8,200,108,550,5600,6813050
NIFTY13OCT2217200CE.NFO,11/10/2022,09:33:28,108.5,108.55,300,108.7,350,8800,6813050
NIFTY13OCT2217200CE.NFO,11/10/2022,09:33:29,109,108.75,1000,108.95,100,6750,6813050
NIFTY13OCT2217200CE.NFO,11/10/2022,09:33:29,109.15,109.1,150,109.25,400,8600,6813050
NIFTY13OCT2217200CE.NFO,11/10/2022,09:33:31,110.2,110.15,650,110.3,50,21850,6813050
NIFTY13OCT2217200CE.NFO,11/10/2022,09:33:32,110.4,110,200,110.15,400,5250,6813050
NIFTY13OCT2217200CE.NFO,11/10/2022,09:33:33,110.15,110.05,550,110.15,150,7750,6813050
NIFTY13OCT2217200CE.NFO,11/10/2022,09:33:34,110.25,110.25,150,110.4,100,5600,6813050
NIFTY13OCT2217200CE.NFO,11/10/2022,09:33:35,110.25,110.2,1000,110.4,400,5400,6813050
NIFTY13OCT2217200CE.NFO,11/10/2022,09:33:36,110.4,110.15,400,110.35,250,7600,6813050
NIFTY13OCT2217200CE.NFO,11/10/2022,09:33:37,111.25,111.05,250,111.25,1550,12950,6813050
NIFTY13OCT2217200CE.NFO,11/10/2022,09:33:38,110.5,110.3,250,110.5,500,4600,6813050
NIFTY13OCT2217200CE.NFO,11/10/2022,09:33:39,110.6,110.15,150,110.3,250,7350,6813050
NIFTY13OCT2217200CE.NFO,11/10/2022,09:33:40,110.35,110.15,200,110.25,100,11300,6813050
NIFTY13OCT2217200CE.NFO,11/10/2022,09:33:40,110.7,110.4,400,110.55,100,2850,6813050
NIFTY13OCT2217200CE.NFO,11/10/2022,09:33:42,109.8,109.8,50,110,550,8100,6813050
NIFTY13OCT2217200CE.NFO,11/10/2022,09:33:43,110.3,110.15,500,110.35,200,4500,6813050
NIFTY13OCT2217200CE.NFO,11/10/2022,09:33:44,110.65,110.65,250,110.85,1600,7000,6813050
NIFTY13OCT2217200CE.NFO,11/10/2022,09:33:45,111.45,111.25,300,111.5,650,12800,6813050
NIFTY13OCT2217200CE.NFO,11/10/2022,09:33:46,111.6,111.55,100,111.7,50,9400,6813050
NIFTY13OCT2217200CE.NFO,11/10/2022,09:33:47,111.55,111.35,550,111.55,50,8400,6813050
NIFTY13OCT2217200CE.NFO,11/10/2022,09:33:48,111.25,111.25,1300,111.5,200,6700,6813050
NIFTY13OCT2217200CE.NFO,11/10/2022,09:33:48,111.5,111.3,250,111.5,150,1250,6813050
NIFTY13OCT2217200CE.NFO,11/10/2022,09:33:50,111.85,111.65,400,111.85,50,13100,6813050
NIFTY13OCT2217200CE.NFO,11/10/2022,09:33:51,111.35,111.35,100,111.55,50,8250,6813050
NIFTY13OCT2217200CE.NFO,11/10/2022,09:33:52,111.5,111.55,400,111.8,300,8900,6813050
NIFTY13OCT2217200CE.NFO,11/10/2022,09:33:53,111.4,111.4,100,111.6,100,11200,6813050
NIFTY13OCT2217200CE.NFO,11/10/2022,09:33:54,111.35,111.15,400,111.4,350,9250,6813050
NIFTY13OCT2217200CE.NFO,11/10/2022,09:33:55,112,111.65,600,111.9,300,12300,6813050
NIFTY13OCT2217200CE.NFO,11/10/2022,09:33:56,111.7,111.55,300,111.8,500,6900,6813050
NIFTY13OCT2217200CE.NFO,11/10/2022,09:33:57,112.2,111.9,250,112.1,50,24450,6813050
NIFTY13OCT2217200CE.NFO,11/10/2022,09:33:58,111.05,111,100,111.2,700,9700,6813050
NIFTY13OCT2217200CE.NFO,11/10/2022,09:33:59,110.2,110.15,350,110.4,700,8950,6813050
NIFTY13OCT2217200CE.NFO,11/10/2022,09:34:00,110.75,110.7,50,110.9,600,46850,6813050
NIFTY13OCT2217200CE.NFO,11/10/2022,09:34:01,110.25,110.3,450,110.5,550,19200,6813050
NIFTY13OCT2217200CE.NFO,11/10/2022,09:34:02,108.8,108.7,400,108.85,50,20850,6813050
NIFTY13OCT2217200CE.NFO,11/10/2022,09:34:02,108.8,108.7,300,108.8,100,8700,6813050
NIFTY13OCT2217200CE.NFO,11/10/2022,09:34:04,107.95,107.75,350,107.95,250,46300,6813050
NIFTY13OCT2217200CE.NFO,11/10/2022,09:34:05,108.05,108,100,108.2,400,7700,6813050
NIFTY13OCT2217200CE.NFO,11/10/2022,09:34:06,108.2,108.05,400,108.2,350,4400,6813050
NIFTY13OCT2217200CE.NFO,11/10/2022,09:34:07,108.55,108.4,450,108.55,50,7800,6813050
NIFTY13OCT2217200CE.NFO,11/10/2022,09:34:08,106.65,106.65,100,106.75,750,23050,6813050
NIFTY13OCT2217200CE.NFO,11/10/2022,09:34:09,106.55,106.5,550,106.75,650,9000,6813050
NIFTY13OCT2217200CE.NFO,11/10/2022,09:34:10,106.45,106.5,50,106.6,100,9150,6813050
NIFTY13OCT2217200CE.NFO,11/10/2022,09:34:12,106.45,106.55,450,106.75,2650,19400,6813050
NIFTY13OCT2217200CE.NFO,11/10/2022,09:34:13,107.2,107,50,107.2,550,6400,6813050
NIFTY13OCT2217200CE.NFO,11/10/2022,09:34:14,106.85,106.9,300,107.05,50,5700,6813050
NIFTY13OCT2217200CE.NFO,11/10/2022,09:34:15,106.6,106.4,300,106.55,150,4200,6813050
NIFTY13OCT2217200CE.NFO,11/10/2022,09:34:16,106.9,106.95,50,107.15,1150,10200,6813050
NIFTY13OCT2217200CE.NFO,11/10/2022,09:34:17,107.1,106.9,500,107.05,100,7500,6813050
NIFTY13OCT2217200CE.NFO,11/10/2022,09:34:18,106.25,106.2,150,106.45,700,6300,6813050
NIFTY13OCT2217200CE.NFO,11/10/2022,09:34:18,106.25,106.25,900,106.35,50,100,6813050
NIFTY13OCT2217200CE.NFO,11/10/2022,09:34:20,106,106,850,106.05,800,7600,6813050
NIFTY13OCT2217200CE.NFO,11/10/2022,09:34:21,105.5,105.5,300,105.7,50,5600,6813050
NIFTY13OCT2217200CE.NFO,11/10/2022,09:34:22,105.35,105.35,300,105.55,600,5450,6813050
NIFTY13OCT2217200CE.NFO,11/10/2022,09:34:23,105.6,105.55,200,105.7,250,10800,6813050
NIFTY13OCT2217200CE.NFO,11/10/2022,09:34:24,105.6,105.55,100,105.65,100,8200,6813050
NIFTY13OCT2217200CE.NFO,11/10/2022,09:34:25,105.4,105.2,550,105.35,150,8200,6813050
NIFTY13OCT2217200CE.NFO,11/10/2022,09:34:26,105.2,105.2,350,105.4,900,31550,6813050
NIFTY13OCT2217200CE.NFO,11/10/2022,09:34:26,105.6,105.45,300,105.7,300,1000,6813050
NIFTY13OCT2217200CE.NFO,11/10/2022,09:34:27,105.6,105.6,2550,105.75,1200,3200,6813050
NIFTY13OCT2217200CE.NFO,11/10/2022,09:34:29,105.8,105.6,200,105.75,150,9900,6813050
NIFTY13OCT2217200CE.NFO,11/10/2022,09:34:30,105.9,105.85,800,106.05,100,4800,6813050
NIFTY13OCT2217200CE.NFO,11/10/2022,09:34:31,104.8,104.75,500,104.85,1350,13950,6813050
NIFTY13OCT2217200CE.NFO,11/10/2022,09:34:32,104.45,104.3,550,104.45,50,5900,6813050
NIFTY13OCT2217200CE.NFO,11/10/2022,09:34:33,104.4,104.4,1150,104.65,300,7300,6813050
NIFTY13OCT2217200CE.NFO,11/10/2022,09:34:33,104.6,104.4,400,104.6,200,3300,6813050
NIFTY13OCT2217200CE.NFO,11/10/2022,09:34:35,104.4,104.35,50,104.55,200,19800,6813050
NIFTY13OCT2217200CE.NFO,11/10/2022,09:34:36,104.3,104.2,100,104.35,100,7050,6813050
NIFTY13OCT2217200CE.NFO,11/10/2022,09:34:37,104.25,104.4,100,104.6,300,6200,6813050
NIFTY13OCT2217200CE.NFO,11/10/2022,09:34:38,104.45,104.45,450,104.65,650,7750,6813050
NIFTY13OCT2217200CE.NFO,11/10/2022,09:34:39,104.7,104.7,200,104.9,500,8900,6813050
NIFTY13OCT2217200CE.NFO,11/10/2022,09:34:40,104.9,104.85,250,105,50,6250,6813050
NIFTY13OCT2217200CE.NFO,11/10/2022,09:34:41,105.15,104.9,1150,105.1,200,4150,6813050
NIFTY13OCT2217200CE.NFO,11/10/2022,09:34:42,105.45,105,300,105.2,350,6850,6813050
NIFTY13OCT2217200CE.NFO,11/10/2022,09:34:43,104.4,104.2,200,104.4,300,4650,6813050
NIFTY13OCT2217200CE.NFO,11/10/2022,09:34:44,104.3,104.2,300,104.35,200,1250,6813050
NIFTY13OCT2217200CE.NFO,11/10/2022,09:34:45,104.7,104.55,1150,104.65,200,8800,6813050
