Ticker,Date,Time,LTP,BuyPrice,BuyQty,SellPrice,SellQty,LTQ,OpenInterest
NIFTY13OCT2217400CE.NFO,07/10/2022,09:15:00,100,90,50,92.3,250,3350,4034750
NIFTY13OCT2217400CE.NFO,07/10/2022,09:15:00,100,90,50,92.3,250,0,4034750
NIFTY13OCT2217400CE.NFO,07/10/2022,09:15:00,100,90,50,92.3,250,0,4034750
NIFTY13OCT2217400CE.NFO,07/10/2022,09:15:00,87.55,90,50,92.3,250,0,4034750
NIFTY13OCT2217400CE.NFO,07/10/2022,09:15:01,89,88.7,50,89.5,400,4250,4034750
NIFTY13OCT2217400CE.NFO,07/10/2022,09:15:03,93,93.1,150,94.1,50,15600,4034750
NIFTY13OCT2217400CE.NFO,07/10/2022,09:15:04,96.45,96.05,400,96.55,100,22800,4034750
NIFTY13OCT2217400CE.NFO,07/10/2022,09:15:05,98.2,98.25,100,98.9,300,17900,4034750
NIFTY13OCT2217400CE.NFO,07/10/2022,09:15:06,97.75,97.4,200,97.8,50,11000,4034750
NIFTY13OCT2217400CE.NFO,07/10/2022,09:15:07,95.2,95.1,500,95.25,150,23400,4034750
NIFTY13OCT2217400CE.NFO,07/10/2022,09:15:09,93.6,93,50,93.55,50,23400,4034750
NIFTY13OCT2217400CE.NFO,07/10/2022,09:15:10,93.55,93.05,500,93.6,150,33350,4034750
NIFTY13OCT2217400CE.NFO,07/10/2022,09:15:11,94.1,93.8,200,94.05,50,16800,4034750
NIFTY13OCT2217400CE.NFO,07/10/2022,09:15:12,93.25,93.25,50,93.5,350,14550,4034750
NIFTY13OCT2217400CE.NFO,07/10/2022,09:15:13,94.55,94.3,200,94.6,400,14550,4034750
NIFTY13OCT2217400CE.NFO,07/10/2022,09:15:14,94,93.95,1100,94.35,550,13100,4034750
NIFTY13OCT2217400CE.NFO,07/10/2022,09:15:15,93.25,92.85,50,93.25,200,16000,4034750
NIFTY13OCT2217400CE.NFO,07/10/2022,09:15:16,92.7,92.95,200,93.1,250,17950,4034750
NIFTY13OCT2217400CE.NFO,07/10/2022,09:15:17,95,95,650,95.35,300,16800,4034750
NIFTY13OCT2217400CE.NFO,07/10/2022,09:15:18,96.25,96.25,200,96.6,200,25600,4034750
NIFTY13OCT2217400CE.NFO,07/10/2022,09:15:20,98,98,1300,98.25,500,18000,4034750
NIFTY13OCT2217400CE.NFO,07/10/2022,09:15:21,99.3,98.95,50,99.25,50,19350,4034750
NIFTY13OCT2217400CE.NFO,07/10/2022,09:15:22,99.8,99.45,100,99.8,600,14100,4034750
NIFTY13OCT2217400CE.NFO,07/10/2022,09:15:23,98.9,98.5,50,98.9,950,36150,4034750
NIFTY13OCT2217400CE.NFO,07/10/2022,09:15:24,97.9,97.9,100,98.25,550,25250,4034750
NIFTY13OCT2217400CE.NFO,07/10/2022,09:15:25,94.75,94.75,200,95.1,1100,11400,4034750
NIFTY13OCT2217400CE.NFO,07/10/2022,09:15:26,95.05,94.75,50,95.1,50,20050,4034750
NIFTY13OCT2217400CE.NFO,07/10/2022,09:15:27,95.35,95.15,100,95.4,100,15000,4034750
NIFTY13OCT2217400CE.NFO,07/10/2022,09:15:28,97.05,96.85,400,97.2,200,14400,4034750
NIFTY13OCT2217400CE.NFO,07/10/2022,09:15:29,97.8,98,2400,98.2,50,14450,4034750
NIFTY13OCT2217400CE.NFO,07/10/2022,09:15:30,97,96.7,450,97.05,150,26400,4034750
NIFTY13OCT2217400CE.NFO,07/10/2022,09:15:31,98.15,98.15,550,98.5,50,26150,4034750
NIFTY13OCT2217400CE.NFO,07/10/2022,09:15:32,97.4,97.35,50,97.4,150,9150,4034750
NIFTY13OCT2217400CE.NFO,07/10/2022,09:15:33,96.55,96.5,650,96.9,600,29750,4034750
NIFTY13OCT2217400CE.NFO,07/10/2022,09:15:34,97.45,97.2,150,97.5,400,11450,4034750
NIFTY13OCT2217400CE.NFO,07/10/2022,09:15:35,97.35,97.2,200,97.55,300,5100,4034750
NIFTY13OCT2217400CE.NFO,07/10/2022,09:15:36,97.8,97.5,350,97.8,100,4250,4034750
NIFTY13OCT2217400CE.NFO,07/10/2022,09:15:37,98.95,98.95,150,99,1650,15900,4034750
NIFTY13OCT2217400CE.NFO,07/10/2022,09:15:38,100,99.85,800,100,7650,19550,4034750
NIFTY13OCT2217400CE.NFO,07/10/2022,09:15:39,101,100.85,50,100.95,50,20100,4034750
NIFTY13OCT2217400CE.NFO,07/10/2022,09:15:39,101,100.85,50,100.95,50,0,4034750
NIFTY13OCT2217400CE.NFO,07/10/2022,09:15:40,102.3,102.05,50,102.3,350,18150,4034750
NIFTY13OCT2217400CE.NFO,07/10/2022,09:15:40,102.3,102.05,50,102.3,350,0,4034750
NIFTY13OCT2217400CE.NFO,07/10/2022,09:15:41,102.2,102.1,100,102.3,350,10600,4034750
NIFTY13OCT2217400CE.NFO,07/10/2022,09:15:41,102.7,102.1,100,102.3,350,0,4034750
NIFTY13OCT2217400CE.NFO,07/10/2022,09:15:42,101.85,101.85,400,102.05,600,16700,4034750
NIFTY13OCT2217400CE.NFO,07/10/2022,09:15:43,99.6,99.4,100,99.75,600,19200,4034750
NIFTY13OCT2217400CE.NFO,07/10/2022,09:15:44,99.4,99.1,250,99.45,100,15950,4034750
NIFTY13OCT2217400CE.NFO,07/10/2022,09:15:45,99,98.7,50,99.05,900,11350,4034750
NIFTY13OCT2217400CE.NFO,07/10/2022,09:15:46,98.45,98.5,100,98.8,850,5300,4034750
NIFTY13OCT2217400CE.NFO,07/10/2022,09:15:47,98.7,98.7,250,99,700,7100,4034750
NIFTY13OCT2217400CE.NFO,07/10/2022,09:15:48,99.05,99.1,50,99.4,100,8850,4034750
NIFTY13OCT2217400CE.NFO,07/10/2022,09:15:49,101.3,101.1,150,101.25,100,14200,4034750
NIFTY13OCT2217400CE.NFO,07/10/2022,09:15:50,101.5,101.3,50,101.4,350,6500,4034750
NIFTY13OCT2217400CE.NFO,07/10/2022,09:15:51,101.4,101.15,350,101.4,50,9100,4034750
NIFTY13OCT2217400CE.NFO,07/10/2022,09:15:52,101.75,101.4,50,101.7,200,24200,4034750
NIFTY13OCT2217400CE.NFO,07/10/2022,09:15:53,101.15,101.1,250,101.25,100,11100,4034750
NIFTY13OCT2217400CE.NFO,07/10/2022,09:15:54,100.9,100.9,250,101.15,50,7600,4034750
NIFTY13OCT2217400CE.NFO,07/10/2022,09:15:55,100.9,100.5,700,100.85,50,13000,4034750
NIFTY13OCT2217400CE.NFO,07/10/2022,09:15:56,100.2,100.2,400,100.5,100,20550,4034750
NIFTY13OCT2217400CE.NFO,07/10/2022,09:15:57,99.9,99.9,100,100.1,800,7600,4034750
NIFTY13OCT2217400CE.NFO,07/10/2022,09:15:58,99.9,99.7,50,99.9,200,5050,4034750
NIFTY13OCT2217400CE.NFO,07/10/2022,09:15:59,99.55,99.25,200,99.55,50,5850,4034750
NIFTY13OCT2217400CE.NFO,07/10/2022,09:16:00,99.05,99,3300,99.15,800,9600,4034750
NIFTY13OCT2217400CE.NFO,07/10/2022,09:16:01,97.25,97.35,50,97.45,250,15650,4034750
NIFTY13OCT2217400CE.NFO,07/10/2022,09:16:02,96.85,96.8,100,96.95,150,15150,4034750
NIFTY13OCT2217400CE.NFO,07/10/2022,09:16:03,95.65,95.45,50,95.6,150,14150,4034750
NIFTY13OCT2217400CE.NFO,07/10/2022,09:16:04,96.2,96.05,50,96.2,50,17800,4034750
NIFTY13OCT2217400CE.NFO,07/10/2022,09:16:05,95.45,95.3,200,95.45,100,8500,4034750
NIFTY13OCT2217400CE.NFO,07/10/2022,09:16:06,94.3,94.15,100,94.25,700,9550,4034750
NIFTY13OCT2217400CE.NFO,07/10/2022,09:16:07,94.95,94.8,200,94.85,150,14950,4034750
NIFTY13OCT2217400CE.NFO,07/10/2022,09:16:08,94.85,94.75,150,94.95,550,5700,4034750
NIFTY13OCT2217400CE.NFO,07/10/2022,09:16:09,94.45,94.5,150,94.7,200,9550,4034750
NIFTY13OCT2217400CE.NFO,07/10/2022,09:16:10,95,94.85,50,95.05,200,8550,4034750
NIFTY13OCT2217400CE.NFO,07/10/2022,09:16:11,95.5,95.5,1500,95.65,50,12600,4034750
NIFTY13OCT2217400CE.NFO,07/10/2022,09:16:12,95.25,95,150,95.2,500,10050,4034750
NIFTY13OCT2217400CE.NFO,07/10/2022,09:16:13,94.25,93.95,50,94.2,1000,9050,4034750
NIFTY13OCT2217400CE.NFO,07/10/2022,09:16:14,92.95,92.95,250,93,150,11200,4034750
NIFTY13OCT2217400CE.NFO,07/10/2022,09:16:15,90.85,90.65,150,90.85,150,14450,4034750
NIFTY13OCT2217400CE.NFO,07/10/2022,09:16:16,90.4,90.2,300,90.4,100,22550,4034750
NIFTY13OCT2217400CE.NFO,07/10/2022,09:16:17,91.95,92,150,92.1,100,24450,4034750
NIFTY13OCT2217400CE.NFO,07/10/2022,09:16:18,93.55,93.5,200,93.75,150,10850,4034750
NIFTY13OCT2217400CE.NFO,07/10/2022,09:16:19,91.2,91,1050,91.25,150,9700,4034750
NIFTY13OCT2217400CE.NFO,07/10/2022,09:16:20,92,91.8,200,92.05,350,7950,4034750
NIFTY13OCT2217400CE.NFO,07/10/2022,09:16:21,92.05,92.05,100,92.2,150,6900,4034750
NIFTY13OCT2217400CE.NFO,07/10/2022,09:16:22,92.5,92.3,100,92.45,150,6600,4034750
NIFTY13OCT2217400CE.NFO,07/10/2022,09:16:23,92.55,92.4,100,92.5,50,9850,4034750
NIFTY13OCT2217400CE.NFO,07/10/2022,09:16:24,92.8,92.8,50,93,150,3550,4034750
NIFTY13OCT2217400CE.NFO,07/10/2022,09:16:25,92.75,92.6,150,92.75,150,5750,4034750
NIFTY13OCT2217400CE.NFO,07/10/2022,09:16:26,93.4,93.2,150,93.35,100,7750,4034750
NIFTY13OCT2217400CE.NFO,07/10/2022,09:16:27,94.65,94.65,650,94.85,200,5150,4034750
NIFTY13OCT2217400CE.NFO,07/10/2022,09:16:28,95.4,95.3,50,95.5,150,8000,4034750
NIFTY13OCT2217400CE.NFO,07/10/2022,09:16:29,94.95,94.9,150,95.1,250,8600,4034750
NIFTY13OCT2217400CE.NFO,07/10/2022,09:16:30,93.7,93.25,150,93.45,150,9450,4034750
NIFTY13OCT2217400CE.NFO,07/10/2022,09:16:31,92.4,92.1,150,92.3,150,9600,4034750
NIFTY13OCT2217400CE.NFO,07/10/2022,09:16:32,91.6,91.4,200,91.55,100,7800,4034750
NIFTY13OCT2217400CE.NFO,07/10/2022,09:16:33,93.6,93.1,200,93.3,200,13700,4034750
NIFTY13OCT2217400CE.NFO,07/10/2022,09:16:34,94.25,94.2,450,94.4,150,2400,4034750
NIFTY13OCT2217400CE.NFO,07/10/2022,09:16:35,94.35,94,1100,94.2,150,7450,4034750
NIFTY13OCT2217400CE.NFO,07/10/2022,09:16:36,94.35,94.15,750,94.45,150,8550,4034750
NIFTY13OCT2217400CE.NFO,07/10/2022,09:16:37,94.4,94.2,400,94.4,500,8550,4034750
NIFTY13OCT2217400CE.NFO,07/10/2022,09:16:39,93.7,93.75,150,93.9,50,5600,4034750
NIFTY13OCT2217400CE.NFO,07/10/2022,09:16:40,94.15,93.95,50,94.05,350,5150,4034750
NIFTY13OCT2217400CE.NFO,07/10/2022,09:16:41,93.65,93.6,350,93.8,200,5750,4034750
NIFTY13OCT2217400CE.NFO,07/10/2022,09:16:42,92.5,92.5,1100,92.55,250,9850,4034750
NIFTY13OCT2217400CE.NFO,07/10/2022,09:16:43,92.5,92.35,50,92.5,150,11800,4034750
NIFTY13OCT2217400CE.NFO,07/10/2022,09:16:44,92.65,92.45,400,92.7,1000,3500,4034750
NIFTY13OCT2217400CE.NFO,07/10/2022,09:16:45,92.15,92.05,50,92.15,50,11800,4034750
NIFTY13OCT2217400CE.NFO,07/10/2022,09:16:46,92.45,92.4,100,92.6,900,3150,4034750
NIFTY13OCT2217400CE.NFO,07/10/2022,09:16:47,92.3,92.1,100,92.3,200,2750,4034750
NIFTY13OCT2217400CE.NFO,07/10/2022,09:16:49,91.95,91.6,50,91.75,200,10050,4034750
NIFTY13OCT2217400CE.NFO,07/10/2022,09:16:50,91.9,91.75,350,92,250,9750,4034750
NIFTY13OCT2217400CE.NFO,07/10/2022,09:16:51,92.45,92.35,200,92.6,950,3350,4034750
NIFTY13OCT2217400CE.NFO,07/10/2022,09:16:52,92.4,92.25,300,92.45,150,7900,4034750
NIFTY13OCT2217400CE.NFO,07/10/2022,09:16:53,93.05,93.05,200,93.25,150,8500,4034750
NIFTY13OCT2217400CE.NFO,07/10/2022,09:16:54,93.4,93.35,400,93.55,250,8100,4034750
NIFTY13OCT2217400CE.NFO,07/10/2022,09:16:55,92.2,92,4600,92.2,200,11750,4034750
NIFTY13OCT2217400CE.NFO,07/10/2022,09:16:56,92.55,92.55,50,92.7,50,5650,4034750
NIFTY13OCT2217400CE.NFO,07/10/2022,09:16:57,91.7,91.65,200,91.85,150,14050,4034750
NIFTY13OCT2217400CE.NFO,07/10/2022,09:16:58,92.2,92.1,200,92.25,150,6800,4034750
NIFTY13OCT2217400CE.NFO,07/10/2022,09:16:59,93.05,93.1,400,93.35,150,8700,4034750
NIFTY13OCT2217400CE.NFO,07/10/2022,09:17:00,91.65,91.65,450,91.85,150,11700,4034750
NIFTY13OCT2217400CE.NFO,07/10/2022,09:17:01,91.6,91.4,450,91.55,200,6800,4034750
NIFTY13OCT2217400CE.NFO,07/10/2022,09:17:02,90.75,90.55,50,90.75,300,8900,4034750
NIFTY13OCT2217400CE.NFO,07/10/2022,09:17:03,90,89.85,100,90.05,1000,31300,4034750
NIFTY13OCT2217400CE.NFO,07/10/2022,09:17:04,90.15,89.9,100,90.1,350,9450,4034750
NIFTY13OCT2217400CE.NFO,07/10/2022,09:17:06,89.2,89.1,300,89.3,850,14700,4034750
NIFTY13OCT2217400CE.NFO,07/10/2022,09:17:07,89.35,89.25,100,89.45,300,8700,4034750
NIFTY13OCT2217400CE.NFO,07/10/2022,09:17:08,89.3,89.2,950,89.4,450,7100,4034750
NIFTY13OCT2217400CE.NFO,07/10/2022,09:17:09,87.25,87.1,250,87.25,250,23050,4034750
NIFTY13OCT2217400CE.NFO,07/10/2022,09:17:09,87.2,87.1,250,87.25,250,0,4034750
NIFTY13OCT2217400CE.NFO,07/10/2022,09:17:10,88,87.75,100,87.9,50,16100,4034750
NIFTY13OCT2217400CE.NFO,07/10/2022,09:17:10,87,87.75,100,87.9,50,0,4034750
NIFTY13OCT2217400CE.NFO,07/10/2022,09:17:11,89.5,89.15,100,89.35,50,38150,4034750
NIFTY13OCT2217400CE.NFO,07/10/2022,09:17:12,88.7,88.4,250,88.6,800,12000,4034750
NIFTY13OCT2217400CE.NFO,07/10/2022,09:17:14,88.1,87.9,1150,88.15,100,8400,4034750
NIFTY13OCT2217400CE.NFO,07/10/2022,09:17:15,88.85,88.8,200,88.9,50,8350,4034750
NIFTY13OCT2217400CE.NFO,07/10/2022,09:17:16,90.1,90.05,50,90.2,250,13800,4034750
NIFTY13OCT2217400CE.NFO,07/10/2022,09:17:17,89.35,89.2,250,89.4,750,14750,4205250
NIFTY13OCT2217400CE.NFO,07/10/2022,09:17:18,89.95,89.7,350,89.95,100,7000,4205250
NIFTY13OCT2217400CE.NFO,07/10/2022,09:17:19,89.8,89.65,100,89.85,100,5450,4205250
NIFTY13OCT2217400CE.NFO,07/10/2022,09:17:20,89.6,89.45,50,89.65,600,8900,4205250
NIFTY13OCT2217400CE.NFO,07/10/2022,09:17:21,89.85,89.75,150,89.85,50,9450,4205250
NIFTY13OCT2217400CE.NFO,07/10/2022,09:17:22,89.7,89.65,100,89.8,100,22850,4205250
NIFTY13OCT2217400CE.NFO,07/10/2022,09:17:23,89.2,89.1,350,89.25,350,6200,4205250
NIFTY13OCT2217400CE.NFO,07/10/2022,09:17:24,89.55,89.55,50,89.65,250,13900,4205250
NIFTY13OCT2217400CE.NFO,07/10/2022,09:17:25,90.45,90.25,250,90.4,1500,5700,4205250
NIFTY13OCT2217400CE.NFO,07/10/2022,09:17:26,90.35,90.55,300,90.7,100,8800,4205250
NIFTY13OCT2217400CE.NFO,07/10/2022,09:17:27,89.9,89.9,250,90,800,5800,4205250
NIFTY13OCT2217400CE.NFO,07/10/2022,09:17:28,90.15,90.2,50,90.3,150,5650,4205250
NIFTY13OCT2217400CE.NFO,07/10/2022,09:17:29,90.65,90.55,200,90.75,500,4200,4205250
NIFTY13OCT2217400CE.NFO,07/10/2022,09:17:31,91,90.95,150,91.1,250,12000,4205250
NIFTY13OCT2217400CE.NFO,07/10/2022,09:17:32,91.35,91.25,550,91.3,500,9950,4205250
NIFTY13OCT2217400CE.NFO,07/10/2022,09:17:33,91.45,91.25,2900,91.45,150,8000,4205250
NIFTY13OCT2217400CE.NFO,07/10/2022,09:17:34,91.25,91.5,100,91.6,100,8150,4205250
NIFTY13OCT2217400CE.NFO,07/10/2022,09:17:35,92.15,92.2,50,92.35,50,13550,4205250
NIFTY13OCT2217400CE.NFO,07/10/2022,09:17:36,92.1,91.85,250,92.05,200,6200,4205250
NIFTY13OCT2217400CE.NFO,07/10/2022,09:17:37,91.8,91.6,50,91.75,100,11700,4205250
NIFTY13OCT2217400CE.NFO,07/10/2022,09:17:38,91.85,91.75,300,91.9,350,11500,4205250
NIFTY13OCT2217400CE.NFO,07/10/2022,09:17:39,92.15,92.2,400,92.35,50,5200,4205250
NIFTY13OCT2217400CE.NFO,07/10/2022,09:17:40,92.1,91.9,350,92.1,250,16700,4205250
NIFTY13OCT2217400CE.NFO,07/10/2022,09:17:41,92,91.75,50,91.85,50,9000,4205250
NIFTY13OCT2217400CE.NFO,07/10/2022,09:17:42,91.45,91.5,300,91.65,200,7700,4205250
NIFTY13OCT2217400CE.NFO,07/10/2022,09:17:43,92.15,92.1,850,92.2,950,7700,4205250
NIFTY13OCT2217400CE.NFO,07/10/2022,09:17:44,91.55,91.45,50,91.6,400,7000,4205250
NIFTY13OCT2217400CE.NFO,07/10/2022,09:17:45,91.25,91.3,300,91.5,50,9500,4205250
NIFTY13OCT2217400CE.NFO,07/10/2022,09:17:46,91.3,91.25,450,91.3,550,2700,4205250
NIFTY13OCT2217400CE.NFO,07/10/2022,09:17:47,90.6,90.55,150,90.7,100,6100,4205250
NIFTY13OCT2217400CE.NFO,07/10/2022,09:17:48,89.2,89.35,550,89.55,300,9450,4205250
NIFTY13OCT2217400CE.NFO,07/10/2022,09:17:49,90.2,90.4,100,90.45,50,3150,4205250
NIFTY13OCT2217400CE.NFO,07/10/2022,09:17:51,90.6,90.55,50,90.75,350,18700,4205250
NIFTY13OCT2217400CE.NFO,07/10/2022,09:17:52,90.4,90,50,90.1,450,2050,4205250
NIFTY13OCT2217400CE.NFO,07/10/2022,09:17:53,90.05,90.2,150,90.4,1400,3150,4205250
NIFTY13OCT2217400CE.NFO,07/10/2022,09:17:54,90.6,90.5,250,90.6,50,3050,4205250
NIFTY13OCT2217400CE.NFO,07/10/2022,09:17:55,91.9,91.8,300,91.9,100,4150,4205250
NIFTY13OCT2217400CE.NFO,07/10/2022,09:17:56,91.35,91.35,50,91.5,550,9450,4205250
NIFTY13OCT2217400CE.NFO,07/10/2022,09:17:57,91.7,91.7,100,91.85,300,6200,4205250
NIFTY13OCT2217400CE.NFO,07/10/2022,09:17:58,91.45,91.2,100,91.45,550,3450,4205250
NIFTY13OCT2217400CE.NFO,07/10/2022,09:17:59,91.75,91.65,50,91.8,600,2450,4205250
NIFTY13OCT2217400CE.NFO,07/10/2022,09:18:00,91.55,91.3,300,91.5,700,12950,4205250
NIFTY13OCT2217400CE.NFO,07/10/2022,09:18:01,90.5,90.4,1300,90.55,300,4600,4205250
NIFTY13OCT2217400CE.NFO,07/10/2022,09:18:02,90.45,90.2,300,90.35,300,4850,4205250
NIFTY13OCT2217400CE.NFO,07/10/2022,09:18:03,90.45,90.25,300,90.45,900,2050,4205250
NIFTY13OCT2217400CE.NFO,07/10/2022,09:18:04,90.5,90.4,250,90.55,100,3200,4205250
NIFTY13OCT2217400CE.NFO,07/10/2022,09:18:05,91.1,91.05,50,91.1,100,7850,4205250
NIFTY13OCT2217400CE.NFO,07/10/2022,09:18:06,91.45,91.4,300,91.6,550,7000,4205250
NIFTY13OCT2217400CE.NFO,07/10/2022,09:18:07,91.3,91.35,250,91.4,50,7250,4205250
NIFTY13OCT2217400CE.NFO,07/10/2022,09:18:08,91.65,91.5,50,91.65,250,1100,4205250
NIFTY13OCT2217400CE.NFO,07/10/2022,09:18:09,92.3,92.3,1000,92.55,750,9150,4205250
NIFTY13OCT2217400CE.NFO,07/10/2022,09:18:10,92.35,92.25,450,92.45,900,10750,4205250
NIFTY13OCT2217400CE.NFO,07/10/2022,09:18:11,92.9,92.7,2400,92.9,50,9850,4205250
NIFTY13OCT2217400CE.NFO,07/10/2022,09:18:13,91.75,91.65,300,91.75,50,8750,4205250
NIFTY13OCT2217400CE.NFO,07/10/2022,09:18:14,91.9,91.9,300,92.05,50,8550,4205250
NIFTY13OCT2217400CE.NFO,07/10/2022,09:18:15,91.85,91.85,200,92,550,1350,4205250
NIFTY13OCT2217400CE.NFO,07/10/2022,09:18:16,91.1,91.05,300,91.15,50,4950,4205250
NIFTY13OCT2217400CE.NFO,07/10/2022,09:18:17,89.65,89.6,50,89.7,50,58500,4205250
NIFTY13OCT2217400CE.NFO,07/10/2022,09:18:18,91.45,91.35,600,91.45,100,13850,4205250
NIFTY13OCT2217400CE.NFO,07/10/2022,09:18:19,91.25,91.4,50,91.55,300,6100,4205250
NIFTY13OCT2217400CE.NFO,07/10/2022,09:18:20,90.55,90.45,50,90.6,350,5050,4205250
NIFTY13OCT2217400CE.NFO,07/10/2022,09:18:22,93.75,93.65,50,93.85,500,20100,4205250
NIFTY13OCT2217400CE.NFO,07/10/2022,09:18:23,92.85,92.75,450,92.95,200,10350,4205250
NIFTY13OCT2217400CE.NFO,07/10/2022,09:18:24,93.5,93.35,450,93.6,650,10700,4205250
NIFTY13OCT2217400CE.NFO,07/10/2022,09:18:26,94.45,94.15,750,94.4,300,5650,4205250
NIFTY13OCT2217400CE.NFO,07/10/2022,09:18:27,94.2,94.25,300,94.45,350,10450,4205250
NIFTY13OCT2217400CE.NFO,07/10/2022,09:18:28,94.5,94.6,500,94.85,550,17750,4205250
NIFTY13OCT2217400CE.NFO,07/10/2022,09:18:29,94.95,94.8,100,94.95,200,26900,4205250
NIFTY13OCT2217400CE.NFO,07/10/2022,09:18:30,95.85,95.85,50,95.9,1500,8800,4205250
NIFTY13OCT2217400CE.NFO,07/10/2022,09:18:32,96.65,96.4,250,96.55,50,23650,4205250
NIFTY13OCT2217400CE.NFO,07/10/2022,09:18:33,97.7,97.55,300,97.75,50,17400,4205250
NIFTY13OCT2217400CE.NFO,07/10/2022,09:18:34,97.8,97.85,300,98.05,450,11400,4205250
NIFTY13OCT2217400CE.NFO,07/10/2022,09:18:36,96.6,96.6,500,96.8,100,32350,4205250
NIFTY13OCT2217400CE.NFO,07/10/2022,09:18:37,95.3,95.1,50,95.3,300,26550,4205250
NIFTY13OCT2217400CE.NFO,07/10/2022,09:18:39,94.9,94.55,350,94.8,300,8950,4205250
NIFTY13OCT2217400CE.NFO,07/10/2022,09:18:40,95.25,94.95,50,95.15,500,12550,4205250
NIFTY13OCT2217400CE.NFO,07/10/2022,09:18:41,95.5,95.6,350,95.7,300,11500,4205250
NIFTY13OCT2217400CE.NFO,07/10/2022,09:18:42,96.4,96.3,350,96.45,50,2800,4205250
NIFTY13OCT2217400CE.NFO,07/10/2022,09:18:44,97.85,97.7,200,97.85,500,14850,4205250
NIFTY13OCT2217400CE.NFO,07/10/2022,09:18:45,96.7,96.5,600,96.7,50,10150,4205250
NIFTY13OCT2217400CE.NFO,07/10/2022,09:18:46,96.8,96.8,300,96.9,50,7750,4205250
NIFTY13OCT2217400CE.NFO,07/10/2022,09:18:47,96.25,96.05,100,96.25,50,4500,4205250
NIFTY13OCT2217400CE.NFO,07/10/2022,09:18:49,96.35,96,300,96.25,350,10000,4205250
NIFTY13OCT2217400CE.NFO,07/10/2022,09:18:50,96.1,96.05,350,96.3,400,10650,4205250
NIFTY13OCT2217400CE.NFO,07/10/2022,09:18:51,95.15,95.05,250,95.15,200,12100,4205250
NIFTY13OCT2217400CE.NFO,07/10/2022,09:18:52,95.45,95.35,450,95.55,300,13000,4205250
NIFTY13OCT2217400CE.NFO,07/10/2022,09:18:54,95.65,95.4,250,95.65,450,7300,4205250
NIFTY13OCT2217400CE.NFO,07/10/2022,09:18:55,95.9,95.7,150,95.9,300,3950,4205250
NIFTY13OCT2217400CE.NFO,07/10/2022,09:18:56,96.25,96,50,96.15,400,6650,4205250
NIFTY13OCT2217400CE.NFO,07/10/2022,09:18:57,96,96,50,96.1,150,11300,4205250
NIFTY13OCT2217400CE.NFO,07/10/2022,09:18:58,95.9,95.95,50,96.15,500,8400,4205250
NIFTY13OCT2217400CE.NFO,07/10/2022,09:19:00,96.2,96.15,600,96.2,150,6300,4205250
NIFTY13OCT2217400CE.NFO,07/10/2022,09:19:01,95.8,95.8,500,96,2900,4450,4205250
NIFTY13OCT2217400CE.NFO,07/10/2022,09:19:02,95.6,95.5,200,95.6,50,7550,4205250
NIFTY13OCT2217400CE.NFO,07/10/2022,09:19:03,96,95.75,200,95.9,300,17900,4205250
NIFTY13OCT2217400CE.NFO,07/10/2022,09:19:04,96,96.05,150,96.25,50,10750,4205250
NIFTY13OCT2217400CE.NFO,07/10/2022,09:19:05,95.95,95.9,200,96,50,7950,4205250
NIFTY13OCT2217400CE.NFO,07/10/2022,09:19:06,96,96.1,1050,96.3,450,5250,4205250
NIFTY13OCT2217400CE.NFO,07/10/2022,09:19:07,95.7,95.8,200,95.95,300,4050,4205250
NIFTY13OCT2217400CE.NFO,07/10/2022,09:19:09,96.55,96.65,50,96.75,50,3500,4205250
NIFTY13OCT2217400CE.NFO,07/10/2022,09:19:10,97,96.9,50,97.05,350,7700,4205250
NIFTY13OCT2217400CE.NFO,07/10/2022,09:19:11,97.55,97.35,350,97.6,500,13000,4205250
NIFTY13OCT2217400CE.NFO,07/10/2022,09:19:12,97.7,97.55,350,97.8,50,4400,4205250
NIFTY13OCT2217400CE.NFO,07/10/2022,09:19:13,97.8,97.75,600,97.95,50,11750,4205250
NIFTY13OCT2217400CE.NFO,07/10/2022,09:19:14,98.5,98.3,200,98.5,100,11400,4205250
NIFTY13OCT2217400CE.NFO,07/10/2022,09:19:16,98.15,97.95,450,98.15,200,6200,4205250
NIFTY13OCT2217400CE.NFO,07/10/2022,09:19:17,98.3,98.2,100,98.3,300,6850,4205250
NIFTY13OCT2217400CE.NFO,07/10/2022,09:19:18,98.5,98.3,250,98.55,300,6950,4205250
NIFTY13OCT2217400CE.NFO,07/10/2022,09:19:19,98.3,98.25,100,98.4,400,7000,4205250
NIFTY13OCT2217400CE.NFO,07/10/2022,09:19:20,97.8,97.7,100,97.85,400,14750,4205250
NIFTY13OCT2217400CE.NFO,07/10/2022,09:19:21,97.2,97.25,100,97.45,100,14200,4205250
NIFTY13OCT2217400CE.NFO,07/10/2022,09:19:22,97.5,97.3,150,97.5,400,7000,4205250
NIFTY13OCT2217400CE.NFO,07/10/2022,09:19:23,97.05,97.05,55500,97.1,150,61150,4205250
NIFTY13OCT2217400CE.NFO,07/10/2022,09:19:24,97.35,97.15,50,97.3,250,21250,4205250
NIFTY13OCT2217400CE.NFO,07/10/2022,09:19:25,97.05,97.05,11050,97.1,50,31050,4205250
NIFTY13OCT2217400CE.NFO,07/10/2022,09:19:26,97.1,97.05,9150,97.2,1000,3200,4205250
NIFTY13OCT2217400CE.NFO,07/10/2022,09:19:27,97.4,97.6,200,97.65,50,11800,4205250
NIFTY13OCT2217400CE.NFO,07/10/2022,09:19:28,97.85,97.8,50,97.95,300,5600,4205250
NIFTY13OCT2217400CE.NFO,07/10/2022,09:19:30,97.8,98.1,350,98.25,100,4950,4205250
NIFTY13OCT2217400CE.NFO,07/10/2022,09:19:31,97.95,97.95,100,98.2,400,12350,4205250
NIFTY13OCT2217400CE.NFO,07/10/2022,09:19:31,98.05,97.85,450,98.05,200,650,4205250
NIFTY13OCT2217400CE.NFO,07/10/2022,09:19:32,98.65,98.45,400,98.65,50,6100,4205250
NIFTY13OCT2217400CE.NFO,07/10/2022,09:19:33,98.8,98.65,400,98.8,100,5400,4205250
NIFTY13OCT2217400CE.NFO,07/10/2022,09:19:34,98.8,98.65,600,98.85,100,2950,4205250
NIFTY13OCT2217400CE.NFO,07/10/2022,09:19:35,98.85,98.85,100,99,7150,3800,4205250
NIFTY13OCT2217400CE.NFO,07/10/2022,09:19:37,99.5,99.5,300,99.7,500,12750,4205250
NIFTY13OCT2217400CE.NFO,07/10/2022,09:19:38,99.75,99.55,300,99.75,500,9250,4205250
NIFTY13OCT2217400CE.NFO,07/10/2022,09:19:39,99.6,99.6,100,99.7,850,11000,4205250
NIFTY13OCT2217400CE.NFO,07/10/2022,09:19:40,99.5,99.35,550,99.5,600,9400,4205250
NIFTY13OCT2217400CE.NFO,07/10/2022,09:19:41,99.85,99.65,50,99.8,150,7850,4205250
NIFTY13OCT2217400CE.NFO,07/10/2022,09:19:43,99.75,99.7,100,99.85,550,13700,4205250
NIFTY13OCT2217400CE.NFO,07/10/2022,09:19:44,99.35,99.3,50,99.35,150,4600,4205250
NIFTY13OCT2217400CE.NFO,07/10/2022,09:19:45,99.45,99.35,1300,99.55,50,8100,4205250
NIFTY13OCT2217400CE.NFO,07/10/2022,09:19:45,99.6,99.15,100,99.35,350,1300,4205250
NIFTY13OCT2217400CE.NFO,07/10/2022,09:19:46,99.45,99.15,50,99.35,100,10050,4205250
NIFTY13OCT2217400CE.NFO,07/10/2022,09:19:47,99.5,99.4,50,99.5,50,9550,4205250
NIFTY13OCT2217400CE.NFO,07/10/2022,09:19:48,99.4,99.3,600,99.5,50,11400,4205250
NIFTY13OCT2217400CE.NFO,07/10/2022,09:19:49,99.5,99.3,100,99.5,50,14400,4205250
NIFTY13OCT2217400CE.NFO,07/10/2022,09:19:51,99.65,99.65,100,99.8,200,14850,4205250
NIFTY13OCT2217400CE.NFO,07/10/2022,09:19:52,100.35,100.3,200,100.45,350,6900,4205250
NIFTY13OCT2217400CE.NFO,07/10/2022,09:19:52,100.65,100.5,400,100.65,50,4700,4205250
NIFTY13OCT2217400CE.NFO,07/10/2022,09:19:53,101.6,101.3,300,101.45,50,17950,4205250
NIFTY13OCT2217400CE.NFO,07/10/2022,09:19:54,102,101.85,200,101.95,50,6500,4205250
NIFTY13OCT2217400CE.NFO,07/10/2022,09:19:55,102.45,102.35,2400,102.45,50,15300,4205250
NIFTY13OCT2217400CE.NFO,07/10/2022,09:19:57,103.1,102.9,1150,103.1,100,14450,4205250
NIFTY13OCT2217400CE.NFO,07/10/2022,09:19:57,103.5,102.9,1150,103.1,100,0,4205250
NIFTY13OCT2217400CE.NFO,07/10/2022,09:19:58,102.05,101.85,650,102.15,500,18800,4205250
NIFTY13OCT2217400CE.NFO,07/10/2022,09:19:59,102.75,102.5,100,102.75,150,16350,4205250
NIFTY13OCT2217400CE.NFO,07/10/2022,09:20:00,101.9,101.9,1250,102.1,150,12150,4205250
NIFTY13OCT2217400CE.NFO,07/10/2022,09:20:01,101.7,101.7,400,101.9,350,7300,4205250
NIFTY13OCT2217400CE.NFO,07/10/2022,09:20:03,101.75,101.75,200,101.9,350,15150,4205250
NIFTY13OCT2217400CE.NFO,07/10/2022,09:20:04,101.6,101.5,50,101.7,800,11950,4205250
NIFTY13OCT2217400CE.NFO,07/10/2022,09:20:05,102.2,102.25,50,102.3,100,7850,4205250
NIFTY13OCT2217400CE.NFO,07/10/2022,09:20:06,102.35,102.25,100,102.35,550,7650,4205250
NIFTY13OCT2217400CE.NFO,07/10/2022,09:20:07,102.55,102.55,200,102.7,100,13050,4205250
NIFTY13OCT2217400CE.NFO,07/10/2022,09:20:08,103.45,103.45,100,103.55,50,52250,4205250
NIFTY13OCT2217400CE.NFO,07/10/2022,09:20:08,103.7,103.45,100,103.55,50,0,4205250
NIFTY13OCT2217400CE.NFO,07/10/2022,09:20:09,103.15,103.05,150,103.25,450,13850,4205250
NIFTY13OCT2217400CE.NFO,07/10/2022,09:20:10,103.35,103.4,250,103.6,50,8200,4205250
NIFTY13OCT2217400CE.NFO,07/10/2022,09:20:11,104.15,103.95,50,104.15,200,12850,4205250
NIFTY13OCT2217400CE.NFO,07/10/2022,09:20:11,104.15,103.95,50,104.15,200,0,4205250
NIFTY13OCT2217400CE.NFO,07/10/2022,09:20:13,104,104,250,104.2,150,11600,4205250
NIFTY13OCT2217400CE.NFO,07/10/2022,09:20:13,104.25,104,250,104.2,150,0,4205250
NIFTY13OCT2217400CE.NFO,07/10/2022,09:20:14,104.85,104.8,2150,104.9,50,14850,4205250
NIFTY13OCT2217400CE.NFO,07/10/2022,09:20:14,104.85,104.8,2150,104.9,50,0,4205250
NIFTY13OCT2217400CE.NFO,07/10/2022,09:20:15,105.6,105.4,300,105.6,2150,25450,4205250
NIFTY13OCT2217400CE.NFO,07/10/2022,09:20:15,105.65,105.4,300,105.6,2150,0,4205250
NIFTY13OCT2217400CE.NFO,07/10/2022,09:20:16,103.9,103.8,350,103.9,50,14650,4205250
NIFTY13OCT2217400CE.NFO,07/10/2022,09:20:17,103.35,103.2,1100,103.35,1450,22400,4410600
NIFTY13OCT2217400CE.NFO,07/10/2022,09:20:18,102.1,101.95,100,102.1,300,39800,4410600
NIFTY13OCT2217400CE.NFO,07/10/2022,09:20:20,103.15,103,50,103.15,100,18700,4410600
NIFTY13OCT2217400CE.NFO,07/10/2022,09:20:21,100.4,100.45,200,100.65,200,32600,4410600
NIFTY13OCT2217400CE.NFO,07/10/2022,09:20:22,100.9,100.65,600,100.8,50,17650,4410600
NIFTY13OCT2217400CE.NFO,07/10/2022,09:20:24,99.25,99.05,100,99.25,200,27100,4410600
NIFTY13OCT2217400CE.NFO,07/10/2022,09:20:25,98.65,98.65,450,98.8,50,17350,4410600
NIFTY13OCT2217400CE.NFO,07/10/2022,09:20:26,98.2,98.25,150,98.35,200,15900,4410600
NIFTY13OCT2217400CE.NFO,07/10/2022,09:20:28,99,98.85,550,99,300,9400,4410600
NIFTY13OCT2217400CE.NFO,07/10/2022,09:20:28,98.75,98.55,50,98.65,200,10300,4410600
NIFTY13OCT2217400CE.NFO,07/10/2022,09:20:30,98.55,98.35,50,98.5,100,14350,4410600
NIFTY13OCT2217400CE.NFO,07/10/2022,09:20:31,98.25,98.05,500,98.25,500,7750,4410600
NIFTY13OCT2217400CE.NFO,07/10/2022,09:20:32,98.65,98.4,500,98.55,450,11050,4410600
NIFTY13OCT2217400CE.NFO,07/10/2022,09:20:33,97.3,97.15,50,97.3,350,4450,4410600
NIFTY13OCT2217400CE.NFO,07/10/2022,09:20:34,97.1,97.05,50,97.1,200,22700,4410600
NIFTY13OCT2217400CE.NFO,07/10/2022,09:20:35,98.55,98.55,350,98.7,500,18300,4410600
NIFTY13OCT2217400CE.NFO,07/10/2022,09:20:36,98.6,98.6,150,98.7,50,4650,4410600
NIFTY13OCT2217400CE.NFO,07/10/2022,09:20:37,98.1,97.8,150,98,650,9500,4410600
NIFTY13OCT2217400CE.NFO,07/10/2022,09:20:38,98.05,97.75,500,97.9,50,4500,4410600
NIFTY13OCT2217400CE.NFO,07/10/2022,09:20:40,97,96.95,450,97,6000,11650,4410600
NIFTY13OCT2217400CE.NFO,07/10/2022,09:20:41,98.3,98.4,200,98.5,50,13150,4410600
NIFTY13OCT2217400CE.NFO,07/10/2022,09:20:42,98.95,98.95,150,99,800,9100,4410600
NIFTY13OCT2217400CE.NFO,07/10/2022,09:20:43,98.6,98.35,600,98.55,100,3100,4410600
NIFTY13OCT2217400CE.NFO,07/10/2022,09:20:43,98.6,98.4,700,98.6,300,1700,4410600
NIFTY13OCT2217400CE.NFO,07/10/2022,09:20:44,98.85,99,200,99.15,100,7050,4410600
NIFTY13OCT2217400CE.NFO,07/10/2022,09:20:45,99.5,99.25,150,99.45,750,9200,4410600
NIFTY13OCT2217400CE.NFO,07/10/2022,09:20:47,97.25,97.25,150,97.5,150,9700,4410600
NIFTY13OCT2217400CE.NFO,07/10/2022,09:20:47,97.35,97.25,450,97.4,50,500,4410600
NIFTY13OCT2217400CE.NFO,07/10/2022,09:20:48,97.8,97.55,450,97.8,2300,3700,4410600
NIFTY13OCT2217400CE.NFO,07/10/2022,09:20:49,97.4,97.2,550,97.45,450,4450,4410600
NIFTY13OCT2217400CE.NFO,07/10/2022,09:20:50,97.85,97.55,350,97.75,400,10500,4410600
NIFTY13OCT2217400CE.NFO,07/10/2022,09:20:51,98.15,98,750,98.1,100,9200,4410600
NIFTY13OCT2217400CE.NFO,07/10/2022,09:20:52,97.8,97.8,50,98,850,2650,4410600
NIFTY13OCT2217400CE.NFO,07/10/2022,09:20:53,97.7,97.55,1050,97.7,550,650,4410600
NIFTY13OCT2217400CE.NFO,07/10/2022,09:20:55,97.8,97.9,50,98.05,50,4600,4410600
NIFTY13OCT2217400CE.NFO,07/10/2022,09:20:55,98,97.9,100,98,4400,3300,4410600
NIFTY13OCT2217400CE.NFO,07/10/2022,09:20:56,97.8,97.75,900,98,2300,8050,4410600
NIFTY13OCT2217400CE.NFO,07/10/2022,09:20:57,97.95,97.9,250,98.1,400,4400,4410600
NIFTY13OCT2217400CE.NFO,07/10/2022,09:20:58,98.65,98.45,350,98.65,200,2700,4410600
NIFTY13OCT2217400CE.NFO,07/10/2022,09:20:59,99,98.9,450,99,3550,7800,4410600
NIFTY13OCT2217400CE.NFO,07/10/2022,09:21:00,98.75,98.55,50,98.75,400,13100,4410600
NIFTY13OCT2217400CE.NFO,07/10/2022,09:21:01,99,98.95,450,99.1,2600,7050,4410600
NIFTY13OCT2217400CE.NFO,07/10/2022,09:21:03,98.85,98.8,200,99,250,6150,4410600
NIFTY13OCT2217400CE.NFO,07/10/2022,09:21:04,98.55,98.55,50,98.7,50,4500,4410600
NIFTY13OCT2217400CE.NFO,07/10/2022,09:21:04,98.7,98.55,650,98.75,850,550,4410600
NIFTY13OCT2217400CE.NFO,07/10/2022,09:21:05,99.8,99.55,150,99.8,250,15000,4410600
NIFTY13OCT2217400CE.NFO,07/10/2022,09:21:06,99.55,99.55,800,99.75,200,6850,4410600
NIFTY13OCT2217400CE.NFO,07/10/2022,09:21:08,98.85,98.65,400,98.85,900,8150,4410600
NIFTY13OCT2217400CE.NFO,07/10/2022,09:21:09,99.3,99.4,50,99.5,150,38850,4410600
NIFTY13OCT2217400CE.NFO,07/10/2022,09:21:10,99.3,99.25,600,99.45,100,9450,4410600
NIFTY13OCT2217400CE.NFO,07/10/2022,09:21:11,99.5,99.35,1300,99.5,100,3150,4410600
NIFTY13OCT2217400CE.NFO,07/10/2022,09:21:12,99.3,99.2,50,99.3,600,16600,4410600
NIFTY13OCT2217400CE.NFO,07/10/2022,09:21:13,100,99.9,700,100.05,150,9900,4410600
NIFTY13OCT2217400CE.NFO,07/10/2022,09:21:14,100.4,100.3,150,100.45,200,4500,4410600
NIFTY13OCT2217400CE.NFO,07/10/2022,09:21:15,99.9,99.85,1800,100.1,400,9850,4410600
NIFTY13OCT2217400CE.NFO,07/10/2022,09:21:17,99.5,99.4,200,99.5,50,5950,4410600
NIFTY13OCT2217400CE.NFO,07/10/2022,09:21:18,99.85,99.75,350,99.9,200,5600,4410600
NIFTY13OCT2217400CE.NFO,07/10/2022,09:21:18,99.9,99.8,100,99.9,800,250,4410600
NIFTY13OCT2217400CE.NFO,07/10/2022,09:21:19,99.95,99.7,250,99.95,100,5700,4410600
NIFTY13OCT2217400CE.NFO,07/10/2022,09:21:20,100.55,100.55,100,100.75,50,13200,4410600
NIFTY13OCT2217400CE.NFO,07/10/2022,09:21:21,99.5,99.45,100,99.55,150,11900,4410600
NIFTY13OCT2217400CE.NFO,07/10/2022,09:21:23,99.7,99.75,50,99.95,250,8800,4410600
NIFTY13OCT2217400CE.NFO,07/10/2022,09:21:24,100.05,99.85,400,100.05,400,9200,4410600
NIFTY13OCT2217400CE.NFO,07/10/2022,09:21:24,99.95,99.9,50,99.95,200,150,4410600
NIFTY13OCT2217400CE.NFO,07/10/2022,09:21:25,99.95,99.8,600,99.95,300,13000,4410600
NIFTY13OCT2217400CE.NFO,07/10/2022,09:21:26,99.7,99.6,800,99.8,900,5450,4410600
NIFTY13OCT2217400CE.NFO,07/10/2022,09:21:27,99.6,99.35,350,99.55,600,7700,4410600
NIFTY13OCT2217400CE.NFO,07/10/2022,09:21:28,99.55,99.4,600,99.55,300,4700,4410600
NIFTY13OCT2217400CE.NFO,07/10/2022,09:21:29,99.65,99.6,250,99.7,900,5600,4410600
NIFTY13OCT2217400CE.NFO,07/10/2022,09:21:30,100.6,100.6,50,100.75,50,7700,4410600
NIFTY13OCT2217400CE.NFO,07/10/2022,09:21:31,100.75,100.7,600,100.9,550,3950,4410600
NIFTY13OCT2217400CE.NFO,07/10/2022,09:21:32,101.4,101.2,150,101.35,600,7550,4410600
NIFTY13OCT2217400CE.NFO,07/10/2022,09:21:34,101.55,101.55,600,101.8,200,6800,4410600
NIFTY13OCT2217400CE.NFO,07/10/2022,09:21:35,102.35,102.15,250,102.35,750,5450,4410600
NIFTY13OCT2217400CE.NFO,07/10/2022,09:21:36,102.15,102,150,102.15,100,2550,4410600
NIFTY13OCT2217400CE.NFO,07/10/2022,09:21:37,102.85,102.75,50,102.85,50,9450,4410600
NIFTY13OCT2217400CE.NFO,07/10/2022,09:21:38,102.3,102.3,400,102.35,150,9500,4410600
NIFTY13OCT2217400CE.NFO,07/10/2022,09:21:39,102,101.8,400,102,1200,5900,4410600
NIFTY13OCT2217400CE.NFO,07/10/2022,09:21:39,101.95,101.8,300,102,300,350,4410600
NIFTY13OCT2217400CE.NFO,07/10/2022,09:21:40,102,101.8,400,102,400,1400,4410600
NIFTY13OCT2217400CE.NFO,07/10/2022,09:21:41,101.35,101.15,500,101.4,1550,6750,4410600
NIFTY13OCT2217400CE.NFO,07/10/2022,09:21:43,101.25,101.15,200,101.3,50,5600,4410600
NIFTY13OCT2217400CE.NFO,07/10/2022,09:21:44,101.15,100.9,600,101.15,50,1650,4410600
NIFTY13OCT2217400CE.NFO,07/10/2022,09:21:44,101,100.75,900,100.9,300,3950,4410600
NIFTY13OCT2217400CE.NFO,07/10/2022,09:21:46,100.45,100.35,650,100.55,200,11100,4410600
NIFTY13OCT2217400CE.NFO,07/10/2022,09:21:46,100.55,100.45,750,100.65,50,4300,4410600
NIFTY13OCT2217400CE.NFO,07/10/2022,09:21:47,100.3,100.05,650,100.25,400,3200,4410600
NIFTY13OCT2217400CE.NFO,07/10/2022,09:21:49,100.6,100.45,150,100.6,300,6050,4410600
NIFTY13OCT2217400CE.NFO,07/10/2022,09:21:49,100.2,100,500,100.15,50,1600,4410600
NIFTY13OCT2217400CE.NFO,07/10/2022,09:21:51,99.4,99.4,50,99.6,450,12550,4410600
NIFTY13OCT2217400CE.NFO,07/10/2022,09:21:52,98.95,98.95,750,99.15,250,14300,4410600
NIFTY13OCT2217400CE.NFO,07/10/2022,09:21:53,99.15,98.75,600,98.95,100,850,4410600
NIFTY13OCT2217400CE.NFO,07/10/2022,09:21:54,98.65,98.7,100,98.8,100,5850,4410600
NIFTY13OCT2217400CE.NFO,07/10/2022,09:21:55,98.75,98.55,350,98.75,650,8100,4410600
NIFTY13OCT2217400CE.NFO,07/10/2022,09:21:56,99.5,99.55,550,99.7,400,2550,4410600
NIFTY13OCT2217400CE.NFO,07/10/2022,09:21:57,99.7,99.7,100,99.85,600,5300,4410600
NIFTY13OCT2217400CE.NFO,07/10/2022,09:21:59,99.8,99.65,150,99.9,700,7650,4410600
NIFTY13OCT2217400CE.NFO,07/10/2022,09:22:00,99.75,99.75,1350,100,1150,900,4410600
NIFTY13OCT2217400CE.NFO,07/10/2022,09:22:01,100.15,100,500,100.2,500,8050,4410600
NIFTY13OCT2217400CE.NFO,07/10/2022,09:22:01,100.3,100.35,100,100.55,300,3750,4410600
NIFTY13OCT2217400CE.NFO,07/10/2022,09:22:02,99.55,99.55,200,99.7,1500,8750,4410600
NIFTY13OCT2217400CE.NFO,07/10/2022,09:22:03,100.15,99.95,150,100.15,200,8100,4410600
NIFTY13OCT2217400CE.NFO,07/10/2022,09:22:04,100,99.85,50,100,400,2550,4410600
NIFTY13OCT2217400CE.NFO,07/10/2022,09:22:05,99.75,99.5,200,99.7,100,1700,4410600
NIFTY13OCT2217400CE.NFO,07/10/2022,09:22:07,98.3,98.3,400,98.5,50,27850,4410600
NIFTY13OCT2217400CE.NFO,07/10/2022,09:22:08,98.3,98.4,600,98.5,150,1400,4410600
NIFTY13OCT2217400CE.NFO,07/10/2022,09:22:09,97.85,97.8,100,97.9,250,14950,4410600
NIFTY13OCT2217400CE.NFO,07/10/2022,09:22:10,97.8,97.9,100,98,800,7800,4410600
NIFTY13OCT2217400CE.NFO,07/10/2022,09:22:10,98.45,98.3,650,98.5,350,2000,4410600
NIFTY13OCT2217400CE.NFO,07/10/2022,09:22:11,97.15,97.05,700,97.15,50,3950,4410600
NIFTY13OCT2217400CE.NFO,07/10/2022,09:22:12,97.1,97.1,100,97.3,150,3350,4410600
NIFTY13OCT2217400CE.NFO,07/10/2022,09:22:13,98.05,97.9,50,98.1,550,3650,4410600
NIFTY13OCT2217400CE.NFO,07/10/2022,09:22:14,98.1,98.2,100,98.35,550,5950,4410600
NIFTY13OCT2217400CE.NFO,07/10/2022,09:22:16,98.35,98.15,600,98.4,600,3400,4410600
NIFTY13OCT2217400CE.NFO,07/10/2022,09:22:17,97.6,97.4,550,97.6,650,9150,4410600
NIFTY13OCT2217400CE.NFO,07/10/2022,09:22:17,97.6,97.55,1050,97.75,200,450,4410600
NIFTY13OCT2217400CE.NFO,07/10/2022,09:22:18,97.6,97.45,550,97.6,50,5500,4410600
NIFTY13OCT2217400CE.NFO,07/10/2022,09:22:19,97.15,97.25,550,97.35,100,5150,4410600
NIFTY13OCT2217400CE.NFO,07/10/2022,09:22:20,97.25,97.1,850,97.25,50,2800,4410600
NIFTY13OCT2217400CE.NFO,07/10/2022,09:22:21,97.1,97,6450,97.2,2900,7550,4410600
NIFTY13OCT2217400CE.NFO,07/10/2022,09:22:23,96.7,96.55,250,96.6,100,8950,4410600
NIFTY13OCT2217400CE.NFO,07/10/2022,09:22:24,96.95,96.95,200,97.1,450,3100,4410600
NIFTY13OCT2217400CE.NFO,07/10/2022,09:22:25,96.85,96.9,100,97.1,550,5650,4410600
NIFTY13OCT2217400CE.NFO,07/10/2022,09:22:25,97.05,96.95,1700,97.05,850,200,4410600
NIFTY13OCT2217400CE.NFO,07/10/2022,09:22:26,97.2,97.05,50,97.1,250,3400,4410600
NIFTY13OCT2217400CE.NFO,07/10/2022,09:22:27,96.15,96.1,550,96.3,1150,6650,4410600
NIFTY13OCT2217400CE.NFO,07/10/2022,09:22:28,95.9,95.85,450,96,1350,4550,4410600
NIFTY13OCT2217400CE.NFO,07/10/2022,09:22:30,95.75,95.7,1450,95.9,100,4400,4410600
NIFTY13OCT2217400CE.NFO,07/10/2022,09:22:31,95.6,95.6,650,95.8,1500,8650,4410600
NIFTY13OCT2217400CE.NFO,07/10/2022,09:22:32,96.3,96.1,500,96.35,750,4900,4410600
NIFTY13OCT2217400CE.NFO,07/10/2022,09:22:32,96.5,96.55,50,96.6,100,950,4410600
NIFTY13OCT2217400CE.NFO,07/10/2022,09:22:33,95.95,95.8,50,95.95,600,9950,4410600
NIFTY13OCT2217400CE.NFO,07/10/2022,09:22:34,96.45,96.1,100,96.3,750,11400,4410600
NIFTY13OCT2217400CE.NFO,07/10/2022,09:22:35,96.95,96.75,1100,96.95,450,11900,4410600
NIFTY13OCT2217400CE.NFO,07/10/2022,09:22:36,96.6,96.3,900,96.55,1000,4800,4410600
NIFTY13OCT2217400CE.NFO,07/10/2022,09:22:37,97.3,97.05,800,97.25,50,5750,4410600
NIFTY13OCT2217400CE.NFO,07/10/2022,09:22:38,97.55,97.35,150,97.5,300,5850,4410600
NIFTY13OCT2217400CE.NFO,07/10/2022,09:22:40,98,97.8,400,98,800,3250,4410600
NIFTY13OCT2217400CE.NFO,07/10/2022,09:22:41,98.4,98.1,850,98.25,500,6050,4410600
NIFTY13OCT2217400CE.NFO,07/10/2022,09:22:42,98.05,97.85,650,98.05,200,2850,4410600
NIFTY13OCT2217400CE.NFO,07/10/2022,09:22:42,97,96.9,700,97,300,2600,4410600
NIFTY13OCT2217400CE.NFO,07/10/2022,09:22:43,96.85,96.55,300,96.7,100,5700,4410600
NIFTY13OCT2217400CE.NFO,07/10/2022,09:22:44,96.4,96.25,50,96.4,50,1100,4410600
NIFTY13OCT2217400CE.NFO,07/10/2022,09:22:46,97,96.85,50,97,900,31900,4410600
NIFTY13OCT2217400CE.NFO,07/10/2022,09:22:47,96.25,96,2050,96.15,300,3050,4410600
NIFTY13OCT2217400CE.NFO,07/10/2022,09:22:48,95.6,95.65,50,95.85,250,6300,4410600
NIFTY13OCT2217400CE.NFO,07/10/2022,09:22:49,95.8,95.6,200,95.8,200,3150,4410600
NIFTY13OCT2217400CE.NFO,07/10/2022,09:22:49,95.65,95.6,500,95.8,700,400,4410600
NIFTY13OCT2217400CE.NFO,07/10/2022,09:22:50,95.25,95.1,500,95.2,150,6450,4410600
NIFTY13OCT2217400CE.NFO,07/10/2022,09:22:52,94.65,94.5,150,94.7,1100,43050,4410600
NIFTY13OCT2217400CE.NFO,07/10/2022,09:22:53,94.25,94.2,1500,94.3,200,2850,4410600
NIFTY13OCT2217400CE.NFO,07/10/2022,09:22:54,93.95,93.8,500,94,1000,7750,4410600
NIFTY13OCT2217400CE.NFO,07/10/2022,09:22:55,95.15,95.2,100,95.35,200,12200,4410600
NIFTY13OCT2217400CE.NFO,07/10/2022,09:22:56,93.5,93.55,400,93.75,250,8750,4410600
NIFTY13OCT2217400CE.NFO,07/10/2022,09:22:57,94.3,94.1,1100,94.35,550,7150,4410600
NIFTY13OCT2217400CE.NFO,07/10/2022,09:22:58,94.65,94.6,550,94.8,1350,11550,4410600
NIFTY13OCT2217400CE.NFO,07/10/2022,09:22:59,94.35,94.3,600,94.4,100,3000,4410600
NIFTY13OCT2217400CE.NFO,07/10/2022,09:22:59,94.4,94.3,50,94.4,850,1850,4410600
NIFTY13OCT2217400CE.NFO,07/10/2022,09:23:00,94.6,94.35,1500,94.6,150,8150,4410600
NIFTY13OCT2217400CE.NFO,07/10/2022,09:23:01,94.8,94.65,900,94.8,50,6100,4410600
NIFTY13OCT2217400CE.NFO,07/10/2022,09:23:02,94.95,94.95,300,95.1,150,3800,4410600
NIFTY13OCT2217400CE.NFO,07/10/2022,09:23:03,94.85,94.6,1350,94.85,600,11200,4410600
NIFTY13OCT2217400CE.NFO,07/10/2022,09:23:04,94.05,94,400,94.2,2800,6450,4410600
NIFTY13OCT2217400CE.NFO,07/10/2022,09:23:05,94.3,94.2,1200,94.45,800,2950,4410600
NIFTY13OCT2217400CE.NFO,07/10/2022,09:23:07,95.2,95.2,100,95.3,50,5550,4410600
NIFTY13OCT2217400CE.NFO,07/10/2022,09:23:08,95.4,95.2,50,95.4,250,4300,4410600
NIFTY13OCT2217400CE.NFO,07/10/2022,09:23:09,95.1,95.1,300,95.35,1200,2300,4410600
NIFTY13OCT2217400CE.NFO,07/10/2022,09:23:10,95.1,95.1,50,95.3,1450,3450,4410600
NIFTY13OCT2217400CE.NFO,07/10/2022,09:23:10,95.2,94.95,100,95.05,300,100,4410600
NIFTY13OCT2217400CE.NFO,07/10/2022,09:23:11,95.05,95,700,95.2,50,2750,4410600
NIFTY13OCT2217400CE.NFO,07/10/2022,09:23:12,94.75,94.75,150,94.9,400,900,4410600
NIFTY13OCT2217400CE.NFO,07/10/2022,09:23:13,94.3,94.3,100,94.45,50,4150,4410600
NIFTY13OCT2217400CE.NFO,07/10/2022,09:23:14,93.95,93.7,150,93.85,700,12250,4410600
NIFTY13OCT2217400CE.NFO,07/10/2022,09:23:15,93.75,93.65,700,93.8,550,3400,4410600
NIFTY13OCT2217400CE.NFO,07/10/2022,09:23:17,93.95,93.7,2300,94,950,3750,4410600
NIFTY13OCT2217400CE.NFO,07/10/2022,09:23:17,93.65,93.6,100,93.8,50,900,4410600
NIFTY13OCT2217400CE.NFO,07/10/2022,09:23:19,94.35,94.4,150,94.55,100,9100,4634400
NIFTY13OCT2217400CE.NFO,07/10/2022,09:23:20,94.3,94.4,1150,94.55,50,7350,4634400
NIFTY13OCT2217400CE.NFO,07/10/2022,09:23:21,94.5,94.25,700,94.45,750,2700,4634400
NIFTY13OCT2217400CE.NFO,07/10/2022,09:23:22,93.95,93.95,700,94.15,50,5950,4634400
NIFTY13OCT2217400CE.NFO,07/10/2022,09:23:23,93.8,93.6,500,93.85,500,3150,4634400
NIFTY13OCT2217400CE.NFO,07/10/2022,09:23:24,93.7,93.5,100,93.7,700,1950,4634400
NIFTY13OCT2217400CE.NFO,07/10/2022,09:23:26,94.25,94.3,200,94.4,100,9400,4634400
NIFTY13OCT2217400CE.NFO,07/10/2022,09:23:27,93.35,93.35,650,93.55,600,4550,4634400
NIFTY13OCT2217400CE.NFO,07/10/2022,09:23:28,93.5,93.5,1850,93.7,150,2300,4634400
NIFTY13OCT2217400CE.NFO,07/10/2022,09:23:29,93.85,93.65,1000,93.85,150,4150,4634400
NIFTY13OCT2217400CE.NFO,07/10/2022,09:23:30,93.9,93.75,1450,94,1400,3150,4634400
NIFTY13OCT2217400CE.NFO,07/10/2022,09:23:31,93.7,93.5,350,93.7,150,8350,4634400
NIFTY13OCT2217400CE.NFO,07/10/2022,09:23:31,93.55,93.35,400,93.55,550,200,4634400
NIFTY13OCT2217400CE.NFO,07/10/2022,09:23:32,94,94.1,750,94.2,200,10800,4634400
NIFTY13OCT2217400CE.NFO,07/10/2022,09:23:34,94.3,94.1,150,94.2,600,11300,4634400
NIFTY13OCT2217400CE.NFO,07/10/2022,09:23:35,93.9,93.75,600,93.85,50,4050,4634400
NIFTY13OCT2217400CE.NFO,07/10/2022,09:23:36,94.25,94.2,100,94.4,1400,3600,4634400
NIFTY13OCT2217400CE.NFO,07/10/2022,09:23:37,94.2,94.2,1100,94.4,200,5100,4634400
NIFTY13OCT2217400CE.NFO,07/10/2022,09:23:39,94.4,94.45,100,94.7,1100,1900,4634400
NIFTY13OCT2217400CE.NFO,07/10/2022,09:23:40,94.6,94.6,150,94.65,800,3650,4634400
NIFTY13OCT2217400CE.NFO,07/10/2022,09:23:41,93.9,93.75,350,93.95,1550,6400,4634400
NIFTY13OCT2217400CE.NFO,07/10/2022,09:23:42,94.55,94.35,450,94.55,900,1350,4634400
NIFTY13OCT2217400CE.NFO,07/10/2022,09:23:43,95.1,95.05,1200,95.25,100,7400,4634400
NIFTY13OCT2217400CE.NFO,07/10/2022,09:23:43,95.3,95.1,250,95.3,350,450,4634400
NIFTY13OCT2217400CE.NFO,07/10/2022,09:23:45,94.45,94.4,50,94.55,50,5750,4634400
NIFTY13OCT2217400CE.NFO,07/10/2022,09:23:46,93.85,93.7,50,93.85,250,6250,4634400
NIFTY13OCT2217400CE.NFO,07/10/2022,09:23:47,94.4,94.05,1450,94.3,50,15850,4634400
NIFTY13OCT2217400CE.NFO,07/10/2022,09:23:48,94.3,94.3,350,94.5,200,1600,4634400
NIFTY13OCT2217400CE.NFO,07/10/2022,09:23:49,95.2,95.05,1000,95.25,1550,10750,4634400
NIFTY13OCT2217400CE.NFO,07/10/2022,09:23:50,95.55,95.5,100,95.65,50,3500,4634400
NIFTY13OCT2217400CE.NFO,07/10/2022,09:23:51,95.5,95.3,250,95.5,1300,4550,4634400
NIFTY13OCT2217400CE.NFO,07/10/2022,09:23:52,95.55,95.5,250,95.7,300,1050,4634400
NIFTY13OCT2217400CE.NFO,07/10/2022,09:23:53,95.35,95.2,900,95.4,50,2700,4634400
NIFTY13OCT2217400CE.NFO,07/10/2022,09:23:54,95.5,95.45,100,95.65,100,1350,4634400
NIFTY13OCT2217400CE.NFO,07/10/2022,09:23:54,95.3,95.3,250,95.45,50,450,4634400
NIFTY13OCT2217400CE.NFO,07/10/2022,09:23:55,95.25,95.15,800,95.3,150,1900,4634400
NIFTY13OCT2217400CE.NFO,07/10/2022,09:23:56,95.3,95.2,250,95.35,50,3000,4634400
NIFTY13OCT2217400CE.NFO,07/10/2022,09:23:57,95.85,95.85,350,96,4000,14100,4634400
NIFTY13OCT2217400CE.NFO,07/10/2022,09:23:58,95.35,95.3,1100,95.5,100,2050,4634400
NIFTY13OCT2217400CE.NFO,07/10/2022,09:23:59,95.35,95.2,950,95.4,100,2850,4634400
NIFTY13OCT2217400CE.NFO,07/10/2022,09:24:01,96.4,96.2,100,96.4,500,4350,4634400
NIFTY13OCT2217400CE.NFO,07/10/2022,09:24:02,95.6,95.35,50,95.55,100,3800,4634400
NIFTY13OCT2217400CE.NFO,07/10/2022,09:24:03,95.4,95.25,700,95.5,1450,2650,4634400
NIFTY13OCT2217400CE.NFO,07/10/2022,09:24:04,94.85,94.55,450,94.75,700,6050,4634400
NIFTY13OCT2217400CE.NFO,07/10/2022,09:24:04,95.05,94.9,600,95.05,200,200,4634400
NIFTY13OCT2217400CE.NFO,07/10/2022,09:24:06,94.2,94.2,150,94.4,1050,6400,4634400
NIFTY13OCT2217400CE.NFO,07/10/2022,09:24:06,94.55,94.45,250,94.65,200,1000,4634400
NIFTY13OCT2217400CE.NFO,07/10/2022,09:24:08,94.9,94.75,800,94.95,350,3300,4634400
NIFTY13OCT2217400CE.NFO,07/10/2022,09:24:09,94.8,94.7,250,94.8,500,900,4634400
NIFTY13OCT2217400CE.NFO,07/10/2022,09:24:10,94.9,95.05,900,95.3,700,1750,4634400
NIFTY13OCT2217400CE.NFO,07/10/2022,09:24:11,94.7,94.65,750,94.9,600,2800,4634400
NIFTY13OCT2217400CE.NFO,07/10/2022,09:24:12,94.8,94.8,150,94.95,250,8250,4634400
NIFTY13OCT2217400CE.NFO,07/10/2022,09:24:13,94.9,94.8,650,94.95,400,3050,4634400
NIFTY13OCT2217400CE.NFO,07/10/2022,09:24:13,95.1,94.95,100,95.1,50,3000,4634400
NIFTY13OCT2217400CE.NFO,07/10/2022,09:24:14,94.7,94.65,450,94.9,1300,18550,4634400
NIFTY13OCT2217400CE.NFO,07/10/2022,09:24:16,94.95,94.75,150,94.95,1100,2850,4634400
NIFTY13OCT2217400CE.NFO,07/10/2022,09:24:17,95.15,95,1600,95.25,100,3050,4634400
NIFTY13OCT2217400CE.NFO,07/10/2022,09:24:18,94.8,94.7,800,94.9,150,5300,4634400
NIFTY13OCT2217400CE.NFO,07/10/2022,09:24:19,94.75,94.8,800,94.95,100,1250,4634400
NIFTY13OCT2217400CE.NFO,07/10/2022,09:24:20,95.8,95.65,400,95.85,1200,6750,4634400
NIFTY13OCT2217400CE.NFO,07/10/2022,09:24:21,95.05,95.1,250,95.3,1100,6300,4634400
NIFTY13OCT2217400CE.NFO,07/10/2022,09:24:23,95.05,94.95,350,95.05,50,12700,4634400
NIFTY13OCT2217400CE.NFO,07/10/2022,09:24:24,94.85,94.85,550,95.05,450,3850,4634400
NIFTY13OCT2217400CE.NFO,07/10/2022,09:24:25,94.9,94.9,50,95,1100,4000,4634400
NIFTY13OCT2217400CE.NFO,07/10/2022,09:24:26,94.8,94.75,350,94.95,700,5800,4634400
NIFTY13OCT2217400CE.NFO,07/10/2022,09:24:27,94.8,94.7,750,94.95,650,2000,4634400
NIFTY13OCT2217400CE.NFO,07/10/2022,09:24:27,95,95.05,500,95.25,700,550,4634400
NIFTY13OCT2217400CE.NFO,07/10/2022,09:24:28,95,94.9,400,95.15,1400,2750,4634400
NIFTY13OCT2217400CE.NFO,07/10/2022,09:24:30,94.8,94.7,50,94.85,700,3600,4634400
NIFTY13OCT2217400CE.NFO,07/10/2022,09:24:31,94.65,94.8,100,94.9,150,1200,4634400
NIFTY13OCT2217400CE.NFO,07/10/2022,09:24:32,94.65,94.6,600,94.85,450,1300,4634400
NIFTY13OCT2217400CE.NFO,07/10/2022,09:24:33,93.5,93.25,700,93.45,350,16050,4634400
NIFTY13OCT2217400CE.NFO,07/10/2022,09:24:33,93.45,93.2,600,93.4,50,750,4634400
NIFTY13OCT2217400CE.NFO,07/10/2022,09:24:34,93.45,93.3,150,93.45,100,6450,4634400
NIFTY13OCT2217400CE.NFO,07/10/2022,09:24:35,93,93,2800,93.1,2650,7000,4634400
NIFTY13OCT2217400CE.NFO,07/10/2022,09:24:36,93.35,93.35,1300,93.6,850,11500,4634400
NIFTY13OCT2217400CE.NFO,07/10/2022,09:24:38,93.8,93.6,250,93.8,900,1300,4634400
NIFTY13OCT2217400CE.NFO,07/10/2022,09:24:39,94.35,94.25,150,94.4,100,5250,4634400
NIFTY13OCT2217400CE.NFO,07/10/2022,09:24:39,93.6,93.55,350,93.65,100,1250,4634400
NIFTY13OCT2217400CE.NFO,07/10/2022,09:24:40,94.05,94,50,94.2,750,350,4634400
NIFTY13OCT2217400CE.NFO,07/10/2022,09:24:41,94.65,94.6,1100,94.8,450,6350,4634400
NIFTY13OCT2217400CE.NFO,07/10/2022,09:24:42,94.75,94.55,300,94.75,550,5800,4634400
NIFTY13OCT2217400CE.NFO,07/10/2022,09:24:43,94.9,94.7,50,94.9,450,2300,4634400
NIFTY13OCT2217400CE.NFO,07/10/2022,09:24:44,95.2,95,100,95.2,1650,6200,4634400
NIFTY13OCT2217400CE.NFO,07/10/2022,09:24:46,94.7,94.65,1350,94.8,50,2600,4634400
NIFTY13OCT2217400CE.NFO,07/10/2022,09:24:47,94.7,94.5,100,94.7,250,3100,4634400
NIFTY13OCT2217400CE.NFO,07/10/2022,09:24:47,94.75,94.7,500,94.9,450,450,4634400
NIFTY13OCT2217400CE.NFO,07/10/2022,09:24:48,94.7,94.55,750,94.7,100,1550,4634400
NIFTY13OCT2217400CE.NFO,07/10/2022,09:24:49,94.65,94.45,1100,94.7,900,1850,4634400
NIFTY13OCT2217400CE.NFO,07/10/2022,09:24:50,94.65,94.6,150,94.8,1200,3400,4634400
NIFTY13OCT2217400CE.NFO,07/10/2022,09:24:51,94.65,94.65,500,94.85,50,1000,4634400
NIFTY13OCT2217400CE.NFO,07/10/2022,09:24:53,94.7,94.5,500,94.6,50,1100,4634400
NIFTY13OCT2217400CE.NFO,07/10/2022,09:24:54,94.65,94.5,450,94.6,50,4850,4634400
NIFTY13OCT2217400CE.NFO,07/10/2022,09:24:55,94.85,94.85,50,95,300,13050,4634400
NIFTY13OCT2217400CE.NFO,07/10/2022,09:24:56,93.3,93.15,50,93.3,1550,8050,4634400
NIFTY13OCT2217400CE.NFO,07/10/2022,09:24:57,93.5,93.2,450,93.35,150,30800,4634400
NIFTY13OCT2217400CE.NFO,07/10/2022,09:24:57,93.5,93.35,250,93.55,450,0,4634400
NIFTY13OCT2217400CE.NFO,07/10/2022,09:24:58,94.35,94.05,100,94.2,50,1050,4634400
NIFTY13OCT2217400CE.NFO,07/10/2022,09:24:59,94.4,94.15,200,94.4,900,2150,4634400
NIFTY13OCT2217400CE.NFO,07/10/2022,09:25:00,93.4,93.2,50,93.4,3000,4800,4634400
NIFTY13OCT2217400CE.NFO,07/10/2022,09:25:01,93.3,93.5,100,93.65,50,2400,4634400
NIFTY13OCT2217400CE.NFO,07/10/2022,09:25:03,93.3,93.15,600,93.35,650,3900,4634400
NIFTY13OCT2217400CE.NFO,07/10/2022,09:25:04,93.5,93.3,700,93.5,200,13150,4634400
NIFTY13OCT2217400CE.NFO,07/10/2022,09:25:05,93.45,93.45,550,93.55,150,900,4634400
NIFTY13OCT2217400CE.NFO,07/10/2022,09:25:06,95,94.95,600,95.15,600,13600,4634400
NIFTY13OCT2217400CE.NFO,07/10/2022,09:25:07,95.55,95.5,700,95.6,50,8600,4634400
NIFTY13OCT2217400CE.NFO,07/10/2022,09:25:09,95.3,95.2,350,95.35,200,28050,4634400
NIFTY13OCT2217400CE.NFO,07/10/2022,09:25:10,94.55,94.55,550,94.75,250,3800,4634400
NIFTY13OCT2217400CE.NFO,07/10/2022,09:25:11,93.65,93.5,200,93.6,250,6100,4634400
NIFTY13OCT2217400CE.NFO,07/10/2022,09:25:12,91.9,91.85,100,91.9,100,23050,4634400
NIFTY13OCT2217400CE.NFO,07/10/2022,09:25:13,92,91.75,50,91.85,500,9200,4634400
NIFTY13OCT2217400CE.NFO,07/10/2022,09:25:15,91.8,91.6,650,91.8,650,5050,4634400
NIFTY13OCT2217400CE.NFO,07/10/2022,09:25:16,91.5,91.45,450,91.65,600,2200,4634400
NIFTY13OCT2217400CE.NFO,07/10/2022,09:25:17,91.3,91.1,500,91.25,50,9150,4634400
NIFTY13OCT2217400CE.NFO,07/10/2022,09:25:18,90.65,90.6,550,90.7,50,11150,4634400
NIFTY13OCT2217400CE.NFO,07/10/2022,09:25:18,91,90.85,300,91.05,900,8850,4634400
NIFTY13OCT2217400CE.NFO,07/10/2022,09:25:20,90.7,90.5,100,90.65,800,4400,4634400
NIFTY13OCT2217400CE.NFO,07/10/2022,09:25:21,90.65,90.5,350,90.65,250,5550,4634400
NIFTY13OCT2217400CE.NFO,07/10/2022,09:25:22,91,90.85,600,91.05,550,9150,4634400
NIFTY13OCT2217400CE.NFO,07/10/2022,09:25:23,90.6,90.6,100,90.7,50,5750,4634400
NIFTY13OCT2217400CE.NFO,07/10/2022,09:25:23,90.6,90.6,150,90.65,50,150,4634400
NIFTY13OCT2217400CE.NFO,07/10/2022,09:25:24,91,90.85,150,91,400,3600,4634400
NIFTY13OCT2217400CE.NFO,07/10/2022,09:25:26,91.65,91.45,850,91.65,250,9400,4634400
NIFTY13OCT2217400CE.NFO,07/10/2022,09:25:27,91.75,91.75,550,91.85,50,1200,4634400
NIFTY13OCT2217400CE.NFO,07/10/2022,09:25:28,91.8,91.8,50,91.95,450,3600,4634400
NIFTY13OCT2217400CE.NFO,07/10/2022,09:25:29,91,90.75,150,90.95,500,4850,4634400
NIFTY13OCT2217400CE.NFO,07/10/2022,09:25:30,90.75,90.75,550,90.95,1150,2400,4634400
NIFTY13OCT2217400CE.NFO,07/10/2022,09:25:31,90.75,90.75,450,90.95,1000,6050,4634400
NIFTY13OCT2217400CE.NFO,07/10/2022,09:25:31,90.85,90.85,750,91.05,550,250,4634400
NIFTY13OCT2217400CE.NFO,07/10/2022,09:25:32,91.9,91.95,150,92.05,650,2750,4634400
NIFTY13OCT2217400CE.NFO,07/10/2022,09:25:34,91.85,91.65,500,91.85,50,2050,4634400
NIFTY13OCT2217400CE.NFO,07/10/2022,09:25:35,91.4,91.25,450,91.4,50,7700,4634400
NIFTY13OCT2217400CE.NFO,07/10/2022,09:25:36,91.25,91.05,350,91.2,450,2050,4634400
NIFTY13OCT2217400CE.NFO,07/10/2022,09:25:37,92.25,92.1,550,92.25,150,3800,4634400
NIFTY13OCT2217400CE.NFO,07/10/2022,09:25:37,92.4,92.3,600,92.45,800,400,4634400
NIFTY13OCT2217400CE.NFO,07/10/2022,09:25:38,93.1,93.15,700,93.3,150,18400,4634400
NIFTY13OCT2217400CE.NFO,07/10/2022,09:25:39,92.45,92.25,200,92.45,200,5150,4634400
NIFTY13OCT2217400CE.NFO,07/10/2022,09:25:41,92.15,92,200,92.1,250,10850,4634400
NIFTY13OCT2217400CE.NFO,07/10/2022,09:25:42,92.35,92.25,800,92.4,50,2300,4634400
NIFTY13OCT2217400CE.NFO,07/10/2022,09:25:43,92.75,92.6,750,92.8,550,2800,4634400
NIFTY13OCT2217400CE.NFO,07/10/2022,09:25:44,93.05,92.95,300,93,50,10900,4634400
NIFTY13OCT2217400CE.NFO,07/10/2022,09:25:45,93.15,93.25,150,93.35,50,44450,4634400
NIFTY13OCT2217400CE.NFO,07/10/2022,09:25:46,93.1,92.9,300,93.1,400,20900,4634400
NIFTY13OCT2217400CE.NFO,07/10/2022,09:25:47,93.25,93,250,93.2,200,2850,4634400
NIFTY13OCT2217400CE.NFO,07/10/2022,09:25:47,93.1,93.1,150,93.3,1000,250,4634400
NIFTY13OCT2217400CE.NFO,07/10/2022,09:25:49,93.1,93.1,100,93.25,150,10150,4634400
NIFTY13OCT2217400CE.NFO,07/10/2022,09:25:50,92.95,92.95,100,93,100,13200,4634400
NIFTY13OCT2217400CE.NFO,07/10/2022,09:25:51,93.3,93.2,550,93.35,100,1950,4634400
NIFTY13OCT2217400CE.NFO,07/10/2022,09:25:52,94,93.9,350,94.1,600,13050,4634400
NIFTY13OCT2217400CE.NFO,07/10/2022,09:25:53,94.3,94.15,1350,94.4,1650,8400,4634400
NIFTY13OCT2217400CE.NFO,07/10/2022,09:25:54,94,94,300,94.2,600,3050,4634400
NIFTY13OCT2217400CE.NFO,07/10/2022,09:25:56,93.9,93.7,400,93.9,950,3550,4634400
NIFTY13OCT2217400CE.NFO,07/10/2022,09:25:57,94.2,94.05,700,94.3,300,3200,4634400
NIFTY13OCT2217400CE.NFO,07/10/2022,09:25:58,93.75,93.85,150,94.05,650,4450,4634400
NIFTY13OCT2217400CE.NFO,07/10/2022,09:25:59,94.15,94.2,650,94.3,300,3300,4634400
NIFTY13OCT2217400CE.NFO,07/10/2022,09:26:00,94.85,94.8,50,94.85,400,15550,4634400
NIFTY13OCT2217400CE.NFO,07/10/2022,09:26:01,94.8,94.8,800,95,800,4700,4634400
NIFTY13OCT2217400CE.NFO,07/10/2022,09:26:01,95,94.85,950,95,200,350,4634400
NIFTY13OCT2217400CE.NFO,07/10/2022,09:26:03,95.45,95.3,200,95.4,450,8000,4634400
NIFTY13OCT2217400CE.NFO,07/10/2022,09:26:04,95.55,95.35,650,95.55,300,9900,4634400
NIFTY13OCT2217400CE.NFO,07/10/2022,09:26:05,95.5,95.55,300,95.8,1250,3100,4634400
NIFTY13OCT2217400CE.NFO,07/10/2022,09:26:06,95.65,95.55,300,95.7,300,7900,4634400
NIFTY13OCT2217400CE.NFO,07/10/2022,09:26:07,96,96,700,96.15,300,7600,4634400
NIFTY13OCT2217400CE.NFO,07/10/2022,09:26:08,96.55,96.45,350,96.6,100,15200,4634400
NIFTY13OCT2217400CE.NFO,07/10/2022,09:26:09,97.35,97.45,150,97.65,500,14950,4634400
NIFTY13OCT2217400CE.NFO,07/10/2022,09:26:11,97.15,97.1,200,97.2,250,9800,4634400
NIFTY13OCT2217400CE.NFO,07/10/2022,09:26:12,97.9,97.85,100,97.9,50,12550,4634400
NIFTY13OCT2217400CE.NFO,07/10/2022,09:26:13,97.25,97.2,150,97.25,250,11250,4634400
NIFTY13OCT2217400CE.NFO,07/10/2022,09:26:14,97.75,97.65,200,97.85,700,3400,4634400
NIFTY13OCT2217400CE.NFO,07/10/2022,09:26:16,97.95,97.85,450,97.95,300,16300,4634400
NIFTY13OCT2217400CE.NFO,07/10/2022,09:26:17,97.75,97.6,250,97.75,350,6300,4634400
NIFTY13OCT2217400CE.NFO,07/10/2022,09:26:18,97.6,97.6,400,97.8,600,12750,4634400
NIFTY13OCT2217400CE.NFO,07/10/2022,09:26:19,97.9,97.9,450,98,100,5550,4694900
NIFTY13OCT2217400CE.NFO,07/10/2022,09:26:20,97.6,97.4,450,97.6,1000,4050,4694900
NIFTY13OCT2217400CE.NFO,07/10/2022,09:26:21,96.85,96.65,700,96.85,500,8200,4694900
NIFTY13OCT2217400CE.NFO,07/10/2022,09:26:23,95.55,95.35,200,95.6,650,12150,4694900
NIFTY13OCT2217400CE.NFO,07/10/2022,09:26:24,95.5,95.1,500,95.3,750,13550,4694900
NIFTY13OCT2217400CE.NFO,07/10/2022,09:26:25,95.95,95.9,50,95.95,200,4150,4694900
NIFTY13OCT2217400CE.NFO,07/10/2022,09:26:26,96.1,95.8,450,96,600,5350,4694900
NIFTY13OCT2217400CE.NFO,07/10/2022,09:26:27,97,97,300,97.2,950,8000,4694900
NIFTY13OCT2217400CE.NFO,07/10/2022,09:26:28,97.1,96.9,350,97.05,350,5700,4694900
NIFTY13OCT2217400CE.NFO,07/10/2022,09:26:29,97.6,97.5,600,97.6,50,2650,4694900
NIFTY13OCT2217400CE.NFO,07/10/2022,09:26:30,97.75,97.55,300,97.7,50,10550,4694900
NIFTY13OCT2217400CE.NFO,07/10/2022,09:26:31,97,97,200,97.15,50,2850,4694900
NIFTY13OCT2217400CE.NFO,07/10/2022,09:26:33,97,96.8,600,97,100,1450,4694900
NIFTY13OCT2217400CE.NFO,07/10/2022,09:26:34,97.05,96.9,550,97.1,500,4700,4694900
NIFTY13OCT2217400CE.NFO,07/10/2022,09:26:35,97.2,97.15,1500,97.35,350,2950,4694900
NIFTY13OCT2217400CE.NFO,07/10/2022,09:26:36,97.2,97.2,100,97.35,50,6400,4694900
NIFTY13OCT2217400CE.NFO,07/10/2022,09:26:37,96.95,96.75,550,96.95,450,6400,4694900
NIFTY13OCT2217400CE.NFO,07/10/2022,09:26:38,96,96,350,96.15,150,3600,4694900
NIFTY13OCT2217400CE.NFO,07/10/2022,09:26:39,95.95,95.85,550,96.1,2800,2250,4694900
NIFTY13OCT2217400CE.NFO,07/10/2022,09:26:39,96.05,96,850,96.25,1150,100,4694900
NIFTY13OCT2217400CE.NFO,07/10/2022,09:26:40,95.75,95.8,200,95.9,200,3950,4694900
NIFTY13OCT2217400CE.NFO,07/10/2022,09:26:42,95.65,95.65,550,95.85,1000,1900,4694900
NIFTY13OCT2217400CE.NFO,07/10/2022,09:26:43,96.25,96.15,100,96.3,300,1500,4694900
NIFTY13OCT2217400CE.NFO,07/10/2022,09:26:44,96.5,96.5,550,96.7,250,1400,4694900
NIFTY13OCT2217400CE.NFO,07/10/2022,09:26:45,96.6,96.3,150,96.4,800,5350,4694900
NIFTY13OCT2217400CE.NFO,07/10/2022,09:26:46,96.25,96.15,800,96.35,50,2900,4694900
NIFTY13OCT2217400CE.NFO,07/10/2022,09:26:47,96.35,96.25,700,96.5,1350,2200,4694900
NIFTY13OCT2217400CE.NFO,07/10/2022,09:26:48,96,96,250,96.2,700,8350,4694900
NIFTY13OCT2217400CE.NFO,07/10/2022,09:26:49,96.65,96.55,250,96.75,550,1100,4694900
NIFTY13OCT2217400CE.NFO,07/10/2022,09:26:50,96.85,96.7,300,96.95,2450,700,4694900
NIFTY13OCT2217400CE.NFO,07/10/2022,09:26:51,96.9,96.65,500,96.8,650,2350,4694900
NIFTY13OCT2217400CE.NFO,07/10/2022,09:26:52,97,96.85,550,97,150,2050,4694900
NIFTY13OCT2217400CE.NFO,07/10/2022,09:26:53,96.15,96.05,100,96.2,400,4000,4694900
NIFTY13OCT2217400CE.NFO,07/10/2022,09:26:54,96.65,96.75,1050,96.95,500,5200,4694900
NIFTY13OCT2217400CE.NFO,07/10/2022,09:26:55,96.5,96.25,300,96.5,350,2550,4694900
NIFTY13OCT2217400CE.NFO,07/10/2022,09:26:55,96.4,96.4,300,96.65,1650,750,4694900
NIFTY13OCT2217400CE.NFO,07/10/2022,09:26:56,96.55,96.3,200,96.4,50,650,4694900
NIFTY13OCT2217400CE.NFO,07/10/2022,09:26:58,95.85,95.75,50,95.85,250,2050,4694900
NIFTY13OCT2217400CE.NFO,07/10/2022,09:26:59,95.95,95.55,150,95.75,1000,1900,4694900
NIFTY13OCT2217400CE.NFO,07/10/2022,09:27:00,95.5,95.45,650,95.65,550,3250,4694900
NIFTY13OCT2217400CE.NFO,07/10/2022,09:27:01,95.35,95.3,650,95.5,150,2100,4694900
NIFTY13OCT2217400CE.NFO,07/10/2022,09:27:02,95.3,95.35,350,95.5,50,4100,4694900
NIFTY13OCT2217400CE.NFO,07/10/2022,09:27:02,95.45,95.5,50,95.65,250,2450,4694900
NIFTY13OCT2217400CE.NFO,07/10/2022,09:27:04,96.15,95.95,650,96.15,2300,2550,4694900
NIFTY13OCT2217400CE.NFO,07/10/2022,09:27:04,96.05,95.75,850,96,1750,4300,4694900
NIFTY13OCT2217400CE.NFO,07/10/2022,09:27:06,95.85,95.8,600,96,200,7200,4694900
NIFTY13OCT2217400CE.NFO,07/10/2022,09:27:07,95.8,95.7,350,95.9,500,2700,4694900
NIFTY13OCT2217400CE.NFO,07/10/2022,09:27:08,96.3,96.15,400,96.2,100,2000,4694900
NIFTY13OCT2217400CE.NFO,07/10/2022,09:27:09,95.75,95.65,250,95.85,550,1600,4694900
NIFTY13OCT2217400CE.NFO,07/10/2022,09:27:10,96.1,96,150,96.15,500,2800,4694900
NIFTY13OCT2217400CE.NFO,07/10/2022,09:27:11,95.8,95.65,700,95.8,50,1600,4694900
NIFTY13OCT2217400CE.NFO,07/10/2022,09:27:12,95.7,95.65,300,95.85,550,4450,4694900
NIFTY13OCT2217400CE.NFO,07/10/2022,09:27:13,95.8,95.65,150,95.9,3750,1250,4694900
NIFTY13OCT2217400CE.NFO,07/10/2022,09:27:14,95.45,95.25,350,95.4,450,4650,4694900
NIFTY13OCT2217400CE.NFO,07/10/2022,09:27:15,95.65,95.45,100,95.55,100,1050,4694900
NIFTY13OCT2217400CE.NFO,07/10/2022,09:27:16,95.85,95.6,1000,95.75,100,2250,4694900
NIFTY13OCT2217400CE.NFO,07/10/2022,09:27:17,95.3,95.4,100,95.45,900,850,4694900
NIFTY13OCT2217400CE.NFO,07/10/2022,09:27:17,95,95,2600,95.05,1050,41250,4694900
NIFTY13OCT2217400CE.NFO,07/10/2022,09:27:19,95.2,95.15,300,95.35,1400,7750,4694900
NIFTY13OCT2217400CE.NFO,07/10/2022,09:27:20,94.4,94.4,900,94.45,50,1800,4694900
NIFTY13OCT2217400CE.NFO,07/10/2022,09:27:21,94.6,94.4,600,94.5,50,1050,4694900
NIFTY13OCT2217400CE.NFO,07/10/2022,09:27:22,94.5,94.4,100,94.55,700,2850,4694900
NIFTY13OCT2217400CE.NFO,07/10/2022,09:27:23,93.95,93.75,750,93.95,1000,5550,4694900
NIFTY13OCT2217400CE.NFO,07/10/2022,09:27:24,93.7,93.8,1000,93.95,250,4700,4694900
NIFTY13OCT2217400CE.NFO,07/10/2022,09:27:25,93.25,93,2350,93.2,750,8300,4694900
NIFTY13OCT2217400CE.NFO,07/10/2022,09:27:26,93.45,93.25,250,93.4,300,1500,4694900
NIFTY13OCT2217400CE.NFO,07/10/2022,09:27:27,93.1,93.25,600,93.35,700,3250,4694900
NIFTY13OCT2217400CE.NFO,07/10/2022,09:27:28,93.3,93,850,93.2,950,2950,4694900
NIFTY13OCT2217400CE.NFO,07/10/2022,09:27:29,93.55,93.3,1250,93.5,700,4700,4694900
NIFTY13OCT2217400CE.NFO,07/10/2022,09:27:30,93.25,93.3,250,93.45,700,9650,4694900
NIFTY13OCT2217400CE.NFO,07/10/2022,09:27:31,93.4,93.45,100,93.6,150,350,4694900
NIFTY13OCT2217400CE.NFO,07/10/2022,09:27:32,94.4,94.3,150,94.45,250,3000,4694900
NIFTY13OCT2217400CE.NFO,07/10/2022,09:27:33,94.65,94.7,150,94.85,50,3850,4694900
NIFTY13OCT2217400CE.NFO,07/10/2022,09:27:34,94.2,94.2,650,94.4,150,4450,4694900
NIFTY13OCT2217400CE.NFO,07/10/2022,09:27:35,94.1,94.05,150,94.2,100,3350,4694900
NIFTY13OCT2217400CE.NFO,07/10/2022,09:27:36,94.3,94.35,500,94.55,500,1050,4694900
NIFTY13OCT2217400CE.NFO,07/10/2022,09:27:37,94.6,94.6,850,94.8,700,100,4694900
NIFTY13OCT2217400CE.NFO,07/10/2022,09:27:38,95.4,95.25,150,95.35,250,4550,4694900
NIFTY13OCT2217400CE.NFO,07/10/2022,09:27:39,95.3,95.3,700,95.5,850,1350,4694900
NIFTY13OCT2217400CE.NFO,07/10/2022,09:27:39,95.4,95.15,550,95.35,600,100,4694900
NIFTY13OCT2217400CE.NFO,07/10/2022,09:27:41,95.65,95.6,50,95.75,500,1350,4694900
NIFTY13OCT2217400CE.NFO,07/10/2022,09:27:42,95.5,95.3,1350,95.5,450,3950,4694900
NIFTY13OCT2217400CE.NFO,07/10/2022,09:27:43,95.65,95.55,400,95.7,150,4600,4694900
NIFTY13OCT2217400CE.NFO,07/10/2022,09:27:44,95.75,95.65,50,95.75,150,1150,4694900
NIFTY13OCT2217400CE.NFO,07/10/2022,09:27:45,96,96,850,96.15,100,7150,4694900
NIFTY13OCT2217400CE.NFO,07/10/2022,09:27:46,95.75,95.7,50,95.8,350,1850,4694900
NIFTY13OCT2217400CE.NFO,07/10/2022,09:27:47,95.8,95.65,500,95.8,50,1100,4694900
NIFTY13OCT2217400CE.NFO,07/10/2022,09:27:48,95.7,95.75,300,95.85,250,1700,4694900
NIFTY13OCT2217400CE.NFO,07/10/2022,09:27:49,95.95,95.9,450,95.95,50,750,4694900
NIFTY13OCT2217400CE.NFO,07/10/2022,09:27:50,96,95.9,1100,96.1,450,1250,4694900
NIFTY13OCT2217400CE.NFO,07/10/2022,09:27:51,95.75,95.75,550,95.95,550,1000,4694900
NIFTY13OCT2217400CE.NFO,07/10/2022,09:27:52,96.5,96.35,100,96.5,50,4550,4694900
NIFTY13OCT2217400CE.NFO,07/10/2022,09:27:53,96.35,96.2,100,96.4,300,3850,4694900
NIFTY13OCT2217400CE.NFO,07/10/2022,09:27:54,96,96.05,600,96.25,150,1700,4694900
NIFTY13OCT2217400CE.NFO,07/10/2022,09:27:55,96.2,96,250,96.2,900,2000,4694900
NIFTY13OCT2217400CE.NFO,07/10/2022,09:27:56,96.1,95.9,450,96.1,450,4600,4694900
NIFTY13OCT2217400CE.NFO,07/10/2022,09:27:57,96,95.85,50,96.05,250,1200,4694900
NIFTY13OCT2217400CE.NFO,07/10/2022,09:27:58,96,96.1,200,96.15,500,2700,4694900
NIFTY13OCT2217400CE.NFO,07/10/2022,09:27:59,95.8,95.8,100,95.95,50,2750,4694900
NIFTY13OCT2217400CE.NFO,07/10/2022,09:28:00,95.6,95.55,500,95.75,250,2450,4694900
NIFTY13OCT2217400CE.NFO,07/10/2022,09:28:01,94.15,93.8,150,93.9,150,9600,4694900
NIFTY13OCT2217400CE.NFO,07/10/2022,09:28:02,93.45,93.3,1650,93.5,2250,3200,4694900
NIFTY13OCT2217400CE.NFO,07/10/2022,09:28:03,93.3,93.15,150,93.3,850,3750,4694900
NIFTY13OCT2217400CE.NFO,07/10/2022,09:28:04,93.1,93.15,100,93.3,1500,250,4694900
NIFTY13OCT2217400CE.NFO,07/10/2022,09:28:05,94.45,94.35,450,94.45,50,7600,4694900
NIFTY13OCT2217400CE.NFO,07/10/2022,09:28:06,94.15,94.05,50,94.15,1500,5700,4694900
NIFTY13OCT2217400CE.NFO,07/10/2022,09:28:07,94.15,94.05,150,94.2,150,4450,4694900
NIFTY13OCT2217400CE.NFO,07/10/2022,09:28:08,94.15,93.9,100,93.95,150,1550,4694900
NIFTY13OCT2217400CE.NFO,07/10/2022,09:28:09,93.8,93.6,50,93.7,50,450,4694900
NIFTY13OCT2217400CE.NFO,07/10/2022,09:28:10,93.9,93.7,850,93.9,400,150,4694900
NIFTY13OCT2217400CE.NFO,07/10/2022,09:28:11,94.3,94.1,200,94.3,550,1850,4694900
NIFTY13OCT2217400CE.NFO,07/10/2022,09:28:12,93.85,93.5,850,93.75,250,1950,4694900
NIFTY13OCT2217400CE.NFO,07/10/2022,09:28:13,93.7,93.7,200,93.8,50,2050,4694900
NIFTY13OCT2217400CE.NFO,07/10/2022,09:28:14,94.1,93.9,600,94.1,900,2000,4694900
NIFTY13OCT2217400CE.NFO,07/10/2022,09:28:15,93.85,93.8,400,94,50,1950,4694900
NIFTY13OCT2217400CE.NFO,07/10/2022,09:28:16,94,94.1,50,94.15,300,1050,4694900
NIFTY13OCT2217400CE.NFO,07/10/2022,09:28:17,93.9,93.9,850,94.1,150,4150,4694900
NIFTY13OCT2217400CE.NFO,07/10/2022,09:28:18,94.7,94.8,300,94.9,200,1000,4694900
NIFTY13OCT2217400CE.NFO,07/10/2022,09:28:19,95.25,95.25,1650,95.45,350,5100,4694900
NIFTY13OCT2217400CE.NFO,07/10/2022,09:28:20,95.2,95.1,100,95.2,50,1250,4694900
NIFTY13OCT2217400CE.NFO,07/10/2022,09:28:21,95.05,95.1,200,95.2,100,3150,4694900
NIFTY13OCT2217400CE.NFO,07/10/2022,09:28:22,95,94.95,550,95.1,250,2250,4694900
NIFTY13OCT2217400CE.NFO,07/10/2022,09:28:23,94.9,94.75,350,94.9,100,850,4694900
NIFTY13OCT2217400CE.NFO,07/10/2022,09:28:24,94.7,94.8,150,94.95,150,500,4694900
NIFTY13OCT2217400CE.NFO,07/10/2022,09:28:25,94.15,94.05,550,94.2,150,2750,4694900
NIFTY13OCT2217400CE.NFO,07/10/2022,09:28:26,94.25,94.15,50,94.25,100,3700,4694900
NIFTY13OCT2217400CE.NFO,07/10/2022,09:28:27,94.25,94.05,450,94.25,450,3750,4694900
NIFTY13OCT2217400CE.NFO,07/10/2022,09:28:28,94.35,94.25,100,94.45,1000,550,4694900
NIFTY13OCT2217400CE.NFO,07/10/2022,09:28:29,94.2,94.2,600,94.35,150,4100,4694900
NIFTY13OCT2217400CE.NFO,07/10/2022,09:28:30,93.75,93.6,200,93.75,300,3000,4694900
NIFTY13OCT2217400CE.NFO,07/10/2022,09:28:31,93.95,93.85,400,94.05,2300,700,4694900
NIFTY13OCT2217400CE.NFO,07/10/2022,09:28:32,93.85,93.8,500,94,900,1700,4694900
NIFTY13OCT2217400CE.NFO,07/10/2022,09:28:33,93.85,93.75,700,93.9,250,4950,4694900
NIFTY13OCT2217400CE.NFO,07/10/2022,09:28:34,94,94.05,2000,94.2,50,4150,4694900
NIFTY13OCT2217400CE.NFO,07/10/2022,09:28:35,93.95,93.85,250,94,600,3350,4694900
NIFTY13OCT2217400CE.NFO,07/10/2022,09:28:36,93.45,93.45,200,93.55,200,2600,4694900
NIFTY13OCT2217400CE.NFO,07/10/2022,09:28:37,94.05,94,1400,94.2,650,3650,4694900
NIFTY13OCT2217400CE.NFO,07/10/2022,09:28:38,94,93.95,450,94.1,500,1950,4694900
NIFTY13OCT2217400CE.NFO,07/10/2022,09:28:39,94.3,94.05,800,94.25,700,1450,4694900
NIFTY13OCT2217400CE.NFO,07/10/2022,09:28:40,94.5,94.4,800,94.6,250,5150,4694900
NIFTY13OCT2217400CE.NFO,07/10/2022,09:28:41,94.1,94,650,94.1,250,1800,4694900
NIFTY13OCT2217400CE.NFO,07/10/2022,09:28:42,93.95,93.85,50,93.9,350,1150,4694900
NIFTY13OCT2217400CE.NFO,07/10/2022,09:28:43,93.65,93.55,450,93.75,50,3850,4694900
NIFTY13OCT2217400CE.NFO,07/10/2022,09:28:44,93.05,93,4950,93.05,800,32000,4694900
NIFTY13OCT2217400CE.NFO,07/10/2022,09:28:45,92.9,92.85,250,92.95,250,9400,4694900
NIFTY13OCT2217400CE.NFO,07/10/2022,09:28:46,92.75,92.75,100,92.8,200,5500,4694900
NIFTY13OCT2217400CE.NFO,07/10/2022,09:28:47,92.45,92.45,300,92.5,50,2400,4694900
NIFTY13OCT2217400CE.NFO,07/10/2022,09:28:48,92.15,92.25,350,92.45,700,4150,4694900
NIFTY13OCT2217400CE.NFO,07/10/2022,09:28:49,91.7,91.55,1300,91.75,800,6950,4694900
NIFTY13OCT2217400CE.NFO,07/10/2022,09:28:50,91.65,91.65,200,91.8,150,2850,4694900
NIFTY13OCT2217400CE.NFO,07/10/2022,09:28:51,91.55,91.65,550,91.85,550,50,4694900
NIFTY13OCT2217400CE.NFO,07/10/2022,09:28:52,91.8,91.8,1950,92,300,3850,4694900
NIFTY13OCT2217400CE.NFO,07/10/2022,09:28:53,91.65,91.65,450,91.85,550,4450,4694900
NIFTY13OCT2217400CE.NFO,07/10/2022,09:28:54,91.75,91.65,500,91.8,250,900,4694900
NIFTY13OCT2217400CE.NFO,07/10/2022,09:28:55,91.05,91,550,91.05,150,13650,4694900
NIFTY13OCT2217400CE.NFO,07/10/2022,09:28:56,91.15,91.05,50,91.2,2100,8450,4694900
NIFTY13OCT2217400CE.NFO,07/10/2022,09:28:57,90.95,90.85,50,91,1600,10600,4694900
NIFTY13OCT2217400CE.NFO,07/10/2022,09:28:58,90.35,90.4,50,90.55,550,7200,4694900
NIFTY13OCT2217400CE.NFO,07/10/2022,09:28:59,90.45,90.35,1150,90.6,2000,450,4694900
NIFTY13OCT2217400CE.NFO,07/10/2022,09:29:00,89.6,89.65,200,89.8,550,56400,4694900
NIFTY13OCT2217400CE.NFO,07/10/2022,09:29:01,90.05,90,1350,90.2,700,8850,4694900
NIFTY13OCT2217400CE.NFO,07/10/2022,09:29:02,89.8,89.55,1100,89.75,250,10750,4694900
NIFTY13OCT2217400CE.NFO,07/10/2022,09:29:04,89.05,89.05,550,89.25,600,13850,4694900
NIFTY13OCT2217400CE.NFO,07/10/2022,09:29:05,89.25,89.1,350,89.3,600,7100,4694900
NIFTY13OCT2217400CE.NFO,07/10/2022,09:29:06,89,89,1550,89.2,750,6150,4694900
NIFTY13OCT2217400CE.NFO,07/10/2022,09:29:07,88.7,88.55,50,88.7,700,4500,4694900
NIFTY13OCT2217400CE.NFO,07/10/2022,09:29:08,88.45,88.4,100,88.55,500,4500,4694900
NIFTY13OCT2217400CE.NFO,07/10/2022,09:29:09,88.45,88.5,400,88.7,100,15150,4694900
NIFTY13OCT2217400CE.NFO,07/10/2022,09:29:10,88.6,88.6,600,88.8,450,4100,4694900
NIFTY13OCT2217400CE.NFO,07/10/2022,09:29:11,88.35,88.15,400,88.35,600,8700,4694900
NIFTY13OCT2217400CE.NFO,07/10/2022,09:29:12,88,88,4350,88.05,50,1850,4694900
NIFTY13OCT2217400CE.NFO,07/10/2022,09:29:13,88.15,88,1650,88.15,550,17850,4694900
NIFTY13OCT2217400CE.NFO,07/10/2022,09:29:14,87.1,87.05,100,87.1,100,20950,4694900
NIFTY13OCT2217400CE.NFO,07/10/2022,09:29:14,86.9,87.05,100,87.1,100,0,4694900
NIFTY13OCT2217400CE.NFO,07/10/2022,09:29:15,86.8,86.8,500,87,900,12950,4694900
NIFTY13OCT2217400CE.NFO,07/10/2022,09:29:15,86.65,86.8,500,87,900,0,4694900
NIFTY13OCT2217400CE.NFO,07/10/2022,09:29:16,87.15,87,500,87.15,450,5100,4694900
NIFTY13OCT2217400CE.NFO,07/10/2022,09:29:17,87.25,87.25,200,87.4,500,7450,4694900
NIFTY13OCT2217400CE.NFO,07/10/2022,09:29:18,87,87,50,87.05,500,8950,4694900
NIFTY13OCT2217400CE.NFO,07/10/2022,09:29:19,87.3,87.3,600,87.5,250,23400,4875350
NIFTY13OCT2217400CE.NFO,07/10/2022,09:29:20,87.45,87.5,300,87.7,600,18100,4875350
NIFTY13OCT2217400CE.NFO,07/10/2022,09:29:21,87.65,87.65,550,87.7,50,4250,4875350
NIFTY13OCT2217400CE.NFO,07/10/2022,09:29:22,87.85,87.7,500,87.85,300,39400,4875350
NIFTY13OCT2217400CE.NFO,07/10/2022,09:29:23,87.8,87.8,400,88,800,8600,4875350
NIFTY13OCT2217400CE.NFO,07/10/2022,09:29:24,87.1,87.1,900,87.2,50,5250,4875350
NIFTY13OCT2217400CE.NFO,07/10/2022,09:29:25,87.5,87.5,150,87.65,800,8300,4875350
NIFTY13OCT2217400CE.NFO,07/10/2022,09:29:26,87.6,87.55,150,87.7,600,5650,4875350
NIFTY13OCT2217400CE.NFO,07/10/2022,09:29:27,87.65,87.45,500,87.6,300,9450,4875350
NIFTY13OCT2217400CE.NFO,07/10/2022,09:29:28,87.25,87.1,500,87.3,550,600,4875350
NIFTY13OCT2217400CE.NFO,07/10/2022,09:29:29,87.05,87.05,500,87.25,500,3650,4875350
NIFTY13OCT2217400CE.NFO,07/10/2022,09:29:30,86.65,86.5,200,86.55,50,8650,4875350
NIFTY13OCT2217400CE.NFO,07/10/2022,09:29:30,86.55,86.5,200,86.55,50,0,4875350
NIFTY13OCT2217400CE.NFO,07/10/2022,09:29:31,87.05,87,150,87.1,50,4600,4875350
NIFTY13OCT2217400CE.NFO,07/10/2022,09:29:31,86.2,87,150,87.1,50,0,4875350
NIFTY13OCT2217400CE.NFO,07/10/2022,09:29:32,87.1,87.1,300,87.2,500,12700,4875350
NIFTY13OCT2217400CE.NFO,07/10/2022,09:29:33,86.7,86.8,850,86.95,50,6250,4875350
NIFTY13OCT2217400CE.NFO,07/10/2022,09:29:34,87.05,87.05,200,87.15,550,7900,4875350
NIFTY13OCT2217400CE.NFO,07/10/2022,09:29:35,86.9,86.75,450,86.9,50,21150,4875350
NIFTY13OCT2217400CE.NFO,07/10/2022,09:29:36,86.4,86.25,100,86.4,450,1600,4875350
NIFTY13OCT2217400CE.NFO,07/10/2022,09:29:37,87,86.9,250,87,550,9500,4875350
NIFTY13OCT2217400CE.NFO,07/10/2022,09:29:38,87,87,250,87.15,550,36050,4875350
NIFTY13OCT2217400CE.NFO,07/10/2022,09:29:39,86.75,86.65,250,86.8,2150,7600,4875350
NIFTY13OCT2217400CE.NFO,07/10/2022,09:29:40,86.7,86.75,200,86.85,200,8000,4875350
NIFTY13OCT2217400CE.NFO,07/10/2022,09:29:41,86.6,86.5,100,86.6,50,6900,4875350
NIFTY13OCT2217400CE.NFO,07/10/2022,09:29:42,86.55,86.5,100,86.65,850,800,4875350
NIFTY13OCT2217400CE.NFO,07/10/2022,09:29:43,86,86,9650,86.1,50,32200,4875350
NIFTY13OCT2217400CE.NFO,07/10/2022,09:29:43,86,86,9650,86.1,50,0,4875350
NIFTY13OCT2217400CE.NFO,07/10/2022,09:29:44,85.65,85.55,250,85.65,450,20450,4875350
NIFTY13OCT2217400CE.NFO,07/10/2022,09:29:44,85.3,85.55,250,85.65,450,0,4875350
NIFTY13OCT2217400CE.NFO,07/10/2022,09:29:45,86.1,86.1,550,86.15,24600,28100,4875350
NIFTY13OCT2217400CE.NFO,07/10/2022,09:29:45,85.25,86.1,550,86.15,24600,0,4875350
NIFTY13OCT2217400CE.NFO,07/10/2022,09:29:46,86.1,86.05,150,86.1,50,22850,4875350
NIFTY13OCT2217400CE.NFO,07/10/2022,09:29:47,85.3,85.2,350,85.3,50,7500,4875350
NIFTY13OCT2217400CE.NFO,07/10/2022,09:29:47,85.2,85.2,350,85.3,50,0,4875350
NIFTY13OCT2217400CE.NFO,07/10/2022,09:29:48,85.85,85.7,200,85.8,100,5850,4875350
NIFTY13OCT2217400CE.NFO,07/10/2022,09:29:49,85.25,85.3,700,85.45,100,3250,4875350
NIFTY13OCT2217400CE.NFO,07/10/2022,09:29:50,85.3,85.2,650,85.45,1650,8300,4875350
NIFTY13OCT2217400CE.NFO,07/10/2022,09:29:50,85.1,85.2,650,85.45,1650,0,4875350
NIFTY13OCT2217400CE.NFO,07/10/2022,09:29:51,85.35,85.15,800,85.35,1400,650,4875350
NIFTY13OCT2217400CE.NFO,07/10/2022,09:29:52,85.6,85.45,550,85.6,750,6550,4875350
NIFTY13OCT2217400CE.NFO,07/10/2022,09:29:53,85.75,85.5,400,85.7,650,11400,4875350
NIFTY13OCT2217400CE.NFO,07/10/2022,09:29:54,85.6,85.35,950,85.5,500,3350,4875350
NIFTY13OCT2217400CE.NFO,07/10/2022,09:29:55,85.6,85.5,150,85.7,950,8150,4875350
NIFTY13OCT2217400CE.NFO,07/10/2022,09:29:56,85.4,85.2,650,85.35,1650,3800,4875350
NIFTY13OCT2217400CE.NFO,07/10/2022,09:29:57,85.1,85.05,550,85.15,250,24600,4875350
NIFTY13OCT2217400CE.NFO,07/10/2022,09:29:58,85.2,85.1,650,85.3,750,26100,4875350
NIFTY13OCT2217400CE.NFO,07/10/2022,09:29:58,85,85.1,650,85.3,750,0,4875350
NIFTY13OCT2217400CE.NFO,07/10/2022,09:29:59,84.85,84.8,1000,85,1300,15050,4875350
NIFTY13OCT2217400CE.NFO,07/10/2022,09:29:59,84.55,84.8,1000,85,1300,0,4875350
NIFTY13OCT2217400CE.NFO,07/10/2022,09:30:00,83.9,83.85,100,83.95,150,20650,4875350
NIFTY13OCT2217400CE.NFO,07/10/2022,09:30:00,83.75,83.85,100,83.95,150,0,4875350
NIFTY13OCT2217400CE.NFO,07/10/2022,09:30:01,84.4,84.6,600,84.8,2050,6100,4875350
NIFTY13OCT2217400CE.NFO,07/10/2022,09:30:01,83.7,84.6,600,84.8,2050,0,4875350
NIFTY13OCT2217400CE.NFO,07/10/2022,09:30:02,85,84.85,650,84.95,50,7750,4875350
NIFTY13OCT2217400CE.NFO,07/10/2022,09:30:03,84.9,84.7,300,84.9,1700,1850,4875350
NIFTY13OCT2217400CE.NFO,07/10/2022,09:30:04,85.1,85,1200,85.15,150,9400,4875350
NIFTY13OCT2217400CE.NFO,07/10/2022,09:30:05,84.35,84.2,100,84.35,150,6400,4875350
NIFTY13OCT2217400CE.NFO,07/10/2022,09:30:06,84.25,84.2,350,84.35,100,5150,4875350
NIFTY13OCT2217400CE.NFO,07/10/2022,09:30:07,84.25,84.25,150,84.35,100,5050,4875350
NIFTY13OCT2217400CE.NFO,07/10/2022,09:30:08,83.95,83.75,150,83.9,200,9350,4875350
NIFTY13OCT2217400CE.NFO,07/10/2022,09:30:08,83.35,83.75,150,83.9,200,0,4875350
NIFTY13OCT2217400CE.NFO,07/10/2022,09:30:10,84.2,83.95,2050,84.15,450,5800,4875350
NIFTY13OCT2217400CE.NFO,07/10/2022,09:30:10,84.2,84,900,84.2,250,1800,4875350
NIFTY13OCT2217400CE.NFO,07/10/2022,09:30:11,83.75,83.75,850,83.95,300,16400,4875350
NIFTY13OCT2217400CE.NFO,07/10/2022,09:30:11,83.25,83.75,850,83.95,300,0,4875350
NIFTY13OCT2217400CE.NFO,07/10/2022,09:30:12,83.7,83.5,500,83.7,1050,7350,4875350
NIFTY13OCT2217400CE.NFO,07/10/2022,09:30:13,83.15,83.15,500,83.3,150,11950,4875350
NIFTY13OCT2217400CE.NFO,07/10/2022,09:30:13,83.1,83.15,500,83.3,150,0,4875350
NIFTY13OCT2217400CE.NFO,07/10/2022,09:30:15,82.45,82.4,900,82.6,250,20550,4875350
NIFTY13OCT2217400CE.NFO,07/10/2022,09:30:15,82.35,82.4,900,82.6,250,0,4875350
NIFTY13OCT2217400CE.NFO,07/10/2022,09:30:16,82.2,82.1,150,82.2,250,25100,4875350
NIFTY13OCT2217400CE.NFO,07/10/2022,09:30:16,81.8,82.1,150,82.2,250,0,4875350
NIFTY13OCT2217400CE.NFO,07/10/2022,09:30:17,81.45,81.3,350,81.45,100,9900,4875350
NIFTY13OCT2217400CE.NFO,07/10/2022,09:30:17,81.3,81.3,350,81.45,100,0,4875350
NIFTY13OCT2217400CE.NFO,07/10/2022,09:30:18,81.6,81.4,50,81.6,550,22300,4875350
NIFTY13OCT2217400CE.NFO,07/10/2022,09:30:18,81.25,81.4,50,81.6,550,0,4875350
NIFTY13OCT2217400CE.NFO,07/10/2022,09:30:19,81.55,81.55,500,81.7,100,7500,4875350
NIFTY13OCT2217400CE.NFO,07/10/2022,09:30:19,81.55,81.5,1450,81.7,500,1500,4875350
NIFTY13OCT2217400CE.NFO,07/10/2022,09:30:20,81.35,81.25,150,81.4,550,15700,4875350
NIFTY13OCT2217400CE.NFO,07/10/2022,09:30:20,81.15,81.25,150,81.4,550,0,4875350
NIFTY13OCT2217400CE.NFO,07/10/2022,09:30:21,81.25,81.25,2200,81.45,150,17500,4875350
NIFTY13OCT2217400CE.NFO,07/10/2022,09:30:22,81.2,81.25,150,81.35,100,16000,4875350
NIFTY13OCT2217400CE.NFO,07/10/2022,09:30:23,81.05,80.85,550,81.05,500,24300,4875350
NIFTY13OCT2217400CE.NFO,07/10/2022,09:30:23,80.7,80.85,550,81.05,500,0,4875350
NIFTY13OCT2217400CE.NFO,07/10/2022,09:30:24,81.35,81.25,350,81.4,250,42750,4875350
NIFTY13OCT2217400CE.NFO,07/10/2022,09:30:26,80.95,80.9,1450,81.1,200,22500,4875350
NIFTY13OCT2217400CE.NFO,07/10/2022,09:30:27,80.4,80.25,1050,80.4,900,23850,4875350
NIFTY13OCT2217400CE.NFO,07/10/2022,09:30:27,80.3,80.25,1050,80.4,900,0,4875350
NIFTY13OCT2217400CE.NFO,07/10/2022,09:30:29,80.1,80.05,500,80.25,100,42650,4875350
NIFTY13OCT2217400CE.NFO,07/10/2022,09:30:29,80,80.05,500,80.25,100,0,4875350
NIFTY13OCT2217400CE.NFO,07/10/2022,09:30:29,79.95,79.95,100,80.1,700,11000,4875350
NIFTY13OCT2217400CE.NFO,07/10/2022,09:30:29,79.95,79.95,100,80.1,700,0,4875350
NIFTY13OCT2217400CE.NFO,07/10/2022,09:30:31,79.8,79.75,200,79.9,150,16750,4875350
NIFTY13OCT2217400CE.NFO,07/10/2022,09:30:31,79.5,79.75,200,79.9,150,0,4875350
NIFTY13OCT2217400CE.NFO,07/10/2022,09:30:31,79.95,79.75,300,79.95,450,10600,4875350
NIFTY13OCT2217400CE.NFO,07/10/2022,09:30:32,79.5,79.65,250,79.75,50,15850,4875350
NIFTY13OCT2217400CE.NFO,07/10/2022,09:30:32,79.45,79.65,250,79.75,50,0,4875350
NIFTY13OCT2217400CE.NFO,07/10/2022,09:30:33,79.7,79.55,900,79.7,50,19650,4875350
NIFTY13OCT2217400CE.NFO,07/10/2022,09:30:33,79.4,79.55,900,79.7,50,0,4875350
NIFTY13OCT2217400CE.NFO,07/10/2022,09:30:34,79.45,79.45,50,79.55,100,35750,4875350
NIFTY13OCT2217400CE.NFO,07/10/2022,09:30:34,79.3,79.45,50,79.55,100,0,4875350
NIFTY13OCT2217400CE.NFO,07/10/2022,09:30:36,79.85,79.8,1600,80,4600,39500,4875350
NIFTY13OCT2217400CE.NFO,07/10/2022,09:30:36,78.85,79.8,1600,80,4600,0,4875350
NIFTY13OCT2217400CE.NFO,07/10/2022,09:30:37,79.8,79.8,100,79.95,150,44600,4875350
NIFTY13OCT2217400CE.NFO,07/10/2022,09:30:38,80.2,80.2,150,80.4,150,25000,4875350
NIFTY13OCT2217400CE.NFO,07/10/2022,09:30:39,80.45,80.55,300,80.75,300,29850,4875350
NIFTY13OCT2217400CE.NFO,07/10/2022,09:30:40,80.65,80.5,50,80.65,400,29050,4875350
NIFTY13OCT2217400CE.NFO,07/10/2022,09:30:41,80.65,80.5,200,80.65,200,9750,4875350
NIFTY13OCT2217400CE.NFO,07/10/2022,09:30:42,80.25,80.1,200,80.2,150,17950,4875350
NIFTY13OCT2217400CE.NFO,07/10/2022,09:30:43,79.85,79.9,100,80.05,100,12000,4875350
NIFTY13OCT2217400CE.NFO,07/10/2022,09:30:44,80.15,80,150,80.15,300,25000,4875350
NIFTY13OCT2217400CE.NFO,07/10/2022,09:30:46,80.2,80.05,100,80.2,1350,20050,4875350
NIFTY13OCT2217400CE.NFO,07/10/2022,09:30:46,80.1,80.1,450,80.3,400,4850,4875350
NIFTY13OCT2217400CE.NFO,07/10/2022,09:30:47,80.4,80.4,200,80.6,600,34800,4875350
NIFTY13OCT2217400CE.NFO,07/10/2022,09:30:48,80.15,80.2,50,80.35,200,13300,4875350
NIFTY13OCT2217400CE.NFO,07/10/2022,09:30:49,80.45,80.3,100,80.4,350,15750,4875350
NIFTY13OCT2217400CE.NFO,07/10/2022,09:30:50,80.4,80.4,50,80.5,50,7650,4875350
NIFTY13OCT2217400CE.NFO,07/10/2022,09:30:51,80.5,80.4,250,80.5,200,7000,4875350
NIFTY13OCT2217400CE.NFO,07/10/2022,09:30:52,80.5,80.4,200,80.5,800,16750,4875350
NIFTY13OCT2217400CE.NFO,07/10/2022,09:30:54,79.75,79.65,50,79.8,1700,12850,4875350
NIFTY13OCT2217400CE.NFO,07/10/2022,09:30:55,80,79.9,50,80,2500,20450,4875350
NIFTY13OCT2217400CE.NFO,07/10/2022,09:30:55,79.75,79.55,700,79.7,250,5600,4875350
NIFTY13OCT2217400CE.NFO,07/10/2022,09:30:56,79.3,79.5,100,79.55,50,16150,4875350
NIFTY13OCT2217400CE.NFO,07/10/2022,09:30:57,79.4,79.3,200,79.4,200,20300,4875350
NIFTY13OCT2217400CE.NFO,07/10/2022,09:30:58,79.25,79.25,250,79.4,400,16800,4875350
NIFTY13OCT2217400CE.NFO,07/10/2022,09:30:59,79.8,79.6,300,79.8,150,12400,4875350
NIFTY13OCT2217400CE.NFO,07/10/2022,09:31:00,79.4,79.4,300,79.55,50,6800,4875350
NIFTY13OCT2217400CE.NFO,07/10/2022,09:31:02,79.6,79.45,50,79.55,100,8900,4875350
NIFTY13OCT2217400CE.NFO,07/10/2022,09:31:03,79.35,79.35,100,79.4,150,5900,4875350
NIFTY13OCT2217400CE.NFO,07/10/2022,09:31:04,79.2,79.05,800,79.2,100,4750,4875350
NIFTY13OCT2217400CE.NFO,07/10/2022,09:31:05,79.3,79.25,300,79.45,550,11050,4875350
NIFTY13OCT2217400CE.NFO,07/10/2022,09:31:06,79.3,79.25,1750,79.5,1000,2400,4875350
NIFTY13OCT2217400CE.NFO,07/10/2022,09:31:07,79.1,78.95,50,79.1,250,11500,4875350
NIFTY13OCT2217400CE.NFO,07/10/2022,09:31:08,78.95,78.8,1200,78.95,150,6350,4875350
NIFTY13OCT2217400CE.NFO,07/10/2022,09:31:08,78.8,78.8,1200,78.95,150,0,4875350
NIFTY13OCT2217400CE.NFO,07/10/2022,09:31:08,78.25,78.35,400,78.5,350,6150,4875350
NIFTY13OCT2217400CE.NFO,07/10/2022,09:31:08,78.25,78.35,400,78.5,350,0,4875350
NIFTY13OCT2217400CE.NFO,07/10/2022,09:31:09,78.1,78.1,650,78.3,600,9850,4875350
NIFTY13OCT2217400CE.NFO,07/10/2022,09:31:09,78.1,78.1,650,78.3,600,0,4875350
NIFTY13OCT2217400CE.NFO,07/10/2022,09:31:10,78.1,78,550,78.2,150,13750,4875350
NIFTY13OCT2217400CE.NFO,07/10/2022,09:31:10,77.55,78,550,78.2,150,0,4875350
NIFTY13OCT2217400CE.NFO,07/10/2022,09:31:11,78.45,78.3,200,78.5,300,4950,4875350
NIFTY13OCT2217400CE.NFO,07/10/2022,09:31:12,78,77.85,650,78.05,400,11050,4875350
NIFTY13OCT2217400CE.NFO,07/10/2022,09:31:14,78,78,150,78.1,50,6500,4875350
NIFTY13OCT2217400CE.NFO,07/10/2022,09:31:14,77.9,77.75,500,77.95,250,2400,4875350
NIFTY13OCT2217400CE.NFO,07/10/2022,09:31:15,77.7,77.5,100,77.7,600,15100,4875350
NIFTY13OCT2217400CE.NFO,07/10/2022,09:31:15,77.4,77.5,100,77.7,600,0,4875350
NIFTY13OCT2217400CE.NFO,07/10/2022,09:31:16,77.85,77.65,800,77.85,400,9550,4875350
NIFTY13OCT2217400CE.NFO,07/10/2022,09:31:17,78,77.95,1600,78.15,150,7100,4875350
NIFTY13OCT2217400CE.NFO,07/10/2022,09:31:18,77.75,77.75,450,77.95,50,21100,4875350
NIFTY13OCT2217400CE.NFO,07/10/2022,09:31:20,77.8,77.7,550,77.8,1650,7150,4875350
NIFTY13OCT2217400CE.NFO,07/10/2022,09:31:21,77.75,77.65,1500,77.75,50,4800,4875350
NIFTY13OCT2217400CE.NFO,07/10/2022,09:31:22,77.6,77.4,1150,77.6,200,8000,4875350
NIFTY13OCT2217400CE.NFO,07/10/2022,09:31:22,77.35,77.4,1150,77.6,200,0,4875350
NIFTY13OCT2217400CE.NFO,07/10/2022,09:31:22,77.5,77.35,250,77.5,550,3300,4875350
NIFTY13OCT2217400CE.NFO,07/10/2022,09:31:23,77.55,77.55,150,77.7,900,8500,4875350
NIFTY13OCT2217400CE.NFO,07/10/2022,09:31:23,77.3,77.55,150,77.7,900,0,4875350
NIFTY13OCT2217400CE.NFO,07/10/2022,09:31:24,77.65,77.7,50,77.85,750,4900,4875350
NIFTY13OCT2217400CE.NFO,07/10/2022,09:31:25,77.6,77.65,50,77.8,600,14400,4875350
NIFTY13OCT2217400CE.NFO,07/10/2022,09:31:26,77.85,77.75,50,77.85,100,5450,4875350
NIFTY13OCT2217400CE.NFO,07/10/2022,09:31:27,77.7,77.65,700,77.85,550,3600,4875350
NIFTY13OCT2217400CE.NFO,07/10/2022,09:31:29,77.55,77.35,50,77.45,250,23400,4875350
NIFTY13OCT2217400CE.NFO,07/10/2022,09:31:29,77.05,77.35,50,77.45,250,0,4875350
NIFTY13OCT2217400CE.NFO,07/10/2022,09:31:30,77.65,77.65,500,77.8,50,4800,4875350
NIFTY13OCT2217400CE.NFO,07/10/2022,09:31:31,77.85,77.65,600,77.85,550,7650,4875350
NIFTY13OCT2217400CE.NFO,07/10/2022,09:31:31,77.65,77.65,600,77.8,100,850,4875350
NIFTY13OCT2217400CE.NFO,07/10/2022,09:31:32,77.7,77.8,250,77.9,250,11550,4875350
NIFTY13OCT2217400CE.NFO,07/10/2022,09:31:33,77.8,77.8,250,77.95,350,8000,4875350
NIFTY13OCT2217400CE.NFO,07/10/2022,09:31:34,78.9,78.85,250,79,150,13900,4875350
NIFTY13OCT2217400CE.NFO,07/10/2022,09:31:36,79.2,79,1150,79.2,100,11950,4875350
NIFTY13OCT2217400CE.NFO,07/10/2022,09:31:36,79,78.9,250,79.05,550,2200,4875350
NIFTY13OCT2217400CE.NFO,07/10/2022,09:31:37,79.35,79.2,250,79.4,1400,9850,4875350
NIFTY13OCT2217400CE.NFO,07/10/2022,09:31:38,78.9,78.9,950,79.1,2000,18650,4875350
NIFTY13OCT2217400CE.NFO,07/10/2022,09:31:39,79.75,79.6,100,79.8,750,9100,4875350
NIFTY13OCT2217400CE.NFO,07/10/2022,09:31:41,79.55,79.35,1050,79.6,1750,15500,4875350
NIFTY13OCT2217400CE.NFO,07/10/2022,09:31:42,79.4,79.35,350,79.5,100,2350,4875350
NIFTY13OCT2217400CE.NFO,07/10/2022,09:31:42,79.3,79.1,100,79.25,400,650,4875350
NIFTY13OCT2217400CE.NFO,07/10/2022,09:31:43,79.3,79.15,150,79.3,100,3950,4875350
NIFTY13OCT2217400CE.NFO,07/10/2022,09:31:44,79.4,79.5,100,79.6,100,13400,4875350
NIFTY13OCT2217400CE.NFO,07/10/2022,09:31:45,79.65,79.65,250,79.85,600,7650,4875350
NIFTY13OCT2217400CE.NFO,07/10/2022,09:31:46,79.65,79.65,550,79.85,50,68000,4875350
NIFTY13OCT2217400CE.NFO,07/10/2022,09:31:47,79.85,79.65,700,79.8,900,4200,4875350
NIFTY13OCT2217400CE.NFO,07/10/2022,09:31:48,79.6,79.45,800,79.65,350,6850,4875350
NIFTY13OCT2217400CE.NFO,07/10/2022,09:31:50,79.3,79.2,650,79.35,200,11600,4875350
NIFTY13OCT2217400CE.NFO,07/10/2022,09:31:50,79.5,79.3,350,79.5,350,7950,4875350
NIFTY13OCT2217400CE.NFO,07/10/2022,09:31:52,79.55,79.45,750,79.55,100,6750,4875350
NIFTY13OCT2217400CE.NFO,07/10/2022,09:31:53,79.15,79.15,600,79.3,150,4400,4875350
NIFTY13OCT2217400CE.NFO,07/10/2022,09:31:54,79.25,79.2,200,79.35,900,10950,4875350
NIFTY13OCT2217400CE.NFO,07/10/2022,09:31:55,79.4,79.2,500,79.4,1200,5450,4875350
NIFTY13OCT2217400CE.NFO,07/10/2022,09:31:56,78.95,78.8,300,78.95,50,7350,4875350
NIFTY13OCT2217400CE.NFO,07/10/2022,09:31:58,78.8,78.7,50,78.8,650,6900,4875350
NIFTY13OCT2217400CE.NFO,07/10/2022,09:31:59,78.4,78.2,100,78.4,3050,10000,4875350
NIFTY13OCT2217400CE.NFO,07/10/2022,09:31:59,78.25,78.1,150,78.25,500,6350,4875350
NIFTY13OCT2217400CE.NFO,07/10/2022,09:32:01,77.9,77.95,50,78,200,11800,4875350
NIFTY13OCT2217400CE.NFO,07/10/2022,09:32:02,78.1,77.9,300,78,250,5750,4875350
NIFTY13OCT2217400CE.NFO,07/10/2022,09:32:02,77.85,77.8,900,77.95,100,750,4875350
NIFTY13OCT2217400CE.NFO,07/10/2022,09:32:03,77.65,77.7,300,77.8,350,3050,4875350
NIFTY13OCT2217400CE.NFO,07/10/2022,09:32:04,77.5,77.45,800,77.65,2150,9750,4875350
NIFTY13OCT2217400CE.NFO,07/10/2022,09:32:06,77.35,77.15,550,77.35,600,7200,4875350
NIFTY13OCT2217400CE.NFO,07/10/2022,09:32:06,77.35,77.25,100,77.4,900,1600,4875350
NIFTY13OCT2217400CE.NFO,07/10/2022,09:32:08,77.15,77.05,400,77.15,600,8200,4875350
NIFTY13OCT2217400CE.NFO,07/10/2022,09:32:08,77.15,77.05,200,77.2,1550,500,4875350
NIFTY13OCT2217400CE.NFO,07/10/2022,09:32:09,76.9,76.9,250,77.05,600,24600,4875350
NIFTY13OCT2217400CE.NFO,07/10/2022,09:32:09,76.7,76.9,250,77.05,600,0,4875350
NIFTY13OCT2217400CE.NFO,07/10/2022,09:32:10,76.9,77,500,77.1,50,8300,4875350
NIFTY13OCT2217400CE.NFO,07/10/2022,09:32:11,76.9,76.95,450,77.15,1200,7050,4875350
NIFTY13OCT2217400CE.NFO,07/10/2022,09:32:13,76.95,77.05,100,77.2,850,6200,4875350
NIFTY13OCT2217400CE.NFO,07/10/2022,09:32:13,77.1,77,350,77.2,950,250,4875350
NIFTY13OCT2217400CE.NFO,07/10/2022,09:32:14,77.05,77.05,50,77.1,50,5650,4875350
NIFTY13OCT2217400CE.NFO,07/10/2022,09:32:15,77.1,77,50,77.05,450,4350,4875350
NIFTY13OCT2217400CE.NFO,07/10/2022,09:32:15,76.65,77,50,77.05,450,0,4875350
NIFTY13OCT2217400CE.NFO,07/10/2022,09:32:17,77,77,1000,77.1,500,2900,4875350
NIFTY13OCT2217400CE.NFO,07/10/2022,09:32:18,77.1,76.9,200,77.1,1550,6100,4875350
NIFTY13OCT2217400CE.NFO,07/10/2022,09:32:19,76.9,76.8,50,76.9,2750,3800,4875350
NIFTY13OCT2217400CE.NFO,07/10/2022,09:32:19,76.8,76.8,850,76.95,50,5300,4875350
NIFTY13OCT2217400CE.NFO,07/10/2022,09:32:20,76.9,76.75,100,76.8,100,3750,4771350
NIFTY13OCT2217400CE.NFO,07/10/2022,09:32:21,76.6,76.6,700,76.8,2850,6100,4771350
NIFTY13OCT2217400CE.NFO,07/10/2022,09:32:21,76.35,76.6,700,76.8,2850,0,4771350
NIFTY13OCT2217400CE.NFO,07/10/2022,09:32:22,76.3,76.3,700,76.4,500,5750,4771350
NIFTY13OCT2217400CE.NFO,07/10/2022,09:32:22,76.3,76.3,700,76.4,500,0,4771350
NIFTY13OCT2217400CE.NFO,07/10/2022,09:32:23,76.2,76.2,650,76.35,50,10500,4771350
NIFTY13OCT2217400CE.NFO,07/10/2022,09:32:23,76.05,76.2,650,76.35,50,0,4771350
NIFTY13OCT2217400CE.NFO,07/10/2022,09:32:25,75.5,75.35,200,75.5,50,21750,4771350
NIFTY13OCT2217400CE.NFO,07/10/2022,09:32:25,75.25,75.35,200,75.5,50,0,4771350
NIFTY13OCT2217400CE.NFO,07/10/2022,09:32:26,76.45,76.35,200,76.5,100,6900,4771350
NIFTY13OCT2217400CE.NFO,07/10/2022,09:32:27,77.05,77.1,100,77.25,700,12250,4771350
NIFTY13OCT2217400CE.NFO,07/10/2022,09:32:28,76.3,76.25,900,76.4,650,10800,4771350
NIFTY13OCT2217400CE.NFO,07/10/2022,09:32:29,76.2,76.15,100,76.2,2550,5050,4771350
NIFTY13OCT2217400CE.NFO,07/10/2022,09:32:29,76.15,76.1,50,76.2,2350,2150,4771350
NIFTY13OCT2217400CE.NFO,07/10/2022,09:32:30,76.65,76.65,950,76.85,800,11050,4771350
NIFTY13OCT2217400CE.NFO,07/10/2022,09:32:31,76.75,76.75,500,76.9,1150,2000,4771350
NIFTY13OCT2217400CE.NFO,07/10/2022,09:32:33,76.7,76.75,300,76.95,400,5600,4771350
NIFTY13OCT2217400CE.NFO,07/10/2022,09:32:34,77.2,77.2,2900,77.5,300,13800,4771350
NIFTY13OCT2217400CE.NFO,07/10/2022,09:32:35,78.55,78.55,100,78.6,50,9400,4771350
NIFTY13OCT2217400CE.NFO,07/10/2022,09:32:36,77.2,77.2,50,77.35,200,21200,4771350
NIFTY13OCT2217400CE.NFO,07/10/2022,09:32:37,77.6,77.4,2600,77.65,850,4800,4771350
NIFTY13OCT2217400CE.NFO,07/10/2022,09:32:38,77.5,77.45,50,77.5,1100,5750,4771350
NIFTY13OCT2217400CE.NFO,07/10/2022,09:32:40,77.55,77.4,700,77.6,850,6150,4771350
NIFTY13OCT2217400CE.NFO,07/10/2022,09:32:41,77.45,77.4,50,77.45,500,5550,4771350
NIFTY13OCT2217400CE.NFO,07/10/2022,09:32:42,77.25,77.3,50,77.35,100,9450,4771350
NIFTY13OCT2217400CE.NFO,07/10/2022,09:32:42,77.1,77.2,100,77.25,300,1000,4771350
NIFTY13OCT2217400CE.NFO,07/10/2022,09:32:43,77.8,77.7,150,77.85,50,3700,4771350
NIFTY13OCT2217400CE.NFO,07/10/2022,09:32:44,77.3,77.25,50,77.3,2500,3750,4771350
NIFTY13OCT2217400CE.NFO,07/10/2022,09:32:46,77.7,77.45,700,77.65,500,6350,4771350
NIFTY13OCT2217400CE.NFO,07/10/2022,09:32:47,77.45,77.4,750,77.6,900,5100,4771350
NIFTY13OCT2217400CE.NFO,07/10/2022,09:32:48,77.45,77.45,750,77.55,2000,5200,4771350
NIFTY13OCT2217400CE.NFO,07/10/2022,09:32:48,77.65,77.5,150,77.65,200,2000,4771350
NIFTY13OCT2217400CE.NFO,07/10/2022,09:32:49,77.3,77.25,150,77.3,1350,6650,4771350
NIFTY13OCT2217400CE.NFO,07/10/2022,09:32:50,77.55,77.4,700,77.6,1750,4450,4771350
NIFTY13OCT2217400CE.NFO,07/10/2022,09:32:51,77.35,77.15,2900,77.35,400,4400,4771350
NIFTY13OCT2217400CE.NFO,07/10/2022,09:32:52,77.4,77.25,700,77.4,200,5750,4771350
NIFTY13OCT2217400CE.NFO,07/10/2022,09:32:53,77.3,77.25,400,77.3,350,4150,4771350
NIFTY13OCT2217400CE.NFO,07/10/2022,09:32:55,77.1,77,100,77.1,250,20450,4771350
NIFTY13OCT2217400CE.NFO,07/10/2022,09:32:56,77.15,77,600,77.15,50,9100,4771350
NIFTY13OCT2217400CE.NFO,07/10/2022,09:32:57,76.9,76.7,200,76.9,500,12550,4771350
NIFTY13OCT2217400CE.NFO,07/10/2022,09:32:57,76.9,76.8,350,76.95,200,100,4771350
NIFTY13OCT2217400CE.NFO,07/10/2022,09:32:58,77,76.75,650,76.95,900,2800,4771350
NIFTY13OCT2217400CE.NFO,07/10/2022,09:32:59,76.9,76.85,200,76.9,2350,7300,4771350
NIFTY13OCT2217400CE.NFO,07/10/2022,09:33:00,76.6,76.6,700,76.75,300,6200,4771350
NIFTY13OCT2217400CE.NFO,07/10/2022,09:33:02,76.95,76.95,50,77.1,2850,5950,4771350
NIFTY13OCT2217400CE.NFO,07/10/2022,09:33:03,76.95,76.9,50,77,300,5750,4771350
NIFTY13OCT2217400CE.NFO,07/10/2022,09:33:04,77,76.85,100,77,1650,8950,4771350
NIFTY13OCT2217400CE.NFO,07/10/2022,09:33:04,77.05,76.95,100,77.05,350,350,4771350
NIFTY13OCT2217400CE.NFO,07/10/2022,09:33:05,77,77,950,77.1,200,4950,4771350
NIFTY13OCT2217400CE.NFO,07/10/2022,09:33:06,76.95,76.75,850,76.95,800,10000,4771350
NIFTY13OCT2217400CE.NFO,07/10/2022,09:33:07,76.95,76.8,100,77,750,4950,4771350
NIFTY13OCT2217400CE.NFO,07/10/2022,09:33:09,76.9,76.8,50,76.9,2050,2600,4771350
NIFTY13OCT2217400CE.NFO,07/10/2022,09:33:10,77,76.85,150,76.95,1100,4250,4771350
NIFTY13OCT2217400CE.NFO,07/10/2022,09:33:11,78.2,78.1,700,78.3,100,11100,4771350
NIFTY13OCT2217400CE.NFO,07/10/2022,09:33:11,78.4,78.25,800,78.4,350,400,4771350
NIFTY13OCT2217400CE.NFO,07/10/2022,09:33:12,77.9,77.6,600,77.8,1000,11450,4771350
NIFTY13OCT2217400CE.NFO,07/10/2022,09:33:14,77.85,77.85,1850,78,200,7600,4771350
NIFTY13OCT2217400CE.NFO,07/10/2022,09:33:15,77.8,77.6,1800,77.8,2500,8700,4771350
NIFTY13OCT2217400CE.NFO,07/10/2022,09:33:16,78.05,78.05,1200,78.2,500,2550,4771350
NIFTY13OCT2217400CE.NFO,07/10/2022,09:33:17,78.2,78,50,78.05,200,5900,4771350
NIFTY13OCT2217400CE.NFO,07/10/2022,09:33:17,78,77.85,100,77.95,50,1400,4771350
NIFTY13OCT2217400CE.NFO,07/10/2022,09:33:18,77.8,77.75,1100,77.8,200,1900,4771350
NIFTY13OCT2217400CE.NFO,07/10/2022,09:33:19,77.7,77.6,150,77.7,3450,9750,4771350
NIFTY13OCT2217400CE.NFO,07/10/2022,09:33:20,77.55,77.55,50,77.7,150,2500,4771350
NIFTY13OCT2217400CE.NFO,07/10/2022,09:33:21,77.9,77.75,250,77.9,2450,5050,4771350
NIFTY13OCT2217400CE.NFO,07/10/2022,09:33:22,78.1,77.85,1150,78.05,750,3850,4771350
NIFTY13OCT2217400CE.NFO,07/10/2022,09:33:23,77.85,77.8,100,77.85,2200,3600,4771350
NIFTY13OCT2217400CE.NFO,07/10/2022,09:33:24,77.85,77.8,150,77.95,200,4900,4771350
NIFTY13OCT2217400CE.NFO,07/10/2022,09:33:25,77.95,77.9,50,77.95,900,3700,4771350
NIFTY13OCT2217400CE.NFO,07/10/2022,09:33:26,77.9,77.85,450,77.9,1150,4800,4771350
NIFTY13OCT2217400CE.NFO,07/10/2022,09:33:27,78,77.8,900,78,1450,3600,4771350
NIFTY13OCT2217400CE.NFO,07/10/2022,09:33:29,78.2,78,550,78.15,350,5100,4771350
NIFTY13OCT2217400CE.NFO,07/10/2022,09:33:29,78.25,78.2,200,78.25,50,150,4771350
NIFTY13OCT2217400CE.NFO,07/10/2022,09:33:30,78.35,78.3,250,78.5,900,6650,4771350
NIFTY13OCT2217400CE.NFO,07/10/2022,09:33:31,78.25,78.25,200,78.35,250,6600,4771350
NIFTY13OCT2217400CE.NFO,07/10/2022,09:33:32,78.3,78.3,150,78.5,750,2600,4771350
NIFTY13OCT2217400CE.NFO,07/10/2022,09:33:33,78.6,78.45,50,78.6,950,5700,4771350
NIFTY13OCT2217400CE.NFO,07/10/2022,09:33:34,78.7,78.6,200,78.75,150,5050,4771350
NIFTY13OCT2217400CE.NFO,07/10/2022,09:33:35,79,78.9,150,79,1100,3250,4771350
NIFTY13OCT2217400CE.NFO,07/10/2022,09:33:36,78.75,78.6,50,78.8,1600,8600,4771350
NIFTY13OCT2217400CE.NFO,07/10/2022,09:33:37,78.7,78.6,150,78.7,150,2200,4771350
NIFTY13OCT2217400CE.NFO,07/10/2022,09:33:38,78.6,78.65,50,78.8,1250,10000,4771350
NIFTY13OCT2217400CE.NFO,07/10/2022,09:33:40,78.85,78.75,1050,78.85,50,3550,4771350
NIFTY13OCT2217400CE.NFO,07/10/2022,09:33:41,78.95,78.8,50,78.95,200,4050,4771350
NIFTY13OCT2217400CE.NFO,07/10/2022,09:33:42,79,78.95,50,79,1000,6450,4771350
NIFTY13OCT2217400CE.NFO,07/10/2022,09:33:43,79.05,78.9,1200,79.05,100,3000,4771350
NIFTY13OCT2217400CE.NFO,07/10/2022,09:33:43,78.95,78.95,1000,79.1,250,300,4771350
NIFTY13OCT2217400CE.NFO,07/10/2022,09:33:44,79,79,200,79.2,1000,4000,4771350
NIFTY13OCT2217400CE.NFO,07/10/2022,09:33:45,79,78.85,950,79,2250,5200,4771350
NIFTY13OCT2217400CE.NFO,07/10/2022,09:33:46,79.15,79,1100,79.2,100,6350,4771350
NIFTY13OCT2217400CE.NFO,07/10/2022,09:33:47,79,78.95,150,79.05,50,2400,4771350
NIFTY13OCT2217400CE.NFO,07/10/2022,09:33:48,79.15,79.05,2200,79.25,50,3900,4771350
NIFTY13OCT2217400CE.NFO,07/10/2022,09:33:50,79.2,79.15,100,79.2,100,2050,4771350
NIFTY13OCT2217400CE.NFO,07/10/2022,09:33:51,79.05,79.05,950,79.2,700,5300,4771350
NIFTY13OCT2217400CE.NFO,07/10/2022,09:33:52,79.8,79.6,100,79.75,250,11850,4771350
NIFTY13OCT2217400CE.NFO,07/10/2022,09:33:53,79.3,79.15,200,79.3,300,6300,4771350
NIFTY13OCT2217400CE.NFO,07/10/2022,09:33:53,79.3,79.15,50,79.3,650,1550,4771350
NIFTY13OCT2217400CE.NFO,07/10/2022,09:33:54,79,78.9,50,78.95,50,7050,4771350
NIFTY13OCT2217400CE.NFO,07/10/2022,09:33:55,78.8,78.7,150,78.8,1650,4900,4771350
NIFTY13OCT2217400CE.NFO,07/10/2022,09:33:56,78.75,78.6,50,78.7,200,2700,4771350
NIFTY13OCT2217400CE.NFO,07/10/2022,09:33:58,78.15,78.1,50,78.15,50,9700,4771350
NIFTY13OCT2217400CE.NFO,07/10/2022,09:33:59,77.9,77.95,150,78,200,13050,4771350
NIFTY13OCT2217400CE.NFO,07/10/2022,09:33:59,78,77.9,50,78,650,150,4771350
NIFTY13OCT2217400CE.NFO,07/10/2022,09:34:00,77.2,77.3,50,77.35,250,6200,4771350
NIFTY13OCT2217400CE.NFO,07/10/2022,09:34:02,77.15,77.05,50,77.15,50,5950,4771350
NIFTY13OCT2217400CE.NFO,07/10/2022,09:34:03,77.15,77.05,400,77.2,450,5100,4771350
NIFTY13OCT2217400CE.NFO,07/10/2022,09:34:04,77.55,77.55,200,77.7,600,4000,4771350
NIFTY13OCT2217400CE.NFO,07/10/2022,09:34:05,77.8,77.6,150,77.75,100,1600,4771350
NIFTY13OCT2217400CE.NFO,07/10/2022,09:34:05,77.75,77.65,50,77.75,850,150,4771350
NIFTY13OCT2217400CE.NFO,07/10/2022,09:34:06,77.9,77.8,50,77.9,50,1850,4771350
NIFTY13OCT2217400CE.NFO,07/10/2022,09:34:07,77.6,77.55,200,77.7,100,2900,4771350
NIFTY13OCT2217400CE.NFO,07/10/2022,09:34:08,77.45,77.35,850,77.55,500,3800,4771350
NIFTY13OCT2217400CE.NFO,07/10/2022,09:34:09,77.4,77.35,800,77.5,50,5250,4771350
NIFTY13OCT2217400CE.NFO,07/10/2022,09:34:10,77.7,77.5,2200,77.7,350,1050,4771350
NIFTY13OCT2217400CE.NFO,07/10/2022,09:34:11,77.8,77.8,1000,77.9,50,3200,4771350
NIFTY13OCT2217400CE.NFO,07/10/2022,09:34:12,77.3,77.1,1100,77.3,1000,27250,4771350
NIFTY13OCT2217400CE.NFO,07/10/2022,09:34:13,77.35,77.05,800,77.25,1450,3850,4771350
NIFTY13OCT2217400CE.NFO,07/10/2022,09:34:14,77.05,77.05,150,77.2,650,5350,4771350
NIFTY13OCT2217400CE.NFO,07/10/2022,09:34:15,77.15,77.1,100,77.25,200,1800,4771350
NIFTY13OCT2217400CE.NFO,07/10/2022,09:34:17,77.1,77.25,200,77.4,700,7600,4771350
NIFTY13OCT2217400CE.NFO,07/10/2022,09:34:18,77.05,77,4150,77.15,50,2500,4771350
NIFTY13OCT2217400CE.NFO,07/10/2022,09:34:18,77.25,77.15,50,77.25,300,300,4771350
NIFTY13OCT2217400CE.NFO,07/10/2022,09:34:19,76.95,76.9,200,76.95,50,15800,4771350
NIFTY13OCT2217400CE.NFO,07/10/2022,09:34:20,77.7,77.75,50,77.9,1000,11800,4771350
NIFTY13OCT2217400CE.NFO,07/10/2022,09:34:21,77.15,77.2,350,77.35,1350,900,4771350
NIFTY13OCT2217400CE.NFO,07/10/2022,09:34:22,77.2,77.4,200,77.55,1350,3900,4771350
NIFTY13OCT2217400CE.NFO,07/10/2022,09:34:23,77.45,77.45,50,77.55,1650,1800,4771350
NIFTY13OCT2217400CE.NFO,07/10/2022,09:34:24,77.7,77.6,50,77.65,800,750,4771350
NIFTY13OCT2217400CE.NFO,07/10/2022,09:34:25,77.6,77.5,150,77.7,2400,2800,4771350
NIFTY13OCT2217400CE.NFO,07/10/2022,09:34:26,77.55,77.5,1600,77.7,900,1150,4771350
NIFTY13OCT2217400CE.NFO,07/10/2022,09:34:27,77.25,77.15,750,77.25,800,2650,4771350
NIFTY13OCT2217400CE.NFO,07/10/2022,09:34:28,77.45,77.2,400,77.4,650,1700,4771350
NIFTY13OCT2217400CE.NFO,07/10/2022,09:34:29,77.4,77.45,1450,77.65,500,2400,4771350
NIFTY13OCT2217400CE.NFO,07/10/2022,09:34:30,77.3,77.15,700,77.3,200,1100,4771350
NIFTY13OCT2217400CE.NFO,07/10/2022,09:34:31,77.3,77.2,100,77.35,1750,3100,4771350
NIFTY13OCT2217400CE.NFO,07/10/2022,09:34:32,77.5,77.3,550,77.5,1100,1000,4771350
NIFTY13OCT2217400CE.NFO,07/10/2022,09:34:33,77.6,77.55,200,77.75,1500,1450,4771350
NIFTY13OCT2217400CE.NFO,07/10/2022,09:34:34,77.75,77.75,150,77.9,1050,800,4771350
NIFTY13OCT2217400CE.NFO,07/10/2022,09:34:35,77.65,77.5,150,77.65,1650,1050,4771350
NIFTY13OCT2217400CE.NFO,07/10/2022,09:34:36,77.85,77.65,1650,77.85,1100,2850,4771350
NIFTY13OCT2217400CE.NFO,07/10/2022,09:34:37,78,78.05,100,78.15,50,6800,4771350
NIFTY13OCT2217400CE.NFO,07/10/2022,09:34:39,78.75,78.65,150,78.8,2200,3400,4771350
NIFTY13OCT2217400CE.NFO,07/10/2022,09:34:40,78.7,78.75,100,78.9,850,1650,4771350
NIFTY13OCT2217400CE.NFO,07/10/2022,09:34:41,79.45,79.35,150,79.5,650,8750,4771350
NIFTY13OCT2217400CE.NFO,07/10/2022,09:34:42,79.3,79.2,1550,79.4,2900,4250,4771350
NIFTY13OCT2217400CE.NFO,07/10/2022,09:34:43,79.35,79.15,2400,79.35,2000,1300,4771350
NIFTY13OCT2217400CE.NFO,07/10/2022,09:34:43,79.35,79.15,1600,79.25,50,50,4771350
NIFTY13OCT2217400CE.NFO,07/10/2022,09:34:44,79.15,79,750,79.2,3250,5550,4771350
NIFTY13OCT2217400CE.NFO,07/10/2022,09:34:45,79.15,79,1600,79.15,350,3800,4771350
NIFTY13OCT2217400CE.NFO,07/10/2022,09:34:47,79.3,79.1,50,79.25,2950,1900,4771350
NIFTY13OCT2217400CE.NFO,07/10/2022,09:34:48,79.15,78.95,1600,79.15,3500,1000,4771350
NIFTY13OCT2217400CE.NFO,07/10/2022,09:34:48,79.1,79.1,300,79.3,1950,300,4771350
NIFTY13OCT2217400CE.NFO,07/10/2022,09:34:49,79,78.95,200,79.15,1850,6250,4771350
NIFTY13OCT2217400CE.NFO,07/10/2022,09:34:50,79.05,78.9,1800,79.05,50,22500,4771350
NIFTY13OCT2217400CE.NFO,07/10/2022,09:34:51,79.1,78.95,400,79.1,2350,4400,4771350
NIFTY13OCT2217400CE.NFO,07/10/2022,09:34:52,79,79,450,79.1,350,3600,4771350
NIFTY13OCT2217400CE.NFO,07/10/2022,09:34:53,79.4,79.15,150,79.35,600,900,4771350
NIFTY13OCT2217400CE.NFO,07/10/2022,09:34:54,79.2,79.1,600,79.25,50,6800,4771350
NIFTY13OCT2217400CE.NFO,07/10/2022,09:34:56,79.25,79.1,1200,79.25,950,2150,4771350
NIFTY13OCT2217400CE.NFO,07/10/2022,09:34:57,79,79,350,79.2,4600,2000,4771350
NIFTY13OCT2217400CE.NFO,07/10/2022,09:34:58,79,78.9,1950,79,50,3000,4771350
NIFTY13OCT2217400CE.NFO,07/10/2022,09:34:59,79.45,79.25,250,79.45,1600,2050,4771350
NIFTY13OCT2217400CE.NFO,07/10/2022,09:34:59,79.4,79.25,2100,79.4,450,50,4771350
NIFTY13OCT2217400CE.NFO,07/10/2022,09:35:00,79.45,79.35,300,79.5,250,4050,4771350
NIFTY13OCT2217400CE.NFO,07/10/2022,09:35:01,79.25,79.25,300,79.4,1050,2700,4771350
NIFTY13OCT2217400CE.NFO,07/10/2022,09:35:02,79.2,79,1950,79.15,450,4000,4771350
NIFTY13OCT2217400CE.NFO,07/10/2022,09:35:03,79.15,79.05,50,79.15,150,4300,4771350
