Ticker,Date,Time,LTP,BuyPrice,BuyQty,SellPrice,SellQty,LTQ,OpenInterest
NIFTY13OCT2217400PE.NFO,07/10/2022,09:15:00,218.2,214,450,225.3,50,3550,1999200
NIFTY13OCT2217400PE.NFO,07/10/2022,09:15:00,218.2,214,450,225.3,50,0,1999200
NIFTY13OCT2217400PE.NFO,07/10/2022,09:15:00,228.95,214,450,225.3,50,0,1999200
NIFTY13OCT2217400PE.NFO,07/10/2022,09:15:00,212.35,214,450,225.3,50,0,1999200
NIFTY13OCT2217400PE.NFO,07/10/2022,09:15:01,223.45,223.55,300,224.7,450,1450,1999200
NIFTY13OCT2217400PE.NFO,07/10/2022,09:15:03,219.95,219,50,220,100,12650,1999200
NIFTY13OCT2217400PE.NFO,07/10/2022,09:15:04,221.8,218.75,450,222.3,150,20400,1999200
NIFTY13OCT2217400PE.NFO,07/10/2022,09:15:05,220.6,220.7,100,221.9,50,17350,1999200
NIFTY13OCT2217400PE.NFO,07/10/2022,09:15:07,224.95,224.25,150,226.05,350,8750,1999200
NIFTY13OCT2217400PE.NFO,07/10/2022,09:15:08,226.95,226.2,150,228.1,400,8050,1999200
NIFTY13OCT2217400PE.NFO,07/10/2022,09:15:09,227.1,225.95,100,227.45,50,7850,1999200
NIFTY13OCT2217400PE.NFO,07/10/2022,09:15:10,225.8,225.7,400,226.75,50,10550,1999200
NIFTY13OCT2217400PE.NFO,07/10/2022,09:15:11,224.65,225.05,50,225.95,50,6750,1999200
NIFTY13OCT2217400PE.NFO,07/10/2022,09:15:13,225.8,225.7,250,226.4,200,8950,1999200
NIFTY13OCT2217400PE.NFO,07/10/2022,09:15:14,224.75,224,400,224.75,50,5550,1999200
NIFTY13OCT2217400PE.NFO,07/10/2022,09:15:15,224.8,224.65,50,225.2,200,11300,1999200
NIFTY13OCT2217400PE.NFO,07/10/2022,09:15:16,223.6,223.7,250,223.95,50,7650,1999200
NIFTY13OCT2217400PE.NFO,07/10/2022,09:15:17,219,219,350,219.7,550,8100,1999200
NIFTY13OCT2217400PE.NFO,07/10/2022,09:15:19,218.65,218.45,50,219.1,200,5050,1999200
NIFTY13OCT2217400PE.NFO,07/10/2022,09:15:20,215,214.9,200,215.6,200,9700,1999200
NIFTY13OCT2217400PE.NFO,07/10/2022,09:15:21,214.2,213.7,50,214.25,50,9100,1999200
NIFTY13OCT2217400PE.NFO,07/10/2022,09:15:22,214.5,214.5,50,214.75,50,13550,1999200
NIFTY13OCT2217400PE.NFO,07/10/2022,09:15:23,215.95,215.95,750,216.35,450,13200,1999200
NIFTY13OCT2217400PE.NFO,07/10/2022,09:15:25,222.3,221.6,250,222.3,500,7750,1999200
NIFTY13OCT2217400PE.NFO,07/10/2022,09:15:26,221.4,220.8,600,221.35,50,7000,1999200
NIFTY13OCT2217400PE.NFO,07/10/2022,09:15:27,220.9,220.9,50,221.5,400,19800,1999200
NIFTY13OCT2217400PE.NFO,07/10/2022,09:15:28,217.3,217.2,200,217.75,150,7600,1999200
NIFTY13OCT2217400PE.NFO,07/10/2022,09:15:29,217.7,217.05,100,217.7,150,14800,1999200
NIFTY13OCT2217400PE.NFO,07/10/2022,09:15:30,216.9,216.15,100,217.45,150,17400,1999200
NIFTY13OCT2217400PE.NFO,07/10/2022,09:15:31,217.6,218,200,218.5,50,4900,1999200
NIFTY13OCT2217400PE.NFO,07/10/2022,09:15:33,218.1,217.6,350,218.55,50,20400,1999200
NIFTY13OCT2217400PE.NFO,07/10/2022,09:15:34,217.1,217.05,350,217.8,650,6550,1999200
NIFTY13OCT2217400PE.NFO,07/10/2022,09:15:35,216,216,50,216.5,200,6400,1999200
NIFTY13OCT2217400PE.NFO,07/10/2022,09:15:36,215.9,215.3,200,215.9,150,7500,1999200
NIFTY13OCT2217400PE.NFO,07/10/2022,09:15:37,213.95,214.1,200,214.5,200,8700,1999200
NIFTY13OCT2217400PE.NFO,07/10/2022,09:15:39,212.75,212.7,550,213.45,100,5300,1999200
NIFTY13OCT2217400PE.NFO,07/10/2022,09:15:40,212.6,212.6,200,213.15,550,3500,1999200
NIFTY13OCT2217400PE.NFO,07/10/2022,09:15:40,212.1,212.6,200,213.15,550,0,1999200
NIFTY13OCT2217400PE.NFO,07/10/2022,09:15:41,212.4,211.8,250,212.35,200,4650,1999200
NIFTY13OCT2217400PE.NFO,07/10/2022,09:15:41,211.2,211.8,250,212.35,200,0,1999200
NIFTY13OCT2217400PE.NFO,07/10/2022,09:15:42,211.3,211.7,250,212.3,200,4150,1999200
NIFTY13OCT2217400PE.NFO,07/10/2022,09:15:42,211.05,211.7,250,212.3,200,0,1999200
NIFTY13OCT2217400PE.NFO,07/10/2022,09:15:43,215.3,215.6,400,215.9,50,8850,1999200
NIFTY13OCT2217400PE.NFO,07/10/2022,09:15:44,216.55,216,400,216.55,50,2400,1999200
NIFTY13OCT2217400PE.NFO,07/10/2022,09:15:45,216.05,216.3,200,216.85,100,4750,1999200
NIFTY13OCT2217400PE.NFO,07/10/2022,09:15:47,215.1,215.25,100,215.8,200,4400,1999200
NIFTY13OCT2217400PE.NFO,07/10/2022,09:15:48,213.65,213.6,200,214.2,200,3300,1999200
NIFTY13OCT2217400PE.NFO,07/10/2022,09:15:49,211.6,211,900,211.6,150,6900,1999200
NIFTY13OCT2217400PE.NFO,07/10/2022,09:15:50,211,210.4,200,211,50,6850,1999200
NIFTY13OCT2217400PE.NFO,07/10/2022,09:15:50,210.1,210.4,200,211,50,0,1999200
NIFTY13OCT2217400PE.NFO,07/10/2022,09:15:51,211.9,211.2,200,211.8,200,2450,1999200
NIFTY13OCT2217400PE.NFO,07/10/2022,09:15:52,210.2,210.2,200,210.9,200,4700,1999200
NIFTY13OCT2217400PE.NFO,07/10/2022,09:15:52,210,210.2,200,210.9,200,0,1999200
NIFTY13OCT2217400PE.NFO,07/10/2022,09:15:53,210.95,211,200,211.5,50,1900,1999200
NIFTY13OCT2217400PE.NFO,07/10/2022,09:15:54,211.3,210.85,100,211.2,200,3050,1999200
NIFTY13OCT2217400PE.NFO,07/10/2022,09:15:56,211.5,211.6,200,212,300,7900,1999200
NIFTY13OCT2217400PE.NFO,07/10/2022,09:15:57,211.45,210.85,100,211.45,450,3700,1999200
NIFTY13OCT2217400PE.NFO,07/10/2022,09:15:58,211.2,211.2,450,211.9,250,3000,1999200
NIFTY13OCT2217400PE.NFO,07/10/2022,09:15:59,212.9,212.55,100,212.85,100,1650,1999200
NIFTY13OCT2217400PE.NFO,07/10/2022,09:16:00,213.15,213.1,50,213.5,450,2800,1999200
NIFTY13OCT2217400PE.NFO,07/10/2022,09:16:01,215,214.65,50,215,600,3650,1999200
NIFTY13OCT2217400PE.NFO,07/10/2022,09:16:02,216.7,216,100,216.4,150,7600,1999200
NIFTY13OCT2217400PE.NFO,07/10/2022,09:16:04,218.1,217.7,50,218.15,100,5050,1999200
NIFTY13OCT2217400PE.NFO,07/10/2022,09:16:05,217,216.55,50,217,250,3550,1999200
NIFTY13OCT2217400PE.NFO,07/10/2022,09:16:06,218.8,218.25,100,218.8,150,9950,1999200
NIFTY13OCT2217400PE.NFO,07/10/2022,09:16:07,216.35,216.05,50,216.45,50,7400,1999200
NIFTY13OCT2217400PE.NFO,07/10/2022,09:16:08,217.2,216.75,50,217.2,200,1950,1999200
NIFTY13OCT2217400PE.NFO,07/10/2022,09:16:09,217.9,217.5,250,218.05,50,1400,1999200
NIFTY13OCT2217400PE.NFO,07/10/2022,09:16:10,217.5,217.45,100,217.9,50,2250,1999200
NIFTY13OCT2217400PE.NFO,07/10/2022,09:16:11,217.7,217.7,200,218,200,2550,1999200
NIFTY13OCT2217400PE.NFO,07/10/2022,09:16:13,219.2,219.25,50,219.65,50,6050,1999200
NIFTY13OCT2217400PE.NFO,07/10/2022,09:16:14,221.7,221.75,50,222,1100,7550,1999200
NIFTY13OCT2217400PE.NFO,07/10/2022,09:16:15,225.5,225.65,50,226.2,50,9950,1999200
NIFTY13OCT2217400PE.NFO,07/10/2022,09:16:16,223.9,223.7,200,224.2,200,4200,1999200
NIFTY13OCT2217400PE.NFO,07/10/2022,09:16:17,222,221.25,150,221.75,50,3000,1999200
NIFTY13OCT2217400PE.NFO,07/10/2022,09:16:18,221.8,221.65,50,222.15,50,3900,1999200
NIFTY13OCT2217400PE.NFO,07/10/2022,09:16:20,224.15,223.8,200,224.3,50,10150,1999200
NIFTY13OCT2217400PE.NFO,07/10/2022,09:16:21,223.75,223.2,50,223.7,100,2850,1999200
NIFTY13OCT2217400PE.NFO,07/10/2022,09:16:22,223.05,222.65,50,223.2,500,2250,1999200
NIFTY13OCT2217400PE.NFO,07/10/2022,09:16:23,223.7,223.2,750,223.55,250,3900,1999200
NIFTY13OCT2217400PE.NFO,07/10/2022,09:16:24,222.75,222.85,100,223.35,50,4850,1999200
NIFTY13OCT2217400PE.NFO,07/10/2022,09:16:25,222.55,222.25,100,222.65,50,22800,1999200
NIFTY13OCT2217400PE.NFO,07/10/2022,09:16:26,222.05,221.5,200,221.9,50,2800,1999200
NIFTY13OCT2217400PE.NFO,07/10/2022,09:16:27,218.85,218.8,100,219.35,250,5600,1999200
NIFTY13OCT2217400PE.NFO,07/10/2022,09:16:28,218.7,218.25,100,218.7,50,6350,1999200
NIFTY13OCT2217400PE.NFO,07/10/2022,09:16:29,218.25,218.45,50,218.9,100,5900,1999200
NIFTY13OCT2217400PE.NFO,07/10/2022,09:16:30,223.3,222.65,250,223.1,50,3950,1999200
NIFTY13OCT2217400PE.NFO,07/10/2022,09:16:32,224.9,224.8,50,225,950,2700,1999200
NIFTY13OCT2217400PE.NFO,07/10/2022,09:16:33,221.6,221.7,50,222.25,50,5500,1999200
NIFTY13OCT2217400PE.NFO,07/10/2022,09:16:34,222.3,221.85,200,222.35,50,3050,1999200
NIFTY13OCT2217400PE.NFO,07/10/2022,09:16:35,220.6,220.95,200,221.05,250,3900,1999200
NIFTY13OCT2217400PE.NFO,07/10/2022,09:16:36,220.75,220.25,100,220.75,50,3950,1999200
NIFTY13OCT2217400PE.NFO,07/10/2022,09:16:37,220,220.1,200,220.35,50,7350,1999200
NIFTY13OCT2217400PE.NFO,07/10/2022,09:16:38,221.2,221.35,200,221.6,200,4100,1999200
NIFTY13OCT2217400PE.NFO,07/10/2022,09:16:39,220.6,220.6,150,220.85,50,2350,1999200
NIFTY13OCT2217400PE.NFO,07/10/2022,09:16:41,221.9,221.65,200,222.05,50,5450,1999200
NIFTY13OCT2217400PE.NFO,07/10/2022,09:16:42,223.5,223.4,50,223.95,100,7650,1999200
NIFTY13OCT2217400PE.NFO,07/10/2022,09:16:43,225,224.95,100,225,250,3000,1999200
NIFTY13OCT2217400PE.NFO,07/10/2022,09:16:44,224.15,224.2,50,224.7,250,5350,1999200
NIFTY13OCT2217400PE.NFO,07/10/2022,09:16:45,224.6,224.65,100,225,50,3900,1999200
NIFTY13OCT2217400PE.NFO,07/10/2022,09:16:46,224.25,224.05,50,224.3,300,2400,1999200
NIFTY13OCT2217400PE.NFO,07/10/2022,09:16:47,224.4,224,50,224.4,100,1700,1999200
NIFTY13OCT2217400PE.NFO,07/10/2022,09:16:48,225.1,224.6,50,225.05,50,5400,1999200
NIFTY13OCT2217400PE.NFO,07/10/2022,09:16:49,224.2,223.9,100,224.3,150,2550,1999200
NIFTY13OCT2217400PE.NFO,07/10/2022,09:16:50,222.45,222.85,150,223.4,250,3400,1999200
NIFTY13OCT2217400PE.NFO,07/10/2022,09:16:51,222.8,222.95,100,223.3,200,3700,1999200
NIFTY13OCT2217400PE.NFO,07/10/2022,09:16:52,222.9,222.5,50,223,200,1750,1999200
NIFTY13OCT2217400PE.NFO,07/10/2022,09:16:53,221.6,221.2,50,221.75,250,2450,1999200
NIFTY13OCT2217400PE.NFO,07/10/2022,09:16:55,223,222.9,50,223.3,200,5800,1999200
NIFTY13OCT2217400PE.NFO,07/10/2022,09:16:56,223.4,222.9,50,223.3,200,4100,1999200
NIFTY13OCT2217400PE.NFO,07/10/2022,09:16:57,224.6,224.2,100,224.65,400,4900,1999200
NIFTY13OCT2217400PE.NFO,07/10/2022,09:16:58,224.1,223.8,50,224.35,100,4250,1999200
NIFTY13OCT2217400PE.NFO,07/10/2022,09:16:59,223.5,223.1,50,223.5,100,4850,1999200
NIFTY13OCT2217400PE.NFO,07/10/2022,09:17:00,223.3,223.1,50,223.55,50,6550,1999200
NIFTY13OCT2217400PE.NFO,07/10/2022,09:17:01,222.95,223,50,223.45,100,6400,1999200
NIFTY13OCT2217400PE.NFO,07/10/2022,09:17:02,225.2,225.3,100,225.55,150,9850,1999200
NIFTY13OCT2217400PE.NFO,07/10/2022,09:17:03,225.8,225.35,250,225.65,50,8050,1999200
NIFTY13OCT2217400PE.NFO,07/10/2022,09:17:05,223.95,223.7,200,224.2,300,6150,1999200
NIFTY13OCT2217400PE.NFO,07/10/2022,09:17:06,226.9,226.85,100,227,650,8400,1999200
NIFTY13OCT2217400PE.NFO,07/10/2022,09:17:07,227.3,227.6,50,228,500,7100,1999200
NIFTY13OCT2217400PE.NFO,07/10/2022,09:17:08,226.8,227.5,200,227.9,50,7250,1999200
NIFTY13OCT2217400PE.NFO,07/10/2022,09:17:09,229.9,229.8,200,230,50,34400,1999200
NIFTY13OCT2217400PE.NFO,07/10/2022,09:17:09,231,229.8,200,230,50,0,1999200
NIFTY13OCT2217400PE.NFO,07/10/2022,09:17:10,228.5,227.55,100,227.85,300,6950,1999200
NIFTY13OCT2217400PE.NFO,07/10/2022,09:17:12,226.15,225.6,150,226.1,50,36400,1999200
NIFTY13OCT2217400PE.NFO,07/10/2022,09:17:13,228.75,229.25,200,229.7,500,5350,1999200
NIFTY13OCT2217400PE.NFO,07/10/2022,09:17:14,229.45,229.15,150,229.65,1150,2800,1999200
NIFTY13OCT2217400PE.NFO,07/10/2022,09:17:15,226.5,226.05,150,226.6,850,3650,1999200
NIFTY13OCT2217400PE.NFO,07/10/2022,09:17:17,226.2,226.1,200,226.65,100,6300,2056300
NIFTY13OCT2217400PE.NFO,07/10/2022,09:17:18,225.55,225.55,50,226.1,150,2400,2056300
NIFTY13OCT2217400PE.NFO,07/10/2022,09:17:19,225.7,225.85,150,226.4,700,4550,2056300
NIFTY13OCT2217400PE.NFO,07/10/2022,09:17:20,225.7,225.1,200,225.6,50,3650,2056300
NIFTY13OCT2217400PE.NFO,07/10/2022,09:17:21,225.55,225.55,50,226,100,13400,2056300
NIFTY13OCT2217400PE.NFO,07/10/2022,09:17:23,224.9,224.95,100,225.45,50,3000,2056300
NIFTY13OCT2217400PE.NFO,07/10/2022,09:17:24,226.05,225.65,150,226.15,100,1950,2056300
NIFTY13OCT2217400PE.NFO,07/10/2022,09:17:25,223.9,224.05,150,224.5,200,1400,2056300
NIFTY13OCT2217400PE.NFO,07/10/2022,09:17:26,224.85,224.7,150,224.85,50,5950,2056300
NIFTY13OCT2217400PE.NFO,07/10/2022,09:17:27,225.45,224.85,250,225.3,150,3050,2056300
NIFTY13OCT2217400PE.NFO,07/10/2022,09:17:29,223.85,223.55,100,224,400,3000,2056300
NIFTY13OCT2217400PE.NFO,07/10/2022,09:17:30,223.7,223.05,50,223.5,200,5100,2056300
NIFTY13OCT2217400PE.NFO,07/10/2022,09:17:31,221.8,221.25,150,221.8,50,4000,2056300
NIFTY13OCT2217400PE.NFO,07/10/2022,09:17:32,221.1,221,250,221.25,150,4950,2056300
NIFTY13OCT2217400PE.NFO,07/10/2022,09:17:33,220.95,220.75,50,220.9,50,650,2056300
NIFTY13OCT2217400PE.NFO,07/10/2022,09:17:35,220.5,220.35,100,220.5,250,2200,2056300
NIFTY13OCT2217400PE.NFO,07/10/2022,09:17:36,220,220,4950,220.6,1550,4150,2056300
NIFTY13OCT2217400PE.NFO,07/10/2022,09:17:37,220.6,220.75,50,221.1,1650,4550,2056300
NIFTY13OCT2217400PE.NFO,07/10/2022,09:17:38,221.2,221.1,200,221.2,350,10850,2056300
NIFTY13OCT2217400PE.NFO,07/10/2022,09:17:39,220.5,220.45,50,220.85,100,3350,2056300
NIFTY13OCT2217400PE.NFO,07/10/2022,09:17:41,220.45,220.1,150,220.45,1500,10900,2056300
NIFTY13OCT2217400PE.NFO,07/10/2022,09:17:42,220.9,220.8,200,221.3,150,9200,2056300
NIFTY13OCT2217400PE.NFO,07/10/2022,09:17:43,221.45,221.15,150,221.45,250,1800,2056300
NIFTY13OCT2217400PE.NFO,07/10/2022,09:17:44,221.15,221.15,50,221.55,500,9800,2056300
NIFTY13OCT2217400PE.NFO,07/10/2022,09:17:45,221.95,221.7,150,222.1,500,5350,2056300
NIFTY13OCT2217400PE.NFO,07/10/2022,09:17:46,222.25,221.7,50,222.1,150,3050,2056300
NIFTY13OCT2217400PE.NFO,07/10/2022,09:17:47,223.6,223.65,50,224.05,150,1300,2056300
NIFTY13OCT2217400PE.NFO,07/10/2022,09:17:48,225,225.15,100,225.4,50,1250,2056300
NIFTY13OCT2217400PE.NFO,07/10/2022,09:17:50,223.35,223.3,550,223.75,50,1200,2056300
NIFTY13OCT2217400PE.NFO,07/10/2022,09:17:51,222.65,222.3,300,222.7,50,2200,2056300
NIFTY13OCT2217400PE.NFO,07/10/2022,09:17:52,223,223.55,50,223.95,50,550,2056300
NIFTY13OCT2217400PE.NFO,07/10/2022,09:17:53,223.65,223.5,150,223.75,50,800,2056300
NIFTY13OCT2217400PE.NFO,07/10/2022,09:17:54,221.45,221.25,50,221.75,150,3050,2056300
NIFTY13OCT2217400PE.NFO,07/10/2022,09:17:55,220.45,220.4,50,220.6,50,2400,2056300
NIFTY13OCT2217400PE.NFO,07/10/2022,09:17:56,220.6,220.8,200,221.2,150,700,2056300
NIFTY13OCT2217400PE.NFO,07/10/2022,09:17:58,220.8,220.45,50,220.7,200,4500,2056300
NIFTY13OCT2217400PE.NFO,07/10/2022,09:17:59,220.5,220.1,200,220.55,150,1400,2056300
NIFTY13OCT2217400PE.NFO,07/10/2022,09:18:00,220,220,1900,220.4,150,3050,2056300
NIFTY13OCT2217400PE.NFO,07/10/2022,09:18:01,221.1,221.1,50,221.45,150,3550,2056300
NIFTY13OCT2217400PE.NFO,07/10/2022,09:18:02,220.4,220.5,200,220.95,150,3250,2056300
NIFTY13OCT2217400PE.NFO,07/10/2022,09:18:03,220.6,220.4,100,220.7,50,3050,2056300
NIFTY13OCT2217400PE.NFO,07/10/2022,09:18:04,220.6,220.55,200,220.9,100,750,2056300
NIFTY13OCT2217400PE.NFO,07/10/2022,09:18:05,219.4,219.3,300,219.55,150,4300,2056300
NIFTY13OCT2217400PE.NFO,07/10/2022,09:18:07,219,219.1,550,219.55,150,2950,2056300
NIFTY13OCT2217400PE.NFO,07/10/2022,09:18:08,219.1,219.05,150,219.5,50,950,2056300
NIFTY13OCT2217400PE.NFO,07/10/2022,09:18:09,218.5,218,200,218.35,200,3850,2056300
NIFTY13OCT2217400PE.NFO,07/10/2022,09:18:10,216.2,216.05,200,216.35,50,2750,2056300
NIFTY13OCT2217400PE.NFO,07/10/2022,09:18:11,215.95,215.9,300,216.35,150,3250,2056300
NIFTY13OCT2217400PE.NFO,07/10/2022,09:18:12,219,219,50,219.25,500,3700,2056300
NIFTY13OCT2217400PE.NFO,07/10/2022,09:18:14,218.1,218.05,50,218.45,50,4050,2056300
NIFTY13OCT2217400PE.NFO,07/10/2022,09:18:14,218.35,218,50,218.35,500,2700,2056300
NIFTY13OCT2217400PE.NFO,07/10/2022,09:18:16,220.5,220.35,50,220.6,900,2550,2056300
NIFTY13OCT2217400PE.NFO,07/10/2022,09:18:17,222.55,222.55,50,222.85,50,4400,2056300
NIFTY13OCT2217400PE.NFO,07/10/2022,09:18:19,220.1,220.95,50,221.35,450,2950,2056300
NIFTY13OCT2217400PE.NFO,07/10/2022,09:18:20,219.8,219.9,150,220.3,200,650,2056300
NIFTY13OCT2217400PE.NFO,07/10/2022,09:18:21,218.1,217.9,250,218.3,50,2300,2056300
NIFTY13OCT2217400PE.NFO,07/10/2022,09:18:23,216.1,216.55,500,216.75,150,3500,2056300
NIFTY13OCT2217400PE.NFO,07/10/2022,09:18:24,216.25,216,100,216.5,200,7500,2056300
NIFTY13OCT2217400PE.NFO,07/10/2022,09:18:26,214.3,214.25,350,214.55,200,3250,2056300
NIFTY13OCT2217400PE.NFO,07/10/2022,09:18:27,214.7,214.5,100,214.65,150,10050,2056300
NIFTY13OCT2217400PE.NFO,07/10/2022,09:18:28,213.15,213.35,50,213.55,50,8400,2056300
NIFTY13OCT2217400PE.NFO,07/10/2022,09:18:30,212.1,212.05,50,212.4,50,19050,2056300
NIFTY13OCT2217400PE.NFO,07/10/2022,09:18:32,210,210,6600,210.3,450,13800,2056300
NIFTY13OCT2217400PE.NFO,07/10/2022,09:18:33,208.1,208,100,208.25,150,14550,2056300
NIFTY13OCT2217400PE.NFO,07/10/2022,09:18:33,208.1,208,100,208.25,150,0,2056300
NIFTY13OCT2217400PE.NFO,07/10/2022,09:18:35,208,208,50,208.05,50,4750,2056300
NIFTY13OCT2217400PE.NFO,07/10/2022,09:18:35,207.85,208,50,208.05,50,0,2056300
NIFTY13OCT2217400PE.NFO,07/10/2022,09:18:36,212.1,211.65,150,212.05,150,9300,2056300
NIFTY13OCT2217400PE.NFO,07/10/2022,09:18:36,207.75,211.65,150,212.05,150,0,2056300
NIFTY13OCT2217400PE.NFO,07/10/2022,09:18:38,215,214.55,150,215,150,5100,2056300
NIFTY13OCT2217400PE.NFO,07/10/2022,09:18:40,215.4,215.05,50,215.4,150,10650,2056300
NIFTY13OCT2217400PE.NFO,07/10/2022,09:18:41,212,212.25,100,212.6,250,4100,2056300
NIFTY13OCT2217400PE.NFO,07/10/2022,09:18:43,210.85,210.75,50,211.1,50,2550,2056300
NIFTY13OCT2217400PE.NFO,07/10/2022,09:18:44,210.5,210.45,100,210.7,100,4000,2056300
NIFTY13OCT2217400PE.NFO,07/10/2022,09:18:46,211.25,211,150,211.3,50,3450,2056300
NIFTY13OCT2217400PE.NFO,07/10/2022,09:18:47,212.25,212.2,150,212.55,500,3450,2056300
NIFTY13OCT2217400PE.NFO,07/10/2022,09:18:49,213.25,213,50,213.25,150,3750,2056300
NIFTY13OCT2217400PE.NFO,07/10/2022,09:18:50,212.6,212.15,100,212.6,300,4850,2056300
NIFTY13OCT2217400PE.NFO,07/10/2022,09:18:51,214.9,214.55,150,214.95,50,6800,2056300
NIFTY13OCT2217400PE.NFO,07/10/2022,09:18:53,214,213.6,300,214.05,100,4000,2056300
NIFTY13OCT2217400PE.NFO,07/10/2022,09:18:54,214.3,213.55,50,214,150,750,2056300
NIFTY13OCT2217400PE.NFO,07/10/2022,09:18:55,212.6,212.7,100,213,50,3550,2056300
NIFTY13OCT2217400PE.NFO,07/10/2022,09:18:57,212.45,212.5,600,212.95,250,3700,2056300
NIFTY13OCT2217400PE.NFO,07/10/2022,09:18:58,211.8,211.7,550,211.95,50,7750,2056300
NIFTY13OCT2217400PE.NFO,07/10/2022,09:18:59,212.05,211.8,150,211.95,150,5350,2056300
NIFTY13OCT2217400PE.NFO,07/10/2022,09:19:01,212.25,212.1,150,212.5,200,4250,2056300
NIFTY13OCT2217400PE.NFO,07/10/2022,09:19:02,210.55,210.5,250,210.95,150,6150,2056300
NIFTY13OCT2217400PE.NFO,07/10/2022,09:19:03,210.65,210.4,50,210.75,300,1650,2056300
NIFTY13OCT2217400PE.NFO,07/10/2022,09:19:05,210.45,210.45,100,210.85,100,6550,2056300
NIFTY13OCT2217400PE.NFO,07/10/2022,09:19:06,210.25,210,2250,210.3,200,3450,2056300
NIFTY13OCT2217400PE.NFO,07/10/2022,09:19:07,210.15,210.45,50,210.8,600,3200,2056300
NIFTY13OCT2217400PE.NFO,07/10/2022,09:19:09,208.85,208.7,50,209,150,6450,2056300
NIFTY13OCT2217400PE.NFO,07/10/2022,09:19:10,208.75,208.45,150,208.8,100,1300,2056300
NIFTY13OCT2217400PE.NFO,07/10/2022,09:19:12,207.85,207.85,100,208.05,50,5100,2056300
NIFTY13OCT2217400PE.NFO,07/10/2022,09:19:13,208.25,208,50,208.25,50,3450,2056300
NIFTY13OCT2217400PE.NFO,07/10/2022,09:19:13,207.1,208,50,208.25,50,0,2056300
NIFTY13OCT2217400PE.NFO,07/10/2022,09:19:15,207.7,207.5,100,207.7,50,2850,2056300
NIFTY13OCT2217400PE.NFO,07/10/2022,09:19:15,207.05,207.5,100,207.7,50,0,2056300
NIFTY13OCT2217400PE.NFO,07/10/2022,09:19:16,207.25,207.3,50,207.7,250,2150,2056300
NIFTY13OCT2217400PE.NFO,07/10/2022,09:19:18,207.3,207.05,100,207.3,150,3050,2056300
NIFTY13OCT2217400PE.NFO,07/10/2022,09:19:18,207,207.05,100,207.3,150,0,2056300
NIFTY13OCT2217400PE.NFO,07/10/2022,09:19:19,207.65,207.2,50,207.6,300,4000,2056300
NIFTY13OCT2217400PE.NFO,07/10/2022,09:19:19,206.85,207.2,50,207.6,300,0,2056300
NIFTY13OCT2217400PE.NFO,07/10/2022,09:19:20,208.9,208.65,50,208.9,150,5800,2056300
NIFTY13OCT2217400PE.NFO,07/10/2022,09:19:22,209.7,209.45,100,209.9,100,2700,2056300
NIFTY13OCT2217400PE.NFO,07/10/2022,09:19:23,210.85,210.45,400,210.9,1450,2950,2056300
NIFTY13OCT2217400PE.NFO,07/10/2022,09:19:25,211.15,211.35,50,211.4,50,7050,2056300
NIFTY13OCT2217400PE.NFO,07/10/2022,09:19:26,211.05,211.35,100,211.8,1900,3200,2056300
NIFTY13OCT2217400PE.NFO,07/10/2022,09:19:27,210.9,210.7,50,211.1,250,2100,2056300
NIFTY13OCT2217400PE.NFO,07/10/2022,09:19:28,209.6,209.8,250,210.15,50,5800,2056300
NIFTY13OCT2217400PE.NFO,07/10/2022,09:19:30,208.95,208.45,200,208.85,50,550,2056300
NIFTY13OCT2217400PE.NFO,07/10/2022,09:19:31,208.15,208.15,50,208.55,150,3250,2056300
NIFTY13OCT2217400PE.NFO,07/10/2022,09:19:32,208.7,208.05,50,208.5,150,150,2056300
NIFTY13OCT2217400PE.NFO,07/10/2022,09:19:33,207.85,207.55,50,207.8,200,400,2056300
NIFTY13OCT2217400PE.NFO,07/10/2022,09:19:35,207.9,207.8,50,208,500,1800,2056300
NIFTY13OCT2217400PE.NFO,07/10/2022,09:19:36,207.1,206.85,50,207,100,4250,2056300
NIFTY13OCT2217400PE.NFO,07/10/2022,09:19:38,206.4,206.6,50,206.8,50,4700,2056300
NIFTY13OCT2217400PE.NFO,07/10/2022,09:19:38,206.3,206.6,50,206.8,50,0,2056300
NIFTY13OCT2217400PE.NFO,07/10/2022,09:19:39,206.75,206.6,150,207,50,2900,2056300
NIFTY13OCT2217400PE.NFO,07/10/2022,09:19:39,206.15,206.6,150,207,50,0,2056300
NIFTY13OCT2217400PE.NFO,07/10/2022,09:19:41,206.65,206.35,200,206.75,100,20050,2056300
NIFTY13OCT2217400PE.NFO,07/10/2022,09:19:42,206.5,206.05,150,206.5,100,2550,2056300
NIFTY13OCT2217400PE.NFO,07/10/2022,09:19:42,206,206.05,150,206.5,100,0,2056300
NIFTY13OCT2217400PE.NFO,07/10/2022,09:19:43,206.5,206.45,150,206.9,400,3800,2056300
NIFTY13OCT2217400PE.NFO,07/10/2022,09:19:43,205.6,206.45,150,206.9,400,0,2056300
NIFTY13OCT2217400PE.NFO,07/10/2022,09:19:45,207.8,207.8,50,208.15,200,1550,2056300
NIFTY13OCT2217400PE.NFO,07/10/2022,09:19:46,207.15,207.1,350,207.55,250,8250,2056300
NIFTY13OCT2217400PE.NFO,07/10/2022,09:19:48,207.85,207.85,100,208.3,300,900,2056300
NIFTY13OCT2217400PE.NFO,07/10/2022,09:19:50,207.65,207.15,50,207.55,50,3800,2056300
NIFTY13OCT2217400PE.NFO,07/10/2022,09:19:51,206.4,206.35,50,206.4,200,2650,2056300
NIFTY13OCT2217400PE.NFO,07/10/2022,09:19:52,205.8,205.35,100,205.8,150,3350,2056300
NIFTY13OCT2217400PE.NFO,07/10/2022,09:19:54,204.8,204.45,500,204.75,150,7700,2056300
NIFTY13OCT2217400PE.NFO,07/10/2022,09:19:54,204.55,204.45,500,204.75,150,0,2056300
NIFTY13OCT2217400PE.NFO,07/10/2022,09:19:55,203.45,203.45,1750,203.9,150,3850,2056300
NIFTY13OCT2217400PE.NFO,07/10/2022,09:19:55,203.45,203.45,1750,203.9,150,0,2056300
NIFTY13OCT2217400PE.NFO,07/10/2022,09:19:57,202.2,202.55,50,202.95,100,23800,2056300
NIFTY13OCT2217400PE.NFO,07/10/2022,09:19:57,202.2,202.55,50,202.95,100,0,2056300
NIFTY13OCT2217400PE.NFO,07/10/2022,09:19:59,202,202,2150,202.25,250,2950,2056300
NIFTY13OCT2217400PE.NFO,07/10/2022,09:19:59,202,202,2150,202.25,250,0,2056300
NIFTY13OCT2217400PE.NFO,07/10/2022,09:20:00,203.35,203.05,50,203.4,200,4650,2056300
NIFTY13OCT2217400PE.NFO,07/10/2022,09:20:01,202.2,201.85,50,202.2,150,3500,2056300
NIFTY13OCT2217400PE.NFO,07/10/2022,09:20:01,201.35,201.85,50,202.2,150,0,2056300
NIFTY13OCT2217400PE.NFO,07/10/2022,09:20:03,201.6,201.45,250,201.9,150,2900,2056300
NIFTY13OCT2217400PE.NFO,07/10/2022,09:20:03,201.05,201.45,250,201.9,150,0,2056300
NIFTY13OCT2217400PE.NFO,07/10/2022,09:20:04,201.6,201.3,200,201.7,200,5550,2056300
NIFTY13OCT2217400PE.NFO,07/10/2022,09:20:04,200.7,201.3,200,201.7,200,0,2056300
NIFTY13OCT2217400PE.NFO,07/10/2022,09:20:05,200.95,200.65,50,200.95,200,7750,2056300
NIFTY13OCT2217400PE.NFO,07/10/2022,09:20:05,200,200.65,50,200.95,200,0,2056300
NIFTY13OCT2217400PE.NFO,07/10/2022,09:20:07,200.25,200,200,200.25,100,7650,2056300
NIFTY13OCT2217400PE.NFO,07/10/2022,09:20:07,199.6,200,200,200.25,100,0,2056300
NIFTY13OCT2217400PE.NFO,07/10/2022,09:20:08,198.25,198.4,100,198.75,150,4900,2056300
NIFTY13OCT2217400PE.NFO,07/10/2022,09:20:08,198.25,198.4,100,198.75,150,0,2056300
NIFTY13OCT2217400PE.NFO,07/10/2022,09:20:09,198.9,198.9,50,199.2,100,3800,2056300
NIFTY13OCT2217400PE.NFO,07/10/2022,09:20:11,198.25,198.35,50,198.75,150,5200,2056300
NIFTY13OCT2217400PE.NFO,07/10/2022,09:20:12,199.05,198.6,200,199.05,50,4700,2056300
NIFTY13OCT2217400PE.NFO,07/10/2022,09:20:12,198.2,198.6,200,199.05,50,0,2056300
NIFTY13OCT2217400PE.NFO,07/10/2022,09:20:13,198.8,198.75,150,199.05,100,5600,2056300
NIFTY13OCT2217400PE.NFO,07/10/2022,09:20:14,198.1,197.4,100,197.8,200,9600,2056300
NIFTY13OCT2217400PE.NFO,07/10/2022,09:20:14,197.25,197.4,100,197.8,200,0,2056300
NIFTY13OCT2217400PE.NFO,07/10/2022,09:20:16,198.9,198.75,150,199.1,300,3400,2056300
NIFTY13OCT2217400PE.NFO,07/10/2022,09:20:16,197.15,198.75,150,199.1,300,0,2056300
NIFTY13OCT2217400PE.NFO,07/10/2022,09:20:17,200.2,200.35,150,200.8,400,9600,2158650
NIFTY13OCT2217400PE.NFO,07/10/2022,09:20:19,203.5,203.5,50,203.8,50,19500,2158650
NIFTY13OCT2217400PE.NFO,07/10/2022,09:20:20,204.5,204.25,50,204.6,100,7000,2158650
NIFTY13OCT2217400PE.NFO,07/10/2022,09:20:22,206.7,206.45,100,206.9,50,26250,2158650
NIFTY13OCT2217400PE.NFO,07/10/2022,09:20:23,209,209.2,50,209.25,50,3150,2158650
NIFTY13OCT2217400PE.NFO,07/10/2022,09:20:25,209.15,208.75,50,209.15,50,6950,2158650
NIFTY13OCT2217400PE.NFO,07/10/2022,09:20:26,209.15,208.7,250,209.1,100,7750,2158650
NIFTY13OCT2217400PE.NFO,07/10/2022,09:20:28,208.2,207.6,550,207.95,150,5650,2158650
NIFTY13OCT2217400PE.NFO,07/10/2022,09:20:29,209.6,209.1,100,209.65,100,4050,2158650
NIFTY13OCT2217400PE.NFO,07/10/2022,09:20:30,209.9,210,100,210.2,50,6000,2158650
NIFTY13OCT2217400PE.NFO,07/10/2022,09:20:31,210.35,209.6,850,210.05,150,3050,2158650
NIFTY13OCT2217400PE.NFO,07/10/2022,09:20:32,210.55,210.4,150,210.7,50,4150,2158650
NIFTY13OCT2217400PE.NFO,07/10/2022,09:20:33,212.65,212,100,212.4,100,3250,2158650
NIFTY13OCT2217400PE.NFO,07/10/2022,09:20:35,210.8,210.85,100,211.25,100,4750,2158650
NIFTY13OCT2217400PE.NFO,07/10/2022,09:20:36,209.7,209.3,50,209.65,150,7750,2158650
NIFTY13OCT2217400PE.NFO,07/10/2022,09:20:37,209.8,209.8,50,210.15,300,4700,2158650
NIFTY13OCT2217400PE.NFO,07/10/2022,09:20:38,209.9,209.15,200,209.5,150,1050,2158650
NIFTY13OCT2217400PE.NFO,07/10/2022,09:20:39,210.6,210.15,650,210.6,150,3050,2158650
NIFTY13OCT2217400PE.NFO,07/10/2022,09:20:40,210.1,209.55,150,210,350,1500,2158650
NIFTY13OCT2217400PE.NFO,07/10/2022,09:20:41,208.25,208.2,950,208.5,50,3000,2158650
NIFTY13OCT2217400PE.NFO,07/10/2022,09:20:42,208.2,207.75,50,208.2,200,4400,2158650
NIFTY13OCT2217400PE.NFO,07/10/2022,09:20:44,207.7,207.4,2450,207.75,200,4200,2158650
NIFTY13OCT2217400PE.NFO,07/10/2022,09:20:45,208.4,208.05,100,208.4,850,3300,2158650
NIFTY13OCT2217400PE.NFO,07/10/2022,09:20:46,208.4,208.4,50,208.9,100,7300,2158650
NIFTY13OCT2217400PE.NFO,07/10/2022,09:20:47,210,209.8,250,210.2,200,6450,2158650
NIFTY13OCT2217400PE.NFO,07/10/2022,09:20:48,210.75,210.35,100,210.75,100,350,2158650
NIFTY13OCT2217400PE.NFO,07/10/2022,09:20:49,210.2,210.15,100,210.55,150,750,2158650
NIFTY13OCT2217400PE.NFO,07/10/2022,09:20:50,210.2,209.65,150,210.1,150,1650,2158650
NIFTY13OCT2217400PE.NFO,07/10/2022,09:20:51,209.95,210.05,150,210.5,150,550,2158650
NIFTY13OCT2217400PE.NFO,07/10/2022,09:20:52,210,209.5,150,210,550,2600,2158650
NIFTY13OCT2217400PE.NFO,07/10/2022,09:20:53,209.4,209.2,350,209.65,300,450,2158650
NIFTY13OCT2217400PE.NFO,07/10/2022,09:20:54,209.8,209.3,150,209.8,100,3750,2158650
NIFTY13OCT2217400PE.NFO,07/10/2022,09:20:55,209.15,209.15,400,209.6,50,1400,2158650
NIFTY13OCT2217400PE.NFO,07/10/2022,09:20:56,209.8,209.3,250,209.85,100,2000,2158650
NIFTY13OCT2217400PE.NFO,07/10/2022,09:20:57,209.15,209.15,400,209.7,400,300,2158650
NIFTY13OCT2217400PE.NFO,07/10/2022,09:20:58,208.3,208,50,208.3,200,1650,2158650
NIFTY13OCT2217400PE.NFO,07/10/2022,09:20:59,207.8,207.4,50,207.75,100,3550,2158650
NIFTY13OCT2217400PE.NFO,07/10/2022,09:21:00,207.6,207.15,100,207.6,600,1450,2158650
NIFTY13OCT2217400PE.NFO,07/10/2022,09:21:01,206.55,206.4,250,206.8,200,1850,2158650
NIFTY13OCT2217400PE.NFO,07/10/2022,09:21:02,205.35,205.3,100,205.65,50,1550,2158650
NIFTY13OCT2217400PE.NFO,07/10/2022,09:21:03,206.8,206.9,250,207.4,350,2400,2158650
NIFTY13OCT2217400PE.NFO,07/10/2022,09:21:04,206.45,206.4,100,206.8,400,550,2158650
NIFTY13OCT2217400PE.NFO,07/10/2022,09:21:05,205.55,205.3,200,205.85,250,750,2158650
NIFTY13OCT2217400PE.NFO,07/10/2022,09:21:06,205.6,205.4,150,205.65,50,1400,2158650
NIFTY13OCT2217400PE.NFO,07/10/2022,09:21:07,206.75,207,350,207.4,200,4250,2158650
NIFTY13OCT2217400PE.NFO,07/10/2022,09:21:08,207.75,207.85,150,208.3,200,2400,2158650
NIFTY13OCT2217400PE.NFO,07/10/2022,09:21:09,207.35,207.05,100,207.3,50,1700,2158650
NIFTY13OCT2217400PE.NFO,07/10/2022,09:21:10,207.25,207,50,207.2,50,400,2158650
NIFTY13OCT2217400PE.NFO,07/10/2022,09:21:11,205.65,205.55,50,205.85,100,4150,2158650
NIFTY13OCT2217400PE.NFO,07/10/2022,09:21:12,205.55,205.25,50,205.65,150,650,2158650
NIFTY13OCT2217400PE.NFO,07/10/2022,09:21:13,205.05,205.15,150,205.6,200,3050,2158650
NIFTY13OCT2217400PE.NFO,07/10/2022,09:21:14,205.3,205.15,50,205.55,1350,4150,2158650
NIFTY13OCT2217400PE.NFO,07/10/2022,09:21:16,206.2,205.65,50,205.95,50,3200,2158650
NIFTY13OCT2217400PE.NFO,07/10/2022,09:21:17,206.25,205.85,50,206.15,100,1900,2158650
NIFTY13OCT2217400PE.NFO,07/10/2022,09:21:18,206.3,206.1,50,206.35,50,300,2158650
NIFTY13OCT2217400PE.NFO,07/10/2022,09:21:19,205.35,205.1,200,205.45,250,1950,2158650
NIFTY13OCT2217400PE.NFO,07/10/2022,09:21:20,204.8,204.65,200,205.05,250,1650,2158650
NIFTY13OCT2217400PE.NFO,07/10/2022,09:21:22,205.95,206,50,206.3,250,9650,2158650
NIFTY13OCT2217400PE.NFO,07/10/2022,09:21:23,205.15,205.25,250,205.7,200,1500,2158650
NIFTY13OCT2217400PE.NFO,07/10/2022,09:21:24,205.85,205.05,100,205.45,50,250,2158650
NIFTY13OCT2217400PE.NFO,07/10/2022,09:21:25,205.95,206.05,150,206.4,200,600,2158650
NIFTY13OCT2217400PE.NFO,07/10/2022,09:21:26,205.9,205.75,250,206.2,200,2100,2158650
NIFTY13OCT2217400PE.NFO,07/10/2022,09:21:27,206,206.05,100,206.45,150,3200,2158650
NIFTY13OCT2217400PE.NFO,07/10/2022,09:21:28,206.1,205.8,50,206.1,100,50,2158650
NIFTY13OCT2217400PE.NFO,07/10/2022,09:21:29,206.05,205.8,50,206.1,100,50,2158650
NIFTY13OCT2217400PE.NFO,07/10/2022,09:21:30,203.5,203.6,50,204,550,1400,2158650
NIFTY13OCT2217400PE.NFO,07/10/2022,09:21:31,204,203.55,100,204,850,2700,2158650
NIFTY13OCT2217400PE.NFO,07/10/2022,09:21:32,203.15,202.7,200,203.15,150,1200,2158650
NIFTY13OCT2217400PE.NFO,07/10/2022,09:21:33,202.6,202.35,200,202.85,150,1350,2158650
NIFTY13OCT2217400PE.NFO,07/10/2022,09:21:34,201.75,201.45,600,201.85,150,1700,2158650
NIFTY13OCT2217400PE.NFO,07/10/2022,09:21:35,201.6,201.55,50,201.9,150,1600,2158650
NIFTY13OCT2217400PE.NFO,07/10/2022,09:21:37,200.75,200.55,50,201,450,3300,2158650
NIFTY13OCT2217400PE.NFO,07/10/2022,09:21:38,202.15,202.1,50,202.35,100,2700,2158650
NIFTY13OCT2217400PE.NFO,07/10/2022,09:21:39,202.15,201.75,100,202.05,150,6400,2158650
NIFTY13OCT2217400PE.NFO,07/10/2022,09:21:40,202.35,201.95,100,202.4,250,650,2158650
NIFTY13OCT2217400PE.NFO,07/10/2022,09:21:41,203.75,203.4,500,203.75,50,850,2158650
NIFTY13OCT2217400PE.NFO,07/10/2022,09:21:42,203.6,203.2,400,203.6,100,850,2158650
NIFTY13OCT2217400PE.NFO,07/10/2022,09:21:43,203.6,203.25,500,203.65,100,800,2158650
NIFTY13OCT2217400PE.NFO,07/10/2022,09:21:44,203.9,203.45,100,203.85,300,850,2158650
NIFTY13OCT2217400PE.NFO,07/10/2022,09:21:45,202.65,202.5,100,202.9,250,150,2158650
NIFTY13OCT2217400PE.NFO,07/10/2022,09:21:46,204.25,204,300,204.4,100,4500,2158650
NIFTY13OCT2217400PE.NFO,07/10/2022,09:21:47,204.4,204.45,150,204.85,100,1100,2158650
NIFTY13OCT2217400PE.NFO,07/10/2022,09:21:48,204.6,204.4,200,204.8,550,1500,2158650
NIFTY13OCT2217400PE.NFO,07/10/2022,09:21:49,205.5,205.15,100,205.55,100,1850,2158650
NIFTY13OCT2217400PE.NFO,07/10/2022,09:21:50,205,204.75,200,205.2,450,350,2158650
NIFTY13OCT2217400PE.NFO,07/10/2022,09:21:52,206.2,206.05,100,206.45,150,4700,2158650
NIFTY13OCT2217400PE.NFO,07/10/2022,09:21:53,206,205.6,300,206.05,200,3050,2158650
NIFTY13OCT2217400PE.NFO,07/10/2022,09:21:54,206,206.05,100,206.4,1100,1200,2158650
NIFTY13OCT2217400PE.NFO,07/10/2022,09:21:55,205.95,205.5,200,205.95,100,3200,2158650
NIFTY13OCT2217400PE.NFO,07/10/2022,09:21:56,205.85,205.4,300,205.85,50,850,2158650
NIFTY13OCT2217400PE.NFO,07/10/2022,09:21:57,205.2,205.05,250,205.55,400,1000,2158650
NIFTY13OCT2217400PE.NFO,07/10/2022,09:21:58,205.4,205.05,50,205.45,50,1600,2158650
NIFTY13OCT2217400PE.NFO,07/10/2022,09:22:00,204.85,204.6,200,205,150,5150,2158650
NIFTY13OCT2217400PE.NFO,07/10/2022,09:22:00,204.3,204.2,100,204.45,50,450,2158650
NIFTY13OCT2217400PE.NFO,07/10/2022,09:22:01,203.65,203.65,150,204,200,2800,2158650
NIFTY13OCT2217400PE.NFO,07/10/2022,09:22:02,205.25,205.25,50,205.4,400,2400,2158650
NIFTY13OCT2217400PE.NFO,07/10/2022,09:22:03,204.3,204.35,50,204.8,500,1850,2158650
NIFTY13OCT2217400PE.NFO,07/10/2022,09:22:04,204.15,204,650,204.55,100,450,2158650
NIFTY13OCT2217400PE.NFO,07/10/2022,09:22:06,205,205.05,100,205.4,150,800,2158650
NIFTY13OCT2217400PE.NFO,07/10/2022,09:22:06,205.5,205.4,100,205.75,250,550,2158650
NIFTY13OCT2217400PE.NFO,07/10/2022,09:22:07,207.55,207.1,300,207.45,100,1650,2158650
NIFTY13OCT2217400PE.NFO,07/10/2022,09:22:08,208,207.8,50,208,250,1000,2158650
NIFTY13OCT2217400PE.NFO,07/10/2022,09:22:09,209,208.85,50,209,400,1850,2158650
NIFTY13OCT2217400PE.NFO,07/10/2022,09:22:10,208,207.8,400,208.1,250,400,2158650
NIFTY13OCT2217400PE.NFO,07/10/2022,09:22:12,209.65,209.65,200,210,3200,3850,2158650
NIFTY13OCT2217400PE.NFO,07/10/2022,09:22:13,209.8,209.65,50,210.05,100,5500,2158650
NIFTY13OCT2217400PE.NFO,07/10/2022,09:22:14,208.7,208.1,200,208.55,100,1050,2158650
NIFTY13OCT2217400PE.NFO,07/10/2022,09:22:14,208.25,207.75,50,208.2,100,3500,2158650
NIFTY13OCT2217400PE.NFO,07/10/2022,09:22:15,207.9,207.7,100,208.15,100,1200,2158650
NIFTY13OCT2217400PE.NFO,07/10/2022,09:22:17,208.9,208.6,200,209.1,150,2400,2158650
NIFTY13OCT2217400PE.NFO,07/10/2022,09:22:17,209.1,208.4,100,208.85,50,100,2158650
NIFTY13OCT2217400PE.NFO,07/10/2022,09:22:18,209.2,208.75,400,209.05,50,2900,2158650
NIFTY13OCT2217400PE.NFO,07/10/2022,09:22:19,209.45,209.15,150,209.65,300,4700,2158650
NIFTY13OCT2217400PE.NFO,07/10/2022,09:22:20,209.6,209.6,100,210.1,200,2850,2158650
NIFTY13OCT2217400PE.NFO,07/10/2022,09:22:21,210.15,209.7,100,210.15,150,2550,2158650
NIFTY13OCT2217400PE.NFO,07/10/2022,09:22:23,210.3,210.2,100,210.5,50,3200,2158650
NIFTY13OCT2217400PE.NFO,07/10/2022,09:22:23,210.55,210.25,200,210.7,200,100,2158650
NIFTY13OCT2217400PE.NFO,07/10/2022,09:22:24,209.7,209.3,350,209.8,100,2600,2158650
NIFTY13OCT2217400PE.NFO,07/10/2022,09:22:25,209.6,209.6,50,209.9,100,5650,2158650
NIFTY13OCT2217400PE.NFO,07/10/2022,09:22:26,209.4,209.3,100,209.75,50,2050,2158650
NIFTY13OCT2217400PE.NFO,07/10/2022,09:22:27,210.65,210.55,50,210.65,550,4700,2158650
NIFTY13OCT2217400PE.NFO,07/10/2022,09:22:28,210.95,210.55,400,210.95,100,1150,2158650
NIFTY13OCT2217400PE.NFO,07/10/2022,09:22:29,211.2,210.7,450,211.05,50,2650,2158650
NIFTY13OCT2217400PE.NFO,07/10/2022,09:22:30,211.1,211.2,150,211.5,50,21200,2158650
NIFTY13OCT2217400PE.NFO,07/10/2022,09:22:31,211.3,210.8,500,211.2,100,6000,2158650
NIFTY13OCT2217400PE.NFO,07/10/2022,09:22:33,211.1,210.5,200,210.95,100,3850,2158650
NIFTY13OCT2217400PE.NFO,07/10/2022,09:22:33,211,210.6,400,211.05,100,500,2158650
NIFTY13OCT2217400PE.NFO,07/10/2022,09:22:35,210.45,210.15,300,210.4,50,1950,2158650
NIFTY13OCT2217400PE.NFO,07/10/2022,09:22:35,210.6,210,400,210.45,50,250,2158650
NIFTY13OCT2217400PE.NFO,07/10/2022,09:22:36,209.15,209.1,550,209.55,100,2300,2158650
NIFTY13OCT2217400PE.NFO,07/10/2022,09:22:37,209.05,209.1,200,209.5,100,2200,2158650
NIFTY13OCT2217400PE.NFO,07/10/2022,09:22:38,208.65,208.1,350,208.5,100,2750,2158650
NIFTY13OCT2217400PE.NFO,07/10/2022,09:22:39,207.65,207,100,207.35,50,2450,2158650
NIFTY13OCT2217400PE.NFO,07/10/2022,09:22:41,206.4,206.35,100,206.7,100,2300,2158650
NIFTY13OCT2217400PE.NFO,07/10/2022,09:22:42,207.15,206.8,50,207.15,50,2750,2158650
NIFTY13OCT2217400PE.NFO,07/10/2022,09:22:42,207.3,206.85,100,207.2,200,1000,2158650
NIFTY13OCT2217400PE.NFO,07/10/2022,09:22:43,209.2,209,50,209.35,100,2250,2158650
NIFTY13OCT2217400PE.NFO,07/10/2022,09:22:44,210.65,210.4,50,210.65,50,4950,2158650
NIFTY13OCT2217400PE.NFO,07/10/2022,09:22:45,210.15,210.15,50,210.6,50,2050,2158650
NIFTY13OCT2217400PE.NFO,07/10/2022,09:22:46,210.95,210.6,100,211,3700,3250,2158650
NIFTY13OCT2217400PE.NFO,07/10/2022,09:22:48,211.1,211.1,50,211.55,200,7100,2158650
NIFTY13OCT2217400PE.NFO,07/10/2022,09:22:49,211.8,211.3,100,211.75,200,1700,2158650
NIFTY13OCT2217400PE.NFO,07/10/2022,09:22:49,211.8,211.3,100,211.8,1650,500,2158650
NIFTY13OCT2217400PE.NFO,07/10/2022,09:22:50,213.05,212.75,50,213.15,500,8250,2158650
NIFTY13OCT2217400PE.NFO,07/10/2022,09:22:51,213.5,213.3,50,213.5,150,2100,2158650
NIFTY13OCT2217400PE.NFO,07/10/2022,09:22:53,214.05,213.7,200,214.25,200,5500,2158650
NIFTY13OCT2217400PE.NFO,07/10/2022,09:22:54,215,214.6,100,215,100,24650,2158650
NIFTY13OCT2217400PE.NFO,07/10/2022,09:22:55,211.95,212,100,212.5,200,6200,2158650
NIFTY13OCT2217400PE.NFO,07/10/2022,09:22:56,214.6,214.15,50,214.65,100,5350,2158650
NIFTY13OCT2217400PE.NFO,07/10/2022,09:22:58,213.55,213.6,200,213.85,50,3950,2158650
NIFTY13OCT2217400PE.NFO,07/10/2022,09:22:59,213.8,213.65,100,214.1,150,2900,2158650
NIFTY13OCT2217400PE.NFO,07/10/2022,09:23:00,213.6,213.15,350,213.65,300,2500,2158650
NIFTY13OCT2217400PE.NFO,07/10/2022,09:23:01,212.3,212.2,750,212.7,200,3800,2158650
NIFTY13OCT2217400PE.NFO,07/10/2022,09:23:02,211.55,211.4,200,211.75,50,4400,2158650
NIFTY13OCT2217400PE.NFO,07/10/2022,09:23:04,211.9,211.9,200,212.35,50,6150,2158650
NIFTY13OCT2217400PE.NFO,07/10/2022,09:23:04,212.4,212.4,50,212.5,200,700,2158650
NIFTY13OCT2217400PE.NFO,07/10/2022,09:23:05,211.75,211.6,200,212,100,4600,2158650
NIFTY13OCT2217400PE.NFO,07/10/2022,09:23:06,212.15,211.7,200,212.1,100,1850,2158650
NIFTY13OCT2217400PE.NFO,07/10/2022,09:23:07,210.85,210.5,300,210.8,50,6050,2158650
NIFTY13OCT2217400PE.NFO,07/10/2022,09:23:08,211.25,211.2,350,211.65,50,1600,2158650
NIFTY13OCT2217400PE.NFO,07/10/2022,09:23:09,212,212.1,500,212.6,500,550,2158650
NIFTY13OCT2217400PE.NFO,07/10/2022,09:23:10,212.2,211.9,50,212.35,200,450,2158650
NIFTY13OCT2217400PE.NFO,07/10/2022,09:23:11,211.95,211.85,150,212.2,100,600,2158650
NIFTY13OCT2217400PE.NFO,07/10/2022,09:23:12,212.35,212.1,950,212.6,100,300,2158650
NIFTY13OCT2217400PE.NFO,07/10/2022,09:23:14,213,212.75,150,213,50,1800,2158650
NIFTY13OCT2217400PE.NFO,07/10/2022,09:23:14,213.9,213.65,150,214,650,850,2158650
NIFTY13OCT2217400PE.NFO,07/10/2022,09:23:15,214,213.95,100,214.4,200,1050,2158650
NIFTY13OCT2217400PE.NFO,07/10/2022,09:23:16,214.3,214.3,200,214.75,50,1350,2158650
NIFTY13OCT2217400PE.NFO,07/10/2022,09:23:17,213.7,213.7,200,214.15,100,3550,2215850
NIFTY13OCT2217400PE.NFO,07/10/2022,09:23:18,213.15,213.55,250,214,100,1000,2215850
NIFTY13OCT2217400PE.NFO,07/10/2022,09:23:19,213.95,213.55,100,213.95,50,2600,2215850
NIFTY13OCT2217400PE.NFO,07/10/2022,09:23:21,213.45,213.05,50,213.45,250,1650,2215850
NIFTY13OCT2217400PE.NFO,07/10/2022,09:23:21,213,213.25,400,213.45,400,700,2215850
NIFTY13OCT2217400PE.NFO,07/10/2022,09:23:22,213.65,213.35,150,213.85,100,2600,2215850
NIFTY13OCT2217400PE.NFO,07/10/2022,09:23:23,214.1,214.1,200,214.6,100,550,2215850
NIFTY13OCT2217400PE.NFO,07/10/2022,09:23:24,214.15,214.35,100,214.75,150,1650,2215850
NIFTY13OCT2217400PE.NFO,07/10/2022,09:23:25,214,213.75,50,213.95,50,3150,2215850
NIFTY13OCT2217400PE.NFO,07/10/2022,09:23:26,214.75,214.2,350,214.4,50,5500,2215850
NIFTY13OCT2217400PE.NFO,07/10/2022,09:23:27,214.65,214.3,100,214.75,500,1850,2215850
NIFTY13OCT2217400PE.NFO,07/10/2022,09:23:28,214.5,214.4,50,214.55,50,1750,2215850
NIFTY13OCT2217400PE.NFO,07/10/2022,09:23:30,214.1,213.95,100,214.45,350,1000,2215850
NIFTY13OCT2217400PE.NFO,07/10/2022,09:23:30,214.55,214.55,950,214.9,50,100,2215850
NIFTY13OCT2217400PE.NFO,07/10/2022,09:23:31,214.65,214.6,550,215,4200,5050,2215850
NIFTY13OCT2217400PE.NFO,07/10/2022,09:23:32,212.65,212.6,50,212.95,150,6950,2215850
NIFTY13OCT2217400PE.NFO,07/10/2022,09:23:34,212.65,212.4,100,212.8,550,8300,2215850
NIFTY13OCT2217400PE.NFO,07/10/2022,09:23:35,213.1,212.65,50,212.9,50,800,2215850
NIFTY13OCT2217400PE.NFO,07/10/2022,09:23:35,211.35,211.3,150,211.8,950,350,2215850
NIFTY13OCT2217400PE.NFO,07/10/2022,09:23:36,212.2,211.6,100,212,150,1700,2215850
NIFTY13OCT2217400PE.NFO,07/10/2022,09:23:37,211.1,211.1,150,211.3,50,1600,2215850
NIFTY13OCT2217400PE.NFO,07/10/2022,09:23:38,211.35,211.55,150,211.9,50,250,2215850
NIFTY13OCT2217400PE.NFO,07/10/2022,09:23:40,211.8,212.05,100,212.5,100,1400,2215850
NIFTY13OCT2217400PE.NFO,07/10/2022,09:23:40,211.8,211.9,250,212.3,100,0,2215850
NIFTY13OCT2217400PE.NFO,07/10/2022,09:23:41,213.15,213.05,50,213.35,100,2050,2215850
NIFTY13OCT2217400PE.NFO,07/10/2022,09:23:42,212.15,211.9,100,212.3,100,3250,2215850
NIFTY13OCT2217400PE.NFO,07/10/2022,09:23:44,211.35,211.3,100,211.55,50,4900,2215850
NIFTY13OCT2217400PE.NFO,07/10/2022,09:23:45,212.8,213.4,100,213.75,50,1900,2215850
NIFTY13OCT2217400PE.NFO,07/10/2022,09:23:46,213.8,213.75,50,214,600,1200,2215850
NIFTY13OCT2217400PE.NFO,07/10/2022,09:23:47,213.3,213.75,50,214,450,200,2215850
NIFTY13OCT2217400PE.NFO,07/10/2022,09:23:47,213.3,213.4,200,213.8,200,0,2215850
NIFTY13OCT2217400PE.NFO,07/10/2022,09:23:48,213,212.6,250,213,100,1300,2215850
NIFTY13OCT2217400PE.NFO,07/10/2022,09:23:49,211.3,211.1,100,211.5,100,7250,2215850
NIFTY13OCT2217400PE.NFO,07/10/2022,09:23:50,211.75,211.25,150,211.65,200,300,2215850
NIFTY13OCT2217400PE.NFO,07/10/2022,09:23:51,211.65,211.05,350,211.5,100,150,2215850
NIFTY13OCT2217400PE.NFO,07/10/2022,09:23:52,211.95,211.3,50,211.55,250,350,2215850
NIFTY13OCT2217400PE.NFO,07/10/2022,09:23:53,211.5,211.5,50,211.85,200,1750,2215850
NIFTY13OCT2217400PE.NFO,07/10/2022,09:23:54,211.3,211.2,400,211.55,200,650,2215850
NIFTY13OCT2217400PE.NFO,07/10/2022,09:23:55,212.1,211.85,50,212.1,50,900,2215850
NIFTY13OCT2217400PE.NFO,07/10/2022,09:23:57,211.3,211,300,211.3,150,350,2215850
NIFTY13OCT2217400PE.NFO,07/10/2022,09:23:58,210.85,210.8,100,211.3,150,10700,2215850
NIFTY13OCT2217400PE.NFO,07/10/2022,09:23:59,211.25,210.95,150,211.3,100,100,2215850
NIFTY13OCT2217400PE.NFO,07/10/2022,09:24:00,210.2,209.85,50,210.15,150,2250,2215850
NIFTY13OCT2217400PE.NFO,07/10/2022,09:24:01,210,210.15,150,210.5,100,1850,2215850
NIFTY13OCT2217400PE.NFO,07/10/2022,09:24:03,210.5,210.25,150,210.7,150,1600,2215850
NIFTY13OCT2217400PE.NFO,07/10/2022,09:24:04,210.6,211.05,100,211.5,200,1550,2215850
NIFTY13OCT2217400PE.NFO,07/10/2022,09:24:05,211.1,211.1,100,211.55,150,1000,2215850
NIFTY13OCT2217400PE.NFO,07/10/2022,09:24:06,212.3,212.35,100,212.8,700,1150,2215850
NIFTY13OCT2217400PE.NFO,07/10/2022,09:24:07,212,211.8,300,212.25,100,300,2215850
NIFTY13OCT2217400PE.NFO,07/10/2022,09:24:08,211.65,211.45,100,211.9,100,650,2215850
NIFTY13OCT2217400PE.NFO,07/10/2022,09:24:09,211.3,211.05,100,211.45,150,200,2215850
NIFTY13OCT2217400PE.NFO,07/10/2022,09:24:09,211.3,211.2,400,211.65,100,0,2215850
NIFTY13OCT2217400PE.NFO,07/10/2022,09:24:10,209.6,209.7,100,210.1,50,1950,2215850
NIFTY13OCT2217400PE.NFO,07/10/2022,09:24:11,210.2,209.8,200,210.1,2800,2500,2215850
NIFTY13OCT2217400PE.NFO,07/10/2022,09:24:13,210.05,209.8,150,210.2,100,5100,2215850
NIFTY13OCT2217400PE.NFO,07/10/2022,09:24:14,209.65,209.3,150,209.65,150,450,2215850
NIFTY13OCT2217400PE.NFO,07/10/2022,09:24:15,209.6,209.3,50,209.5,50,3150,2215850
NIFTY13OCT2217400PE.NFO,07/10/2022,09:24:15,209.5,209.5,150,209.85,200,200,2215850
NIFTY13OCT2217400PE.NFO,07/10/2022,09:24:16,208.65,208.9,150,209,50,1300,2215850
NIFTY13OCT2217400PE.NFO,07/10/2022,09:24:17,208.9,208.45,100,208.7,100,750,2215850
NIFTY13OCT2217400PE.NFO,07/10/2022,09:24:18,209.2,209.2,300,209.55,50,4750,2215850
NIFTY13OCT2217400PE.NFO,07/10/2022,09:24:20,208,207.65,50,208,1250,2400,2215850
NIFTY13OCT2217400PE.NFO,07/10/2022,09:24:21,208.4,208.25,50,208.4,100,2600,2215850
NIFTY13OCT2217400PE.NFO,07/10/2022,09:24:22,207.4,207.55,100,208,850,2400,2215850
NIFTY13OCT2217400PE.NFO,07/10/2022,09:24:23,207.85,207.65,50,207.85,1800,550,2215850
NIFTY13OCT2217400PE.NFO,07/10/2022,09:24:25,207.15,207.35,150,207.7,100,2800,2215850
NIFTY13OCT2217400PE.NFO,07/10/2022,09:24:26,208.5,208.4,550,208.85,100,1000,2215850
NIFTY13OCT2217400PE.NFO,07/10/2022,09:24:26,208.2,208.2,250,208.6,150,50,2215850
NIFTY13OCT2217400PE.NFO,07/10/2022,09:24:27,208.3,208.1,50,208.45,100,450,2215850
NIFTY13OCT2217400PE.NFO,07/10/2022,09:24:28,208,208.1,50,208.55,150,350,2215850
NIFTY13OCT2217400PE.NFO,07/10/2022,09:24:29,207.95,207.6,50,207.9,600,1450,2215850
NIFTY13OCT2217400PE.NFO,07/10/2022,09:24:30,208.4,208,350,208.35,50,800,2215850
NIFTY13OCT2217400PE.NFO,07/10/2022,09:24:31,208.3,208.2,150,208.3,100,900,2215850
NIFTY13OCT2217400PE.NFO,07/10/2022,09:24:32,208.65,208.55,100,208.95,950,1250,2215850
NIFTY13OCT2217400PE.NFO,07/10/2022,09:24:33,210.9,210.8,200,211.25,150,3400,2215850
NIFTY13OCT2217400PE.NFO,07/10/2022,09:24:34,211.4,211.45,50,211.8,150,1550,2215850
NIFTY13OCT2217400PE.NFO,07/10/2022,09:24:35,211.75,211.65,200,211.85,50,2750,2215850
NIFTY13OCT2217400PE.NFO,07/10/2022,09:24:37,210.9,210.85,100,211.2,600,800,2215850
NIFTY13OCT2217400PE.NFO,07/10/2022,09:24:38,210.35,210.55,100,210.9,250,250,2215850
NIFTY13OCT2217400PE.NFO,07/10/2022,09:24:39,210.4,209.6,150,209.9,50,200,2215850
NIFTY13OCT2217400PE.NFO,07/10/2022,09:24:39,210.6,210.3,150,210.6,400,150,2215850
NIFTY13OCT2217400PE.NFO,07/10/2022,09:24:40,209.9,209.55,50,210,1050,1250,2215850
NIFTY13OCT2217400PE.NFO,07/10/2022,09:24:41,208.55,208.5,250,208.95,200,1150,2215850
NIFTY13OCT2217400PE.NFO,07/10/2022,09:24:42,208.65,208.6,550,209.05,150,900,2215850
NIFTY13OCT2217400PE.NFO,07/10/2022,09:24:43,208.7,208.6,200,209.05,100,750,2215850
NIFTY13OCT2217400PE.NFO,07/10/2022,09:24:45,208.6,208.2,50,208.6,50,600,2215850
NIFTY13OCT2217400PE.NFO,07/10/2022,09:24:46,208.7,209,500,209.3,200,200,2215850
NIFTY13OCT2217400PE.NFO,07/10/2022,09:24:46,209,209.05,100,209.5,600,250,2215850
NIFTY13OCT2217400PE.NFO,07/10/2022,09:24:47,209.75,209,300,209.4,350,250,2215850
NIFTY13OCT2217400PE.NFO,07/10/2022,09:24:48,209.15,209.05,50,209.45,100,350,2215850
NIFTY13OCT2217400PE.NFO,07/10/2022,09:24:49,209.35,209,300,209.3,250,400,2215850
NIFTY13OCT2217400PE.NFO,07/10/2022,09:24:50,209.2,208.8,450,209.2,100,1900,2215850
NIFTY13OCT2217400PE.NFO,07/10/2022,09:24:51,208.8,208.9,100,209.35,100,1550,2215850
NIFTY13OCT2217400PE.NFO,07/10/2022,09:24:52,209.4,209,50,209.35,100,200,2215850
NIFTY13OCT2217400PE.NFO,07/10/2022,09:24:54,209.3,209.15,50,209.25,300,1150,2215850
NIFTY13OCT2217400PE.NFO,07/10/2022,09:24:54,207.85,207.95,100,208,250,3200,2215850
NIFTY13OCT2217400PE.NFO,07/10/2022,09:24:55,207.75,207.65,100,208.1,100,6000,2215850
NIFTY13OCT2217400PE.NFO,07/10/2022,09:24:56,211.5,211.45,100,211.5,50,5600,2215850
NIFTY13OCT2217400PE.NFO,07/10/2022,09:24:57,210.95,210.95,100,211.3,150,1600,2215850
NIFTY13OCT2217400PE.NFO,07/10/2022,09:24:58,209.7,209.75,100,210.1,100,800,2215850
NIFTY13OCT2217400PE.NFO,07/10/2022,09:24:59,209.85,209.8,100,210.2,100,1350,2215850
NIFTY13OCT2217400PE.NFO,07/10/2022,09:25:00,211,210.6,50,211,100,3300,2215850
NIFTY13OCT2217400PE.NFO,07/10/2022,09:25:02,210.1,210.1,100,210.4,200,1300,2215850
NIFTY13OCT2217400PE.NFO,07/10/2022,09:25:03,210.75,210.75,100,211.15,100,2850,2215850
NIFTY13OCT2217400PE.NFO,07/10/2022,09:25:03,211.8,211.1,550,211.45,300,200,2215850
NIFTY13OCT2217400PE.NFO,07/10/2022,09:25:04,210.5,210.2,100,210.6,450,2750,2215850
NIFTY13OCT2217400PE.NFO,07/10/2022,09:25:05,208.2,208,700,208.2,200,1400,2215850
NIFTY13OCT2217400PE.NFO,07/10/2022,09:25:07,207.65,207.7,50,207.9,100,12950,2215850
NIFTY13OCT2217400PE.NFO,07/10/2022,09:25:08,207.3,207.3,100,207.65,650,17100,2215850
NIFTY13OCT2217400PE.NFO,07/10/2022,09:25:09,206.95,206.8,150,207.25,250,3250,2215850
NIFTY13OCT2217400PE.NFO,07/10/2022,09:25:11,209.25,209,50,209.25,50,2550,2215850
NIFTY13OCT2217400PE.NFO,07/10/2022,09:25:11,209.4,209.55,300,209.75,50,950,2215850
NIFTY13OCT2217400PE.NFO,07/10/2022,09:25:13,212.55,212.55,100,212.85,150,6700,2215850
NIFTY13OCT2217400PE.NFO,07/10/2022,09:25:14,212.7,212.35,100,212.7,50,2250,2215850
NIFTY13OCT2217400PE.NFO,07/10/2022,09:25:15,213.5,212.95,100,213.25,300,2950,2215850
NIFTY13OCT2217400PE.NFO,07/10/2022,09:25:16,212.95,213,50,213.3,50,1700,2215850
NIFTY13OCT2217400PE.NFO,07/10/2022,09:25:18,214.05,213.9,100,214.3,150,6150,2215850
NIFTY13OCT2217400PE.NFO,07/10/2022,09:25:19,214.1,213.75,150,214.15,150,1550,2215850
NIFTY13OCT2217400PE.NFO,07/10/2022,09:25:20,214.75,214.1,300,214.75,250,1500,2215850
NIFTY13OCT2217400PE.NFO,07/10/2022,09:25:21,214.4,214.35,100,214.45,50,2450,2215850
NIFTY13OCT2217400PE.NFO,07/10/2022,09:25:22,213.4,213.25,150,213.75,150,3650,2215850
NIFTY13OCT2217400PE.NFO,07/10/2022,09:25:23,214.35,214.25,50,214.55,100,2250,2215850
NIFTY13OCT2217400PE.NFO,07/10/2022,09:25:24,214.05,213.65,150,214,50,1950,2215850
NIFTY13OCT2217400PE.NFO,07/10/2022,09:25:24,213.7,213.55,100,214,150,1250,2215850
NIFTY13OCT2217400PE.NFO,07/10/2022,09:25:25,212.35,212.45,150,212.65,100,9850,2215850
NIFTY13OCT2217400PE.NFO,07/10/2022,09:25:27,211.45,211.05,150,211.45,150,1200,2215850
NIFTY13OCT2217400PE.NFO,07/10/2022,09:25:28,211.05,210.35,250,210.8,400,250,2215850
NIFTY13OCT2217400PE.NFO,07/10/2022,09:25:29,212.7,212.75,150,213.15,150,900,2215850
NIFTY13OCT2217400PE.NFO,07/10/2022,09:25:30,213,213.05,50,213.35,150,850,2215850
NIFTY13OCT2217400PE.NFO,07/10/2022,09:25:31,212.7,212.75,150,213.15,150,800,2215850
NIFTY13OCT2217400PE.NFO,07/10/2022,09:25:32,210.75,210.7,200,211.15,200,1850,2215850
NIFTY13OCT2217400PE.NFO,07/10/2022,09:25:33,211.35,211.05,100,211.5,150,700,2215850
NIFTY13OCT2217400PE.NFO,07/10/2022,09:25:34,212.45,212.6,50,212.75,50,450,2215850
NIFTY13OCT2217400PE.NFO,07/10/2022,09:25:36,213.05,212.85,100,213.25,150,2200,2215850
NIFTY13OCT2217400PE.NFO,07/10/2022,09:25:37,212.55,212.05,150,212.5,700,1150,2215850
NIFTY13OCT2217400PE.NFO,07/10/2022,09:25:38,210,209.55,150,209.9,200,17000,2215850
NIFTY13OCT2217400PE.NFO,07/10/2022,09:25:39,211.2,210.75,250,211.1,200,3200,2215850
NIFTY13OCT2217400PE.NFO,07/10/2022,09:25:40,211.15,211.1,100,211.5,200,1150,2215850
NIFTY13OCT2217400PE.NFO,07/10/2022,09:25:41,211.75,211.1,300,211.5,200,900,2215850
NIFTY13OCT2217400PE.NFO,07/10/2022,09:25:42,211.2,211.15,150,211.55,200,550,2215850
NIFTY13OCT2217400PE.NFO,07/10/2022,09:25:43,210.65,210.45,200,210.85,150,50,2215850
NIFTY13OCT2217400PE.NFO,07/10/2022,09:25:45,210.05,210.05,200,210.4,550,850,2215850
NIFTY13OCT2217400PE.NFO,07/10/2022,09:25:46,210.15,210.15,150,210.55,100,550,2215850
NIFTY13OCT2217400PE.NFO,07/10/2022,09:25:47,209.05,209.05,250,209.4,100,1150,2215850
NIFTY13OCT2217400PE.NFO,07/10/2022,09:25:48,209.9,210,650,210.4,750,700,2215850
NIFTY13OCT2217400PE.NFO,07/10/2022,09:25:48,210,209.5,200,209.9,200,550,2215850
NIFTY13OCT2217400PE.NFO,07/10/2022,09:25:49,210,209.7,300,210,200,150,2215850
NIFTY13OCT2217400PE.NFO,07/10/2022,09:25:50,209.25,209.35,200,209.7,200,800,2215850
NIFTY13OCT2217400PE.NFO,07/10/2022,09:25:51,208.3,207.65,150,208.1,150,6900,2215850
NIFTY13OCT2217400PE.NFO,07/10/2022,09:25:53,208,207.8,200,208.05,200,6500,2215850
NIFTY13OCT2217400PE.NFO,07/10/2022,09:25:54,207.05,206.65,200,207.1,300,2900,2215850
NIFTY13OCT2217400PE.NFO,07/10/2022,09:25:54,207.3,207.45,100,207.85,100,350,2215850
NIFTY13OCT2217400PE.NFO,07/10/2022,09:25:55,207.65,207.7,200,208.05,50,3200,2215850
NIFTY13OCT2217400PE.NFO,07/10/2022,09:25:56,207.7,207.55,100,207.7,150,1450,2215850
NIFTY13OCT2217400PE.NFO,07/10/2022,09:25:57,207.15,207.15,50,207.55,100,400,2215850
NIFTY13OCT2217400PE.NFO,07/10/2022,09:25:58,206.85,206.5,50,206.75,450,1350,2215850
NIFTY13OCT2217400PE.NFO,07/10/2022,09:26:00,204.55,204.55,50,204.85,50,5850,2215850
NIFTY13OCT2217400PE.NFO,07/10/2022,09:26:01,204.7,204.7,300,205.1,1250,6500,2215850
NIFTY13OCT2217400PE.NFO,07/10/2022,09:26:02,204,204,350,204.2,200,3950,2215850
NIFTY13OCT2217400PE.NFO,07/10/2022,09:26:04,204.3,204,300,204.35,200,9000,2215850
NIFTY13OCT2217400PE.NFO,07/10/2022,09:26:05,204.05,203.4,100,203.9,200,700,2215850
NIFTY13OCT2217400PE.NFO,07/10/2022,09:26:06,204.25,204.1,50,204.3,200,6650,2215850
NIFTY13OCT2217400PE.NFO,07/10/2022,09:26:07,204,204,250,204.25,250,1300,2215850
NIFTY13OCT2217400PE.NFO,07/10/2022,09:26:08,202.25,202.15,300,202.65,50,11400,2215850
NIFTY13OCT2217400PE.NFO,07/10/2022,09:26:09,201.1,200.75,100,201.15,500,7750,2215850
NIFTY13OCT2217400PE.NFO,07/10/2022,09:26:10,201.05,200.8,50,201.15,500,5200,2215850
NIFTY13OCT2217400PE.NFO,07/10/2022,09:26:11,200.05,200,7600,200.4,200,3950,2215850
NIFTY13OCT2217400PE.NFO,07/10/2022,09:26:13,200.25,200,350,200.4,100,13600,2215850
NIFTY13OCT2217400PE.NFO,07/10/2022,09:26:14,199.8,199.4,100,199.7,100,1900,2215850
NIFTY13OCT2217400PE.NFO,07/10/2022,09:26:15,199.4,198.9,100,199.4,200,4250,2215850
NIFTY13OCT2217400PE.NFO,07/10/2022,09:26:17,199.75,199.7,150,200,100,3600,2215850
NIFTY13OCT2217400PE.NFO,07/10/2022,09:26:18,200.55,200.4,300,200.75,200,2450,2215850
NIFTY13OCT2217400PE.NFO,07/10/2022,09:26:19,199.65,200.3,100,200.65,100,2050,2157500
NIFTY13OCT2217400PE.NFO,07/10/2022,09:26:20,200.65,200.3,100,200.7,200,1000,2157500
NIFTY13OCT2217400PE.NFO,07/10/2022,09:26:21,202.5,202.35,50,202.65,200,5100,2157500
NIFTY13OCT2217400PE.NFO,07/10/2022,09:26:22,204.7,204.7,50,204.75,50,3750,2157500
NIFTY13OCT2217400PE.NFO,07/10/2022,09:26:24,205.4,205.65,300,206,50,4300,2157500
NIFTY13OCT2217400PE.NFO,07/10/2022,09:26:25,205.25,205.15,100,205.5,100,3150,2157500
NIFTY13OCT2217400PE.NFO,07/10/2022,09:26:26,205.2,204.2,200,204.6,50,600,2157500
NIFTY13OCT2217400PE.NFO,07/10/2022,09:26:28,203.05,202.7,100,203,100,1750,2157500
NIFTY13OCT2217400PE.NFO,07/10/2022,09:26:29,203.4,203.1,100,203.5,100,600,2157500
NIFTY13OCT2217400PE.NFO,07/10/2022,09:26:30,201.5,201,100,201.4,100,900,2157500
NIFTY13OCT2217400PE.NFO,07/10/2022,09:26:31,202.1,201.9,100,202.2,100,2050,2157500
NIFTY13OCT2217400PE.NFO,07/10/2022,09:26:32,202.35,201.85,100,202.3,100,1550,2157500
NIFTY13OCT2217400PE.NFO,07/10/2022,09:26:33,202.5,202.45,100,202.8,100,650,2157500
NIFTY13OCT2217400PE.NFO,07/10/2022,09:26:33,203,203.05,100,203.35,100,300,2157500
NIFTY13OCT2217400PE.NFO,07/10/2022,09:26:34,202.4,202.2,100,202.6,50,250,2157500
NIFTY13OCT2217400PE.NFO,07/10/2022,09:26:35,202.35,202.25,100,202.55,150,300,2157500
NIFTY13OCT2217400PE.NFO,07/10/2022,09:26:36,202.6,202.55,100,203,100,600,2157500
NIFTY13OCT2217400PE.NFO,07/10/2022,09:26:37,203.35,203.55,100,203.9,100,3500,2157500
NIFTY13OCT2217400PE.NFO,07/10/2022,09:26:39,204.6,204.25,100,204.6,100,700,2157500
NIFTY13OCT2217400PE.NFO,07/10/2022,09:26:40,205.35,204.25,100,204.65,100,550,2157500
NIFTY13OCT2217400PE.NFO,07/10/2022,09:26:41,205.65,205.35,100,205.7,150,600,2157500
NIFTY13OCT2217400PE.NFO,07/10/2022,09:26:42,206.1,204.85,100,205.2,300,3700,2157500
NIFTY13OCT2217400PE.NFO,07/10/2022,09:26:43,205,204.15,300,204.6,300,100,2157500
NIFTY13OCT2217400PE.NFO,07/10/2022,09:26:44,203.35,203.25,200,203.65,100,100,2157500
NIFTY13OCT2217400PE.NFO,07/10/2022,09:26:45,204.35,203.75,100,204.15,150,1950,2157500
NIFTY13OCT2217400PE.NFO,07/10/2022,09:26:46,204.75,204.1,100,204.45,150,700,2157500
NIFTY13OCT2217400PE.NFO,07/10/2022,09:26:47,203.9,203.6,250,204,400,200,2157500
NIFTY13OCT2217400PE.NFO,07/10/2022,09:26:47,203.35,203.5,50,203.85,50,150,2157500
NIFTY13OCT2217400PE.NFO,07/10/2022,09:26:48,203.55,203.7,100,204,50,1200,2157500
NIFTY13OCT2217400PE.NFO,07/10/2022,09:26:50,203.25,203,100,203.1,100,750,2157500
NIFTY13OCT2217400PE.NFO,07/10/2022,09:26:51,203.1,203,50,203.15,200,450,2157500
NIFTY13OCT2217400PE.NFO,07/10/2022,09:26:52,202.75,202.65,100,203,500,700,2157500
NIFTY13OCT2217400PE.NFO,07/10/2022,09:26:53,204.65,204.1,150,204.45,150,900,2157500
NIFTY13OCT2217400PE.NFO,07/10/2022,09:26:54,203.05,202.65,2400,203.15,350,200,2157500
NIFTY13OCT2217400PE.NFO,07/10/2022,09:26:54,203.3,202.65,2400,203.15,250,50,2157500
NIFTY13OCT2217400PE.NFO,07/10/2022,09:26:55,203.5,203.55,100,203.9,200,600,2157500
NIFTY13OCT2217400PE.NFO,07/10/2022,09:26:56,204.25,203.45,600,203.9,100,400,2157500
NIFTY13OCT2217400PE.NFO,07/10/2022,09:26:57,204.4,204.1,100,204.55,250,1350,2157500
NIFTY13OCT2217400PE.NFO,07/10/2022,09:26:59,204.8,204.7,100,204.95,100,450,2157500
NIFTY13OCT2217400PE.NFO,07/10/2022,09:27:00,205.15,204.85,150,205.15,50,700,2157500
NIFTY13OCT2217400PE.NFO,07/10/2022,09:27:01,205.1,205.35,100,205.65,150,400,2157500
NIFTY13OCT2217400PE.NFO,07/10/2022,09:27:02,205.2,205.05,100,205.5,100,650,2157500
NIFTY13OCT2217400PE.NFO,07/10/2022,09:27:03,204.35,204.05,300,204.5,150,400,2157500
NIFTY13OCT2217400PE.NFO,07/10/2022,09:27:04,203.6,203.3,150,203.5,150,2450,2157500
NIFTY13OCT2217400PE.NFO,07/10/2022,09:27:05,204.1,203.8,300,204.1,50,2700,2157500
NIFTY13OCT2217400PE.NFO,07/10/2022,09:27:05,204.1,204.05,100,204.4,50,50,2157500
NIFTY13OCT2217400PE.NFO,07/10/2022,09:27:06,203.8,203.65,100,204.1,250,750,2157500
NIFTY13OCT2217400PE.NFO,07/10/2022,09:27:07,203.75,203.4,300,203.8,250,700,2157500
NIFTY13OCT2217400PE.NFO,07/10/2022,09:27:08,203.2,203.05,150,203.3,150,1250,2157500
NIFTY13OCT2217400PE.NFO,07/10/2022,09:27:10,203.7,203.25,100,203.6,100,1450,2157500
NIFTY13OCT2217400PE.NFO,07/10/2022,09:27:11,203.8,203.95,350,204.25,50,900,2157500
NIFTY13OCT2217400PE.NFO,07/10/2022,09:27:12,203.7,203.5,150,203.85,50,50,2157500
NIFTY13OCT2217400PE.NFO,07/10/2022,09:27:13,204,203.75,200,204.1,100,150,2157500
NIFTY13OCT2217400PE.NFO,07/10/2022,09:27:14,204.3,204.5,50,204.85,200,350,2157500
NIFTY13OCT2217400PE.NFO,07/10/2022,09:27:14,204.45,204.45,200,204.85,100,450,2157500
NIFTY13OCT2217400PE.NFO,07/10/2022,09:27:15,203.8,203.95,150,204.25,100,50,2157500
NIFTY13OCT2217400PE.NFO,07/10/2022,09:27:16,204.05,204.1,350,204.45,50,650,2157500
NIFTY13OCT2217400PE.NFO,07/10/2022,09:27:17,204.75,204.8,50,205.15,200,850,2157500
NIFTY13OCT2217400PE.NFO,07/10/2022,09:27:18,205.5,205.2,100,205.5,100,950,2157500
NIFTY13OCT2217400PE.NFO,07/10/2022,09:27:20,206.5,206.5,300,206.9,150,1100,2157500
NIFTY13OCT2217400PE.NFO,07/10/2022,09:27:20,207,206.9,50,207.3,200,750,2157500
NIFTY13OCT2217400PE.NFO,07/10/2022,09:27:21,206.7,206.7,1200,207.05,100,50,2157500
NIFTY13OCT2217400PE.NFO,07/10/2022,09:27:23,208,207.9,400,208.2,50,2250,2157500
NIFTY13OCT2217400PE.NFO,07/10/2022,09:27:24,208.05,208,550,208.45,100,1300,2157500
NIFTY13OCT2217400PE.NFO,07/10/2022,09:27:24,208.65,208.2,200,208.65,250,100,2157500
NIFTY13OCT2217400PE.NFO,07/10/2022,09:27:25,209.45,209.5,50,209.85,200,4450,2157500
NIFTY13OCT2217400PE.NFO,07/10/2022,09:27:26,209.1,209.1,150,209.65,200,1350,2157500
NIFTY13OCT2217400PE.NFO,07/10/2022,09:27:28,209.45,209.7,300,210,2850,900,2157500
NIFTY13OCT2217400PE.NFO,07/10/2022,09:27:29,209.3,208.75,100,209.2,200,950,2157500
NIFTY13OCT2217400PE.NFO,07/10/2022,09:27:30,208.2,208.15,150,208.45,50,2300,2157500
NIFTY13OCT2217400PE.NFO,07/10/2022,09:27:31,207.9,207.45,100,207.8,100,1150,2157500
NIFTY13OCT2217400PE.NFO,07/10/2022,09:27:32,205.55,205.4,100,205.75,300,1850,2157500
NIFTY13OCT2217400PE.NFO,07/10/2022,09:27:33,207,207.2,100,207.65,200,1950,2157500
NIFTY13OCT2217400PE.NFO,07/10/2022,09:27:34,207.5,207.45,100,207.85,200,650,2157500
NIFTY13OCT2217400PE.NFO,07/10/2022,09:27:35,207.9,207.65,200,208.15,200,850,2157500
NIFTY13OCT2217400PE.NFO,07/10/2022,09:27:36,207.25,207.05,100,207.45,50,1550,2157500
NIFTY13OCT2217400PE.NFO,07/10/2022,09:27:37,206,205.65,200,206.05,100,700,2157500
NIFTY13OCT2217400PE.NFO,07/10/2022,09:27:38,205.35,204.8,200,205.2,700,1100,2157500
NIFTY13OCT2217400PE.NFO,07/10/2022,09:27:40,205.7,205.2,300,205.6,50,550,2157500
NIFTY13OCT2217400PE.NFO,07/10/2022,09:27:41,204.45,205,200,205.3,200,950,2157500
NIFTY13OCT2217400PE.NFO,07/10/2022,09:27:42,204.85,205.15,100,205.55,200,2750,2157500
NIFTY13OCT2217400PE.NFO,07/10/2022,09:27:43,205,204.7,100,205.05,50,2450,2157500
NIFTY13OCT2217400PE.NFO,07/10/2022,09:27:43,204.3,204.25,200,204.55,200,600,2157500
NIFTY13OCT2217400PE.NFO,07/10/2022,09:27:44,204.5,204.15,100,204.45,100,2550,2157500
NIFTY13OCT2217400PE.NFO,07/10/2022,09:27:46,204.55,204.4,200,204.75,100,1250,2157500
NIFTY13OCT2217400PE.NFO,07/10/2022,09:27:47,204.8,204.65,50,205,100,200,2157500
NIFTY13OCT2217400PE.NFO,07/10/2022,09:27:48,205.2,204.1,50,204.4,300,600,2157500
NIFTY13OCT2217400PE.NFO,07/10/2022,09:27:49,204,203.75,200,204.1,100,2300,2157500
NIFTY13OCT2217400PE.NFO,07/10/2022,09:27:50,204.2,203.85,150,204.2,100,450,2157500
NIFTY13OCT2217400PE.NFO,07/10/2022,09:27:50,204.2,203.75,350,204.1,100,0,2157500
NIFTY13OCT2217400PE.NFO,07/10/2022,09:27:51,202.7,202.65,2200,202.95,150,4450,2157500
NIFTY13OCT2217400PE.NFO,07/10/2022,09:27:53,203.2,203.15,100,203.6,400,6550,2157500
NIFTY13OCT2217400PE.NFO,07/10/2022,09:27:54,203.45,203.3,200,203.6,100,2550,2157500
NIFTY13OCT2217400PE.NFO,07/10/2022,09:27:55,203.75,203.4,200,203.7,100,650,2157500
NIFTY13OCT2217400PE.NFO,07/10/2022,09:27:56,203.55,203.75,150,204,50,350,2157500
NIFTY13OCT2217400PE.NFO,07/10/2022,09:27:57,204.2,203.2,100,203.45,50,1000,2157500
NIFTY13OCT2217400PE.NFO,07/10/2022,09:27:58,203.35,203.3,300,203.7,200,1900,2157500
NIFTY13OCT2217400PE.NFO,07/10/2022,09:27:59,203.75,203.7,650,204.1,300,2450,2157500
NIFTY13OCT2217400PE.NFO,07/10/2022,09:27:59,204,203.55,200,203.95,300,50,2157500
NIFTY13OCT2217400PE.NFO,07/10/2022,09:28:00,205,205.25,200,205.65,100,2250,2157500
NIFTY13OCT2217400PE.NFO,07/10/2022,09:28:02,208.55,208.4,150,208.75,100,2000,2157500
NIFTY13OCT2217400PE.NFO,07/10/2022,09:28:03,209.2,209.4,100,209.7,50,900,2157500
NIFTY13OCT2217400PE.NFO,07/10/2022,09:28:04,209.4,209.15,50,209.5,200,200,2157500
NIFTY13OCT2217400PE.NFO,07/10/2022,09:28:05,206.9,206.7,100,206.8,150,2650,2157500
NIFTY13OCT2217400PE.NFO,07/10/2022,09:28:06,207.2,206.8,100,206.9,150,1050,2157500
NIFTY13OCT2217400PE.NFO,07/10/2022,09:28:06,206.45,206.45,50,206.75,150,250,2157500
NIFTY13OCT2217400PE.NFO,07/10/2022,09:28:08,206.85,206.7,100,206.9,50,2050,2157500
NIFTY13OCT2217400PE.NFO,07/10/2022,09:28:09,207.5,207.35,100,207.8,150,150,2157500
NIFTY13OCT2217400PE.NFO,07/10/2022,09:28:10,207.65,206.35,100,206.7,150,100,2157500
NIFTY13OCT2217400PE.NFO,07/10/2022,09:28:11,207.2,206.7,150,207,150,100,2157500
NIFTY13OCT2217400PE.NFO,07/10/2022,09:28:12,207.5,207.45,100,207.8,150,1450,2157500
NIFTY13OCT2217400PE.NFO,07/10/2022,09:28:13,207.25,207.15,50,207.3,300,1200,2157500
NIFTY13OCT2217400PE.NFO,07/10/2022,09:28:13,207,207.05,50,207.2,150,100,2157500
NIFTY13OCT2217400PE.NFO,07/10/2022,09:28:14,207.3,207.25,150,207.75,150,2000,2157500
NIFTY13OCT2217400PE.NFO,07/10/2022,09:28:15,207.5,207.05,100,207.4,50,250,2157500
NIFTY13OCT2217400PE.NFO,07/10/2022,09:28:16,206.65,206.6,50,206.75,50,2000,2157500
NIFTY13OCT2217400PE.NFO,07/10/2022,09:28:17,206.55,206.4,50,206.55,100,1000,2157500
NIFTY13OCT2217400PE.NFO,07/10/2022,09:28:19,204.55,204.35,100,204.55,100,2850,2157500
NIFTY13OCT2217400PE.NFO,07/10/2022,09:28:20,204.8,204.5,250,204.85,150,1350,2157500
NIFTY13OCT2217400PE.NFO,07/10/2022,09:28:21,204.7,204.7,200,205.1,150,900,2157500
NIFTY13OCT2217400PE.NFO,07/10/2022,09:28:22,204.75,204.45,50,204.75,150,1000,2157500
NIFTY13OCT2217400PE.NFO,07/10/2022,09:28:22,204.75,204.2,50,204.5,200,0,2157500
NIFTY13OCT2217400PE.NFO,07/10/2022,09:28:24,204.7,204.7,50,205.05,250,300,2157500
NIFTY13OCT2217400PE.NFO,07/10/2022,09:28:24,206.05,205.95,50,206.05,100,800,2157500
NIFTY13OCT2217400PE.NFO,07/10/2022,09:28:25,205.6,205.85,50,206,100,1150,2157500
NIFTY13OCT2217400PE.NFO,07/10/2022,09:28:26,206.25,205.95,50,206.15,100,100,2157500
NIFTY13OCT2217400PE.NFO,07/10/2022,09:28:28,206.1,205.25,150,205.45,50,900,2157500
NIFTY13OCT2217400PE.NFO,07/10/2022,09:28:29,206,205.75,50,206,50,300,2157500
NIFTY13OCT2217400PE.NFO,07/10/2022,09:28:30,206.15,205.65,100,205.95,300,150,2157500
NIFTY13OCT2217400PE.NFO,07/10/2022,09:28:31,205.85,205.65,150,206.05,150,700,2157500
NIFTY13OCT2217400PE.NFO,07/10/2022,09:28:32,206.05,205.65,500,205.8,50,100,2157500
NIFTY13OCT2217400PE.NFO,07/10/2022,09:28:33,205.65,205.5,200,205.85,150,1750,2157500
NIFTY13OCT2217400PE.NFO,07/10/2022,09:28:34,205,205.05,200,205.3,150,800,2157500
NIFTY13OCT2217400PE.NFO,07/10/2022,09:28:34,205,205,350,205.15,300,250,2157500
NIFTY13OCT2217400PE.NFO,07/10/2022,09:28:36,206.4,206.2,200,206.6,250,800,2157500
NIFTY13OCT2217400PE.NFO,07/10/2022,09:28:37,205.75,205.35,100,205.7,100,300,2157500
NIFTY13OCT2217400PE.NFO,07/10/2022,09:28:38,205.1,205,350,205.25,150,100,2157500
NIFTY13OCT2217400PE.NFO,07/10/2022,09:28:39,204.95,204.9,300,205.3,100,900,2157500
NIFTY13OCT2217400PE.NFO,07/10/2022,09:28:40,205.65,205.25,200,205.6,100,900,2157500
NIFTY13OCT2217400PE.NFO,07/10/2022,09:28:41,205.1,204.6,200,204.95,150,800,2157500
NIFTY13OCT2217400PE.NFO,07/10/2022,09:28:42,205.1,205,100,205.1,200,200,2157500
NIFTY13OCT2217400PE.NFO,07/10/2022,09:28:43,206.25,205.95,150,206.3,100,1000,2157500
NIFTY13OCT2217400PE.NFO,07/10/2022,09:28:44,207.15,207.2,100,207.5,50,750,2157500
NIFTY13OCT2217400PE.NFO,07/10/2022,09:28:46,207.55,207.35,50,207.7,100,850,2157500
NIFTY13OCT2217400PE.NFO,07/10/2022,09:28:47,207.8,207.9,350,208.3,200,200,2157500
NIFTY13OCT2217400PE.NFO,07/10/2022,09:28:48,209.5,208.75,200,209.1,100,1200,2157500
NIFTY13OCT2217400PE.NFO,07/10/2022,09:28:49,209.15,208.75,50,209,200,100,2157500
NIFTY13OCT2217400PE.NFO,07/10/2022,09:28:50,209.25,209.5,150,209.8,50,2250,2157500
NIFTY13OCT2217400PE.NFO,07/10/2022,09:28:51,209.5,208.95,100,209.3,350,200,2157500
NIFTY13OCT2217400PE.NFO,07/10/2022,09:28:52,209.1,209,250,209.5,550,1450,2157500
NIFTY13OCT2217400PE.NFO,07/10/2022,09:28:53,209.1,209.25,100,209.65,100,1350,2157500
NIFTY13OCT2217400PE.NFO,07/10/2022,09:28:53,209.15,209.05,100,209.45,100,100,2157500
NIFTY13OCT2217400PE.NFO,07/10/2022,09:28:54,210.8,210.6,150,210.95,150,6900,2157500
NIFTY13OCT2217400PE.NFO,07/10/2022,09:28:56,210.9,210.5,150,210.95,200,6100,2157500
NIFTY13OCT2217400PE.NFO,07/10/2022,09:28:57,211.35,211.25,100,211.6,50,1350,2157500
NIFTY13OCT2217400PE.NFO,07/10/2022,09:28:58,212.05,211.8,200,212.15,200,4850,2157500
NIFTY13OCT2217400PE.NFO,07/10/2022,09:28:59,212.75,212,300,212.5,550,2000,2157500
NIFTY13OCT2217400PE.NFO,07/10/2022,09:29:00,213.55,212.95,100,213.4,700,3650,2157500
NIFTY13OCT2217400PE.NFO,07/10/2022,09:29:01,213.5,213.1,200,213.55,200,950,2157500
NIFTY13OCT2217400PE.NFO,07/10/2022,09:29:03,213.55,213.55,250,213.9,50,6650,2157500
NIFTY13OCT2217400PE.NFO,07/10/2022,09:29:04,214.3,214.05,200,214.5,200,5550,2157500
NIFTY13OCT2217400PE.NFO,07/10/2022,09:29:05,214.25,214.25,150,214.65,200,2150,2157500
NIFTY13OCT2217400PE.NFO,07/10/2022,09:29:06,214.65,214.35,150,214.8,400,2650,2157500
NIFTY13OCT2217400PE.NFO,07/10/2022,09:29:07,214.75,214.55,150,214.9,50,2350,2157500
NIFTY13OCT2217400PE.NFO,07/10/2022,09:29:08,215.2,215,200,215.4,50,8050,2157500
NIFTY13OCT2217400PE.NFO,07/10/2022,09:29:10,213.7,214.45,250,214.7,50,12800,2157500
NIFTY13OCT2217400PE.NFO,07/10/2022,09:29:11,214.95,215.05,150,215.35,50,2600,2157500
NIFTY13OCT2217400PE.NFO,07/10/2022,09:29:12,215.95,215.9,50,216,1050,1650,2157500
NIFTY13OCT2217400PE.NFO,07/10/2022,09:29:13,216.4,216.15,50,216.6,250,5100,2157500
NIFTY13OCT2217400PE.NFO,07/10/2022,09:29:14,217.8,217.5,50,217.7,200,7750,2157500
NIFTY13OCT2217400PE.NFO,07/10/2022,09:29:15,217.75,217.55,300,217.85,50,5300,2157500
NIFTY13OCT2217400PE.NFO,07/10/2022,09:29:16,217.45,217.15,150,217.55,100,4400,2157500
NIFTY13OCT2217400PE.NFO,07/10/2022,09:29:17,216.9,216.5,300,216.9,100,5500,2157500
NIFTY13OCT2217400PE.NFO,07/10/2022,09:29:19,217.55,217.55,100,217.85,50,3700,2157500
NIFTY13OCT2217400PE.NFO,07/10/2022,09:29:20,215.4,215.25,250,215.55,100,4000,2131450
NIFTY13OCT2217400PE.NFO,07/10/2022,09:29:21,216.4,215.9,50,216.3,100,9850,2131450
NIFTY13OCT2217400PE.NFO,07/10/2022,09:29:22,216,215.85,150,216.35,300,18100,2131450
NIFTY13OCT2217400PE.NFO,07/10/2022,09:29:23,215.5,215.15,50,215.25,50,950,2131450
NIFTY13OCT2217400PE.NFO,07/10/2022,09:29:24,216.65,216.4,50,216.55,50,1850,2131450
NIFTY13OCT2217400PE.NFO,07/10/2022,09:29:24,216.6,216.7,150,216.9,50,250,2131450
NIFTY13OCT2217400PE.NFO,07/10/2022,09:29:26,216.75,216.3,50,216.7,100,3600,2131450
NIFTY13OCT2217400PE.NFO,07/10/2022,09:29:26,216.25,215.7,250,216.05,250,2300,2131450
NIFTY13OCT2217400PE.NFO,07/10/2022,09:29:28,216.25,215.8,200,216,50,2950,2131450
NIFTY13OCT2217400PE.NFO,07/10/2022,09:29:29,216.6,216.25,200,216.6,200,600,2131450
NIFTY13OCT2217400PE.NFO,07/10/2022,09:29:30,217.35,217.35,250,217.65,50,1100,2131450
NIFTY13OCT2217400PE.NFO,07/10/2022,09:29:31,217.1,217.1,400,217.35,200,9150,2131450
NIFTY13OCT2217400PE.NFO,07/10/2022,09:29:32,216.35,216.4,150,216.7,100,12550,2131450
NIFTY13OCT2217400PE.NFO,07/10/2022,09:29:33,217.8,217.4,350,217.8,150,950,2131450
NIFTY13OCT2217400PE.NFO,07/10/2022,09:29:34,217.2,216.95,150,217.25,50,4900,2131450
NIFTY13OCT2217400PE.NFO,07/10/2022,09:29:35,217,216.85,100,217.25,50,1700,2131450
NIFTY13OCT2217400PE.NFO,07/10/2022,09:29:36,217.3,216.8,150,217.05,50,11550,2131450
NIFTY13OCT2217400PE.NFO,07/10/2022,09:29:37,216.55,216.55,100,216.95,100,4650,2131450
NIFTY13OCT2217400PE.NFO,07/10/2022,09:29:38,216.4,215.7,150,216.2,250,11050,2131450
NIFTY13OCT2217400PE.NFO,07/10/2022,09:29:39,216.3,215.75,200,216.25,100,250,2131450
NIFTY13OCT2217400PE.NFO,07/10/2022,09:29:40,216.75,216.15,300,216.35,50,1100,2131450
NIFTY13OCT2217400PE.NFO,07/10/2022,09:29:41,216.25,216.3,500,216.5,50,4800,2131450
NIFTY13OCT2217400PE.NFO,07/10/2022,09:29:42,216.95,216.65,150,217,250,5400,2131450
NIFTY13OCT2217400PE.NFO,07/10/2022,09:29:43,218.5,218.2,150,218.55,150,4100,2131450
NIFTY13OCT2217400PE.NFO,07/10/2022,09:29:44,217.8,217.7,100,218.1,200,8100,2131450
NIFTY13OCT2217400PE.NFO,07/10/2022,09:29:46,217.45,217.2,150,217.5,100,12500,2131450
NIFTY13OCT2217400PE.NFO,07/10/2022,09:29:47,217.95,218.1,100,218.55,150,3100,2131450
NIFTY13OCT2217400PE.NFO,07/10/2022,09:29:48,218.3,218,300,218.4,150,800,2131450
NIFTY13OCT2217400PE.NFO,07/10/2022,09:29:49,218.55,218.65,100,219,650,1450,2131450
NIFTY13OCT2217400PE.NFO,07/10/2022,09:29:51,219.15,218.8,100,219.3,350,2850,2131450
NIFTY13OCT2217400PE.NFO,07/10/2022,09:29:52,218.05,218.1,150,218.5,100,3000,2131450
NIFTY13OCT2217400PE.NFO,07/10/2022,09:29:53,218.25,218.25,150,218.35,50,2500,2131450
NIFTY13OCT2217400PE.NFO,07/10/2022,09:29:54,217.75,217.5,150,217.9,100,5200,2131450
NIFTY13OCT2217400PE.NFO,07/10/2022,09:29:55,217.7,217.15,150,217.6,300,7450,2131450
NIFTY13OCT2217400PE.NFO,07/10/2022,09:29:56,218.4,217.55,150,218,300,750,2131450
NIFTY13OCT2217400PE.NFO,07/10/2022,09:29:57,218.75,217.7,300,218.25,150,1450,2131450
NIFTY13OCT2217400PE.NFO,07/10/2022,09:29:58,218.8,218.85,100,219,50,1300,2131450
NIFTY13OCT2217400PE.NFO,07/10/2022,09:29:58,218.4,218.4,150,218.55,150,200,2131450
NIFTY13OCT2217400PE.NFO,07/10/2022,09:30:00,219.45,219.5,50,219.55,50,4050,2131450
NIFTY13OCT2217400PE.NFO,07/10/2022,09:30:01,219.4,219.4,300,219.85,150,14250,2131450
NIFTY13OCT2217400PE.NFO,07/10/2022,09:30:02,219.4,219,550,219.4,150,3150,2131450
NIFTY13OCT2217400PE.NFO,07/10/2022,09:30:03,218.65,218.4,150,218.65,50,4850,2131450
NIFTY13OCT2217400PE.NFO,07/10/2022,09:30:04,218.7,218.85,50,219.2,50,3000,2131450
NIFTY13OCT2217400PE.NFO,07/10/2022,09:30:04,218.95,218.85,50,219.2,150,700,2131450
NIFTY13OCT2217400PE.NFO,07/10/2022,09:30:06,219.75,219.35,50,219.7,200,1100,2131450
NIFTY13OCT2217400PE.NFO,07/10/2022,09:30:07,219.85,219.6,50,219.9,50,1600,2131450
NIFTY13OCT2217400PE.NFO,07/10/2022,09:30:08,220.3,220.25,200,220.65,300,3950,2131450
NIFTY13OCT2217400PE.NFO,07/10/2022,09:30:09,220.2,220,50,220.45,150,3200,2131450
NIFTY13OCT2217400PE.NFO,07/10/2022,09:30:10,220.35,220.4,100,220.7,200,9750,2131450
NIFTY13OCT2217400PE.NFO,07/10/2022,09:30:11,220.85,220.85,200,221.05,50,4600,2131450
NIFTY13OCT2217400PE.NFO,07/10/2022,09:30:12,221.8,221.3,100,221.65,100,3000,2131450
NIFTY13OCT2217400PE.NFO,07/10/2022,09:30:14,222.75,222.8,50,223,100,13100,2131450
NIFTY13OCT2217400PE.NFO,07/10/2022,09:30:15,224.4,223.95,400,224.45,50,7500,2131450
NIFTY13OCT2217400PE.NFO,07/10/2022,09:30:17,225.15,224.6,100,225,50,25000,2131450
NIFTY13OCT2217400PE.NFO,07/10/2022,09:30:18,225.5,225.1,100,225.3,50,9050,2131450
NIFTY13OCT2217400PE.NFO,07/10/2022,09:30:19,225.3,224.8,50,225.15,250,5800,2131450
NIFTY13OCT2217400PE.NFO,07/10/2022,09:30:20,225.3,225.3,100,225.75,100,12200,2131450
NIFTY13OCT2217400PE.NFO,07/10/2022,09:30:21,226.15,225.5,100,226,300,4550,2131450
NIFTY13OCT2217400PE.NFO,07/10/2022,09:30:23,226.05,225.55,100,225.8,200,14650,2131450
NIFTY13OCT2217400PE.NFO,07/10/2022,09:30:24,225.25,225.25,50,225.35,50,16100,2131450
NIFTY13OCT2217400PE.NFO,07/10/2022,09:30:25,226,225.85,100,226.3,300,11300,2131450
NIFTY13OCT2217400PE.NFO,07/10/2022,09:30:26,225.5,225.65,150,226,150,9600,2131450
NIFTY13OCT2217400PE.NFO,07/10/2022,09:30:28,228.15,227.6,100,228.1,100,16650,2131450
NIFTY13OCT2217400PE.NFO,07/10/2022,09:30:29,227.55,227.55,100,227.95,100,10250,2131450
NIFTY13OCT2217400PE.NFO,07/10/2022,09:30:30,228.5,228.05,200,228.6,550,13000,2131450
NIFTY13OCT2217400PE.NFO,07/10/2022,09:30:31,227.75,227.6,1200,227.9,200,15400,2131450
NIFTY13OCT2217400PE.NFO,07/10/2022,09:30:33,227.95,227.7,100,228.05,100,17800,2131450
NIFTY13OCT2217400PE.NFO,07/10/2022,09:30:34,228.25,228.1,500,228.3,100,26750,2131450
NIFTY13OCT2217400PE.NFO,07/10/2022,09:30:35,229.05,229.2,500,229.35,100,10900,2131450
NIFTY13OCT2217400PE.NFO,07/10/2022,09:30:36,227.55,227.35,400,227.55,50,24150,2131450
NIFTY13OCT2217400PE.NFO,07/10/2022,09:30:37,227.35,227.35,150,227.55,50,22700,2131450
NIFTY13OCT2217400PE.NFO,07/10/2022,09:30:38,227,227.25,500,227.5,600,14700,2131450
NIFTY13OCT2217400PE.NFO,07/10/2022,09:30:39,227.4,226.85,100,227.45,150,6400,2131450
NIFTY13OCT2217400PE.NFO,07/10/2022,09:30:40,226.4,226.35,50,226.45,100,17750,2131450
NIFTY13OCT2217400PE.NFO,07/10/2022,09:30:41,226.85,226.9,50,227.15,150,9800,2131450
NIFTY13OCT2217400PE.NFO,07/10/2022,09:30:42,226.1,225.7,50,226.15,100,10250,2131450
NIFTY13OCT2217400PE.NFO,07/10/2022,09:30:43,227.3,227.25,150,227.65,150,15550,2131450
NIFTY13OCT2217400PE.NFO,07/10/2022,09:30:44,227.15,226.9,100,227.25,400,14050,2131450
NIFTY13OCT2217400PE.NFO,07/10/2022,09:30:45,227.05,226.5,650,227.05,50,7450,2131450
NIFTY13OCT2217400PE.NFO,07/10/2022,09:30:46,227.55,226.95,150,227.4,200,7950,2131450
NIFTY13OCT2217400PE.NFO,07/10/2022,09:30:47,226.85,226.35,100,226.7,300,19850,2131450
NIFTY13OCT2217400PE.NFO,07/10/2022,09:30:48,227.1,226.65,150,227.1,150,8550,2131450
NIFTY13OCT2217400PE.NFO,07/10/2022,09:30:49,226.8,226.8,150,227.15,50,17200,2131450
NIFTY13OCT2217400PE.NFO,07/10/2022,09:30:50,227.3,226.45,100,226.8,200,3500,2131450
NIFTY13OCT2217400PE.NFO,07/10/2022,09:30:51,227,227,50,227.2,350,550,2131450
NIFTY13OCT2217400PE.NFO,07/10/2022,09:30:52,227.2,227.2,1800,227.35,100,8850,2131450
NIFTY13OCT2217400PE.NFO,07/10/2022,09:30:53,228.1,227.95,100,228.2,200,10900,2131450
NIFTY13OCT2217400PE.NFO,07/10/2022,09:30:55,227.6,227.6,250,227.7,550,12750,2131450
NIFTY13OCT2217400PE.NFO,07/10/2022,09:30:56,228.4,228.3,50,228.4,150,9150,2131450
NIFTY13OCT2217400PE.NFO,07/10/2022,09:30:57,228.15,228,50,228.25,150,2000,2131450
NIFTY13OCT2217400PE.NFO,07/10/2022,09:30:58,228.5,228.4,150,228.5,100,15400,2131450
NIFTY13OCT2217400PE.NFO,07/10/2022,09:30:59,228.3,228.1,250,228.3,500,8250,2131450
NIFTY13OCT2217400PE.NFO,07/10/2022,09:31:00,228.6,228.45,150,228.7,550,4500,2131450
NIFTY13OCT2217400PE.NFO,07/10/2022,09:31:01,228.25,228.55,50,228.95,50,1850,2131450
NIFTY13OCT2217400PE.NFO,07/10/2022,09:31:02,228.5,228.15,150,228.5,100,4750,2131450
NIFTY13OCT2217400PE.NFO,07/10/2022,09:31:03,228.8,228.55,150,228.9,200,3100,2131450
NIFTY13OCT2217400PE.NFO,07/10/2022,09:31:04,228.9,228.85,150,229.2,550,3050,2131450
NIFTY13OCT2217400PE.NFO,07/10/2022,09:31:05,229.45,229.05,400,229.45,100,3350,2131450
NIFTY13OCT2217400PE.NFO,07/10/2022,09:31:06,229.95,229.75,200,230,12550,4350,2131450
NIFTY13OCT2217400PE.NFO,07/10/2022,09:31:07,229.8,229.55,200,229.95,100,4800,2131450
NIFTY13OCT2217400PE.NFO,07/10/2022,09:31:08,230.5,230.5,50,230.75,50,17250,2131450
NIFTY13OCT2217400PE.NFO,07/10/2022,09:31:10,231.5,231.55,50,231.95,150,4550,2131450
NIFTY13OCT2217400PE.NFO,07/10/2022,09:31:10,231.85,231.55,50,231.95,150,0,2131450
NIFTY13OCT2217400PE.NFO,07/10/2022,09:31:11,231,231,100,231.2,200,8450,2131450
NIFTY13OCT2217400PE.NFO,07/10/2022,09:31:11,232.45,231,100,231.2,200,0,2131450
NIFTY13OCT2217400PE.NFO,07/10/2022,09:31:12,232.15,231.7,150,232.15,150,3200,2131450
NIFTY13OCT2217400PE.NFO,07/10/2022,09:31:13,231.9,231.9,100,232.15,50,1150,2131450
NIFTY13OCT2217400PE.NFO,07/10/2022,09:31:15,232,231.55,150,232,100,7950,2131450
NIFTY13OCT2217400PE.NFO,07/10/2022,09:31:15,232.5,231.55,150,232,100,0,2131450
NIFTY13OCT2217400PE.NFO,07/10/2022,09:31:16,231.9,231.55,50,231.95,150,13650,2131450
NIFTY13OCT2217400PE.NFO,07/10/2022,09:31:17,230.85,230.85,3550,231.05,200,5350,2131450
NIFTY13OCT2217400PE.NFO,07/10/2022,09:31:18,231.45,231.35,450,231.85,100,6800,2131450
NIFTY13OCT2217400PE.NFO,07/10/2022,09:31:19,231.6,231.7,50,231.85,50,2000,2131450
NIFTY13OCT2217400PE.NFO,07/10/2022,09:31:20,232.25,231.8,150,232.25,1000,5250,2131450
NIFTY13OCT2217400PE.NFO,07/10/2022,09:31:21,232.35,232.35,950,232.55,100,4500,2131450
NIFTY13OCT2217400PE.NFO,07/10/2022,09:31:21,232.7,232.35,950,232.55,100,0,2131450
NIFTY13OCT2217400PE.NFO,07/10/2022,09:31:22,232.1,232.05,50,232.45,150,3450,2131450
NIFTY13OCT2217400PE.NFO,07/10/2022,09:31:22,232.75,232.05,50,232.45,150,0,2131450
NIFTY13OCT2217400PE.NFO,07/10/2022,09:31:23,232.7,232.3,100,232.45,100,2100,2131450
NIFTY13OCT2217400PE.NFO,07/10/2022,09:31:24,232,232.05,150,232.3,50,2150,2131450
NIFTY13OCT2217400PE.NFO,07/10/2022,09:31:25,232.1,231.95,50,232.4,150,3500,2131450
NIFTY13OCT2217400PE.NFO,07/10/2022,09:31:26,232.35,232.35,150,232.6,200,6400,2131450
NIFTY13OCT2217400PE.NFO,07/10/2022,09:31:27,232.4,232.4,150,232.6,50,3250,2131450
NIFTY13OCT2217400PE.NFO,07/10/2022,09:31:28,233,232.9,100,233.2,150,10050,2131450
NIFTY13OCT2217400PE.NFO,07/10/2022,09:31:28,233.15,232.9,100,233.2,150,0,2131450
NIFTY13OCT2217400PE.NFO,07/10/2022,09:31:29,232.1,232,150,232.2,50,3750,2131450
NIFTY13OCT2217400PE.NFO,07/10/2022,09:31:29,233.2,232,150,232.2,50,0,2131450
NIFTY13OCT2217400PE.NFO,07/10/2022,09:31:30,232.8,232.05,200,232.45,50,6050,2131450
NIFTY13OCT2217400PE.NFO,07/10/2022,09:31:32,232.05,231.8,50,232,100,5050,2131450
NIFTY13OCT2217400PE.NFO,07/10/2022,09:31:33,231.8,231.7,150,232.1,550,3350,2131450
NIFTY13OCT2217400PE.NFO,07/10/2022,09:31:34,232.2,231.65,400,232.15,250,3550,2131450
NIFTY13OCT2217400PE.NFO,07/10/2022,09:31:35,230.4,230.35,100,230.8,150,9900,2131450
NIFTY13OCT2217400PE.NFO,07/10/2022,09:31:36,229.5,229.25,50,229.35,500,8750,2131450
NIFTY13OCT2217400PE.NFO,07/10/2022,09:31:37,228.95,228.6,200,229,250,13100,2131450
NIFTY13OCT2217400PE.NFO,07/10/2022,09:31:38,229.5,229.65,150,230,3250,3250,2131450
NIFTY13OCT2217400PE.NFO,07/10/2022,09:31:39,228.5,228,1800,228.4,150,12150,2131450
NIFTY13OCT2217400PE.NFO,07/10/2022,09:31:40,228.05,227.95,150,228.3,50,7100,2131450
NIFTY13OCT2217400PE.NFO,07/10/2022,09:31:41,228.5,228.15,50,228.45,100,4150,2131450
NIFTY13OCT2217400PE.NFO,07/10/2022,09:31:42,228.65,228.6,100,228.85,50,1400,2131450
NIFTY13OCT2217400PE.NFO,07/10/2022,09:31:43,229.15,229.2,100,229.65,150,8000,2131450
NIFTY13OCT2217400PE.NFO,07/10/2022,09:31:44,228.6,228.6,50,228.95,200,1700,2131450
NIFTY13OCT2217400PE.NFO,07/10/2022,09:31:45,228,227.5,250,227.95,100,4850,2131450
NIFTY13OCT2217400PE.NFO,07/10/2022,09:31:46,227.5,227.4,3250,227.5,200,16000,2131450
NIFTY13OCT2217400PE.NFO,07/10/2022,09:31:47,227.45,227.35,150,227.55,50,6300,2131450
NIFTY13OCT2217400PE.NFO,07/10/2022,09:31:48,226.8,226.8,300,227.2,200,4150,2131450
NIFTY13OCT2217400PE.NFO,07/10/2022,09:31:49,227.85,227.95,150,228.3,1050,950,2131450
NIFTY13OCT2217400PE.NFO,07/10/2022,09:31:50,227.7,227.7,150,227.95,50,3300,2131450
NIFTY13OCT2217400PE.NFO,07/10/2022,09:31:51,227.6,227.3,50,227.55,100,6000,2131450
NIFTY13OCT2217400PE.NFO,07/10/2022,09:31:52,227.25,227.35,50,227.4,200,2850,2131450
NIFTY13OCT2217400PE.NFO,07/10/2022,09:31:53,228.25,227.95,50,228.35,300,3950,2131450
NIFTY13OCT2217400PE.NFO,07/10/2022,09:31:54,228.15,227.95,150,228.15,50,3250,2131450
NIFTY13OCT2217400PE.NFO,07/10/2022,09:31:55,228,227.7,350,228,800,6250,2131450
NIFTY13OCT2217400PE.NFO,07/10/2022,09:31:56,228,228.2,250,228.5,200,800,2131450
NIFTY13OCT2217400PE.NFO,07/10/2022,09:31:57,228.95,228.65,50,228.85,200,2200,2131450
NIFTY13OCT2217400PE.NFO,07/10/2022,09:31:58,230,230.25,100,230.55,50,5550,2131450
NIFTY13OCT2217400PE.NFO,07/10/2022,09:31:59,230,230.4,50,230.55,50,1950,2131450
NIFTY13OCT2217400PE.NFO,07/10/2022,09:32:00,230.55,230.55,850,230.95,200,400,2131450
NIFTY13OCT2217400PE.NFO,07/10/2022,09:32:01,230.65,230.65,950,230.9,50,4950,2131450
NIFTY13OCT2217400PE.NFO,07/10/2022,09:32:02,231.1,231,150,231.2,50,100,2131450
NIFTY13OCT2217400PE.NFO,07/10/2022,09:32:03,231.7,231.6,150,231.85,200,1150,2131450
NIFTY13OCT2217400PE.NFO,07/10/2022,09:32:04,232.1,231.85,1500,232.15,50,8500,2131450
NIFTY13OCT2217400PE.NFO,07/10/2022,09:32:05,232.55,232.5,50,232.65,150,3150,2131450
NIFTY13OCT2217400PE.NFO,07/10/2022,09:32:06,232.8,232.35,100,232.75,50,4050,2131450
NIFTY13OCT2217400PE.NFO,07/10/2022,09:32:07,232.5,232.25,2250,232.65,350,650,2131450
NIFTY13OCT2217400PE.NFO,07/10/2022,09:32:08,232.9,232.5,300,232.85,250,2600,2131450
NIFTY13OCT2217400PE.NFO,07/10/2022,09:32:09,232.3,232.3,50,232.7,100,1150,2131450
NIFTY13OCT2217400PE.NFO,07/10/2022,09:32:10,232.05,232.1,50,232.45,150,650,2131450
NIFTY13OCT2217400PE.NFO,07/10/2022,09:32:11,231.8,232,100,232.3,50,2200,2131450
NIFTY13OCT2217400PE.NFO,07/10/2022,09:32:12,232.4,232.4,150,232.45,50,2050,2131450
NIFTY13OCT2217400PE.NFO,07/10/2022,09:32:13,232.35,232,500,232.4,100,850,2131450
NIFTY13OCT2217400PE.NFO,07/10/2022,09:32:14,232.4,232.05,100,232.4,350,2150,2131450
NIFTY13OCT2217400PE.NFO,07/10/2022,09:32:15,232.4,232.4,1100,232.7,200,1400,2131450
NIFTY13OCT2217400PE.NFO,07/10/2022,09:32:16,232.4,232.4,900,232.65,50,250,2131450
NIFTY13OCT2217400PE.NFO,07/10/2022,09:32:17,231.95,231.95,150,232.35,100,1750,2131450
NIFTY13OCT2217400PE.NFO,07/10/2022,09:32:18,232,231.95,150,232.25,50,400,2131450
NIFTY13OCT2217400PE.NFO,07/10/2022,09:32:19,232.55,232.2,100,232.45,200,3850,2131450
NIFTY13OCT2217400PE.NFO,07/10/2022,09:32:20,232.7,232.4,100,232.65,50,3900,1814250
NIFTY13OCT2217400PE.NFO,07/10/2022,09:32:21,232.5,232.5,50,232.8,200,5950,1814250
NIFTY13OCT2217400PE.NFO,07/10/2022,09:32:22,233.05,233,50,233.2,200,2000,1814250
NIFTY13OCT2217400PE.NFO,07/10/2022,09:32:23,233.3,232.85,400,233.3,50,4950,1814250
NIFTY13OCT2217400PE.NFO,07/10/2022,09:32:23,233.65,232.85,400,233.3,50,0,1814250
NIFTY13OCT2217400PE.NFO,07/10/2022,09:32:25,234.15,233.9,100,234.3,50,7800,1814250
NIFTY13OCT2217400PE.NFO,07/10/2022,09:32:25,234.95,233.9,100,234.3,50,0,1814250
NIFTY13OCT2217400PE.NFO,07/10/2022,09:32:26,231.35,230.85,100,231.3,400,8250,1814250
NIFTY13OCT2217400PE.NFO,07/10/2022,09:32:27,232.9,232.4,100,232.95,250,4100,1814250
NIFTY13OCT2217400PE.NFO,07/10/2022,09:32:28,233.2,233.3,100,233.75,100,4250,1814250
NIFTY13OCT2217400PE.NFO,07/10/2022,09:32:29,233.45,233.25,100,233.6,100,1950,1814250
NIFTY13OCT2217400PE.NFO,07/10/2022,09:32:30,231.9,231.55,100,232.1,100,6150,1814250
NIFTY13OCT2217400PE.NFO,07/10/2022,09:32:31,231.85,231.45,500,232,400,950,1814250
NIFTY13OCT2217400PE.NFO,07/10/2022,09:32:32,232,231.55,100,231.95,100,1350,1814250
NIFTY13OCT2217400PE.NFO,07/10/2022,09:32:33,231,230.9,200,231.35,100,7600,1814250
NIFTY13OCT2217400PE.NFO,07/10/2022,09:32:34,230.05,229.35,100,229.75,50,6550,1814250
NIFTY13OCT2217400PE.NFO,07/10/2022,09:32:35,227.9,227.65,100,227.9,50,6650,1814250
NIFTY13OCT2217400PE.NFO,07/10/2022,09:32:37,229.95,229.7,50,230.15,150,8600,1814250
NIFTY13OCT2217400PE.NFO,07/10/2022,09:32:38,229.75,229.65,100,230.05,100,2900,1814250
NIFTY13OCT2217400PE.NFO,07/10/2022,09:32:39,229.85,229.2,100,229.4,100,1950,1814250
NIFTY13OCT2217400PE.NFO,07/10/2022,09:32:40,229.2,229.25,100,229.7,50,750,1814250
NIFTY13OCT2217400PE.NFO,07/10/2022,09:32:41,229.45,229.65,100,229.75,50,2350,1814250
NIFTY13OCT2217400PE.NFO,07/10/2022,09:32:42,229.6,229.2,50,229.5,550,1800,1814250
NIFTY13OCT2217400PE.NFO,07/10/2022,09:32:43,229.2,228.7,100,229.1,200,2650,1814250
NIFTY13OCT2217400PE.NFO,07/10/2022,09:32:44,230.2,229.55,50,229.7,100,3050,1814250
NIFTY13OCT2217400PE.NFO,07/10/2022,09:32:45,229.2,229.2,100,229.6,250,250,1814250
NIFTY13OCT2217400PE.NFO,07/10/2022,09:32:46,229.3,229.4,400,229.8,50,1550,1814250
NIFTY13OCT2217400PE.NFO,07/10/2022,09:32:47,229.35,229.4,100,229.8,100,2100,1814250
NIFTY13OCT2217400PE.NFO,07/10/2022,09:32:48,229.25,229.4,100,229.75,50,1400,1814250
NIFTY13OCT2217400PE.NFO,07/10/2022,09:32:49,230.1,230.15,50,230.3,50,2300,1814250
NIFTY13OCT2217400PE.NFO,07/10/2022,09:32:50,229.85,229.9,50,230,50,4400,1814250
NIFTY13OCT2217400PE.NFO,07/10/2022,09:32:51,230,230.1,50,230.45,150,1450,1814250
NIFTY13OCT2217400PE.NFO,07/10/2022,09:32:52,230.05,230,100,230.15,50,1150,1814250
NIFTY13OCT2217400PE.NFO,07/10/2022,09:32:53,230.25,230.05,50,230.45,200,3050,1814250
NIFTY13OCT2217400PE.NFO,07/10/2022,09:32:55,230.3,230.6,300,230.9,450,3750,1814250
NIFTY13OCT2217400PE.NFO,07/10/2022,09:32:56,230.4,230.4,150,230.7,150,4150,1814250
NIFTY13OCT2217400PE.NFO,07/10/2022,09:32:57,230.8,230.8,50,230.85,50,2950,1814250
NIFTY13OCT2217400PE.NFO,07/10/2022,09:32:58,230.8,230.45,550,230.8,250,2950,1814250
NIFTY13OCT2217400PE.NFO,07/10/2022,09:32:59,230.9,230.5,600,230.95,100,2050,1814250
NIFTY13OCT2217400PE.NFO,07/10/2022,09:33:01,230.5,231,600,231.25,900,1200,1814250
NIFTY13OCT2217400PE.NFO,07/10/2022,09:33:01,231.05,230.55,400,230.95,100,2100,1814250
NIFTY13OCT2217400PE.NFO,07/10/2022,09:33:02,230.95,230.5,500,230.95,100,2400,1814250
NIFTY13OCT2217400PE.NFO,07/10/2022,09:33:03,230.65,230.2,600,230.6,100,1600,1814250
NIFTY13OCT2217400PE.NFO,07/10/2022,09:33:04,231.15,231.05,900,231.25,800,4700,1814250
NIFTY13OCT2217400PE.NFO,07/10/2022,09:33:06,230.3,230.25,450,230.6,100,2100,1814250
NIFTY13OCT2217400PE.NFO,07/10/2022,09:33:06,230.5,230.55,100,230.95,100,1350,1814250
NIFTY13OCT2217400PE.NFO,07/10/2022,09:33:07,230.5,230.45,100,230.85,100,1100,1814250
NIFTY13OCT2217400PE.NFO,07/10/2022,09:33:08,230.2,230.15,50,230.45,150,1350,1814250
NIFTY13OCT2217400PE.NFO,07/10/2022,09:33:09,230.15,230.05,100,230.45,50,600,1814250
NIFTY13OCT2217400PE.NFO,07/10/2022,09:33:10,230.35,230.05,150,230.4,50,3250,1814250
NIFTY13OCT2217400PE.NFO,07/10/2022,09:33:11,227.9,227.6,100,227.9,50,7850,1814250
NIFTY13OCT2217400PE.NFO,07/10/2022,09:33:12,229.3,228.8,550,229.2,150,2250,1814250
NIFTY13OCT2217400PE.NFO,07/10/2022,09:33:13,229,229.15,500,229.5,50,1300,1814250
NIFTY13OCT2217400PE.NFO,07/10/2022,09:33:14,228.05,227.75,50,227.95,50,2300,1814250
NIFTY13OCT2217400PE.NFO,07/10/2022,09:33:16,227.7,227.7,50,228.1,100,1150,1814250
NIFTY13OCT2217400PE.NFO,07/10/2022,09:33:16,227.3,227,300,227.2,150,1950,1814250
NIFTY13OCT2217400PE.NFO,07/10/2022,09:33:17,228.6,228.5,850,228.95,50,2250,1814250
NIFTY13OCT2217400PE.NFO,07/10/2022,09:33:18,228.75,228.2,50,228.5,150,1950,1814250
NIFTY13OCT2217400PE.NFO,07/10/2022,09:33:19,228.5,228.35,150,228.8,500,1150,1814250
NIFTY13OCT2217400PE.NFO,07/10/2022,09:33:20,228.3,228.65,150,228.85,100,500,1814250
NIFTY13OCT2217400PE.NFO,07/10/2022,09:33:21,228.6,228.6,550,229.05,150,350,1814250
NIFTY13OCT2217400PE.NFO,07/10/2022,09:33:22,228.6,228.6,1200,228.75,50,1750,1814250
NIFTY13OCT2217400PE.NFO,07/10/2022,09:33:23,228.6,228.6,300,228.85,100,1500,1814250
NIFTY13OCT2217400PE.NFO,07/10/2022,09:33:25,228.15,228.2,50,228.4,100,1700,1814250
NIFTY13OCT2217400PE.NFO,07/10/2022,09:33:25,228.4,228.25,150,228.45,100,100,1814250
NIFTY13OCT2217400PE.NFO,07/10/2022,09:33:26,229,228.65,100,229.1,150,1700,1814250
NIFTY13OCT2217400PE.NFO,07/10/2022,09:33:27,229.1,228.55,350,228.85,100,2400,1814250
NIFTY13OCT2217400PE.NFO,07/10/2022,09:33:28,228.95,228.45,100,228.95,100,1050,1814250
NIFTY13OCT2217400PE.NFO,07/10/2022,09:33:29,228.55,228.05,150,228.55,350,1050,1814250
NIFTY13OCT2217400PE.NFO,07/10/2022,09:33:30,227.5,227.35,100,227.7,100,450,1814250
NIFTY13OCT2217400PE.NFO,07/10/2022,09:33:31,227.8,227.8,850,227.85,50,3600,1814250
NIFTY13OCT2217400PE.NFO,07/10/2022,09:33:33,228.1,227.95,500,228.15,100,1750,1814250
NIFTY13OCT2217400PE.NFO,07/10/2022,09:33:33,227.5,227.45,100,227.6,450,2350,1814250
NIFTY13OCT2217400PE.NFO,07/10/2022,09:33:34,226.65,226.7,150,227.05,100,2550,1814250
NIFTY13OCT2217400PE.NFO,07/10/2022,09:33:35,226.8,226.35,250,226.8,50,2250,1814250
NIFTY13OCT2217400PE.NFO,07/10/2022,09:33:36,226.85,226.65,100,227,150,2100,1814250
NIFTY13OCT2217400PE.NFO,07/10/2022,09:33:38,227.2,227.05,50,227.5,100,3550,1814250
NIFTY13OCT2217400PE.NFO,07/10/2022,09:33:38,227.2,226.95,50,227.2,100,250,1814250
NIFTY13OCT2217400PE.NFO,07/10/2022,09:33:39,226.2,226.4,150,226.8,200,700,1814250
NIFTY13OCT2217400PE.NFO,07/10/2022,09:33:40,227,226.8,200,227,1100,1700,1814250
NIFTY13OCT2217400PE.NFO,07/10/2022,09:33:41,226.6,226.5,150,226.9,200,1700,1814250
NIFTY13OCT2217400PE.NFO,07/10/2022,09:33:42,226.35,226,300,226.4,200,1300,1814250
NIFTY13OCT2217400PE.NFO,07/10/2022,09:33:43,226.5,226.5,150,226.9,150,300,1814250
NIFTY13OCT2217400PE.NFO,07/10/2022,09:33:44,226.1,226.05,100,226.45,150,1050,1814250
NIFTY13OCT2217400PE.NFO,07/10/2022,09:33:45,226.05,226,100,226.4,150,1150,1814250
NIFTY13OCT2217400PE.NFO,07/10/2022,09:33:47,225.65,225.55,150,225.95,150,900,1814250
NIFTY13OCT2217400PE.NFO,07/10/2022,09:33:47,225.9,225.45,250,225.9,100,200,1814250
NIFTY13OCT2217400PE.NFO,07/10/2022,09:33:48,226.25,225.95,100,226.35,200,950,1814250
NIFTY13OCT2217400PE.NFO,07/10/2022,09:33:49,225.3,225.25,50,225.6,50,2500,1814250
NIFTY13OCT2217400PE.NFO,07/10/2022,09:33:50,226,226.1,100,226.45,50,1150,1814250
NIFTY13OCT2217400PE.NFO,07/10/2022,09:33:51,224.35,224.35,200,224.7,50,3900,1814250
NIFTY13OCT2217400PE.NFO,07/10/2022,09:33:52,224.75,224.75,150,225.15,50,4500,1814250
NIFTY13OCT2217400PE.NFO,07/10/2022,09:33:53,225.55,225.4,50,225.85,150,1000,1814250
NIFTY13OCT2217400PE.NFO,07/10/2022,09:33:55,226.7,226.6,50,226.95,50,1500,1814250
NIFTY13OCT2217400PE.NFO,07/10/2022,09:33:55,226.55,226.6,150,226.85,150,800,1814250
NIFTY13OCT2217400PE.NFO,07/10/2022,09:33:57,226.75,227,250,227.45,150,1300,1814250
NIFTY13OCT2217400PE.NFO,07/10/2022,09:33:57,226.2,226.25,300,226.6,150,250,1814250
NIFTY13OCT2217400PE.NFO,07/10/2022,09:33:58,228.1,228.25,150,228.55,100,2650,1814250
NIFTY13OCT2217400PE.NFO,07/10/2022,09:33:59,228.15,228.1,150,228.5,150,700,1814250
NIFTY13OCT2217400PE.NFO,07/10/2022,09:34:00,229.9,229.6,200,229.95,100,4250,1814250
NIFTY13OCT2217400PE.NFO,07/10/2022,09:34:01,230.3,230.35,100,230.6,50,3250,1814250
NIFTY13OCT2217400PE.NFO,07/10/2022,09:34:02,230.4,230,250,230.3,50,500,1814250
NIFTY13OCT2217400PE.NFO,07/10/2022,09:34:04,229,228.8,50,229.15,300,2650,1814250
NIFTY13OCT2217400PE.NFO,07/10/2022,09:34:05,228.25,228.25,2400,228.65,50,350,1814250
NIFTY13OCT2217400PE.NFO,07/10/2022,09:34:05,228.25,228.25,2250,228.4,150,600,1814250
NIFTY13OCT2217400PE.NFO,07/10/2022,09:34:07,228.15,227.85,50,228.25,200,2500,1814250
NIFTY13OCT2217400PE.NFO,07/10/2022,09:34:07,228.15,227.9,150,228.35,50,250,1814250
NIFTY13OCT2217400PE.NFO,07/10/2022,09:34:08,228.8,228.75,150,228.95,50,150,1814250
NIFTY13OCT2217400PE.NFO,07/10/2022,09:34:09,229.1,229,100,229.3,50,250,1814250
NIFTY13OCT2217400PE.NFO,07/10/2022,09:34:10,228.8,228.65,50,229,50,400,1814250
NIFTY13OCT2217400PE.NFO,07/10/2022,09:34:11,228.55,228.2,100,228.45,50,200,1814250
NIFTY13OCT2217400PE.NFO,07/10/2022,09:34:12,229.65,229.5,100,229.85,150,9350,1814250
NIFTY13OCT2217400PE.NFO,07/10/2022,09:34:13,229.4,229.4,150,229.75,100,950,1814250
NIFTY13OCT2217400PE.NFO,07/10/2022,09:34:14,229.45,229.1,50,229.4,250,500,1814250
NIFTY13OCT2217400PE.NFO,07/10/2022,09:34:15,229.35,229.25,50,229.4,50,550,1814250
NIFTY13OCT2217400PE.NFO,07/10/2022,09:34:17,229.1,228.65,150,228.9,50,700,1814250
NIFTY13OCT2217400PE.NFO,07/10/2022,09:34:17,229.15,228.85,150,229.2,50,150,1814250
NIFTY13OCT2217400PE.NFO,07/10/2022,09:34:18,229.25,228.8,200,229.2,50,350,1814250
NIFTY13OCT2217400PE.NFO,07/10/2022,09:34:19,229.8,229.35,50,229.75,200,400,1814250
NIFTY13OCT2217400PE.NFO,07/10/2022,09:34:20,229.2,228.55,100,228.85,50,2150,1814250
NIFTY13OCT2217400PE.NFO,07/10/2022,09:34:21,229.2,228.8,100,229.2,700,2250,1814250
NIFTY13OCT2217400PE.NFO,07/10/2022,09:34:22,229,229,300,229.25,300,1150,1814250
NIFTY13OCT2217400PE.NFO,07/10/2022,09:34:23,228.3,228.5,550,228.95,50,1500,1814250
NIFTY13OCT2217400PE.NFO,07/10/2022,09:34:24,229,228.25,250,228.75,100,600,1814250
NIFTY13OCT2217400PE.NFO,07/10/2022,09:34:25,228.65,228.4,200,228.8,100,500,1814250
NIFTY13OCT2217400PE.NFO,07/10/2022,09:34:26,229.05,228.6,250,229.05,150,1200,1814250
NIFTY13OCT2217400PE.NFO,07/10/2022,09:34:27,229.1,229.05,50,229.4,150,400,1814250
NIFTY13OCT2217400PE.NFO,07/10/2022,09:34:28,229.55,229.35,200,229.8,150,500,1814250
NIFTY13OCT2217400PE.NFO,07/10/2022,09:34:30,229.35,229.4,50,229.8,150,4650,1814250
NIFTY13OCT2217400PE.NFO,07/10/2022,09:34:30,229.45,229.45,100,229.85,50,250,1814250
NIFTY13OCT2217400PE.NFO,07/10/2022,09:34:31,229.75,229.75,150,230,1050,1050,1814250
NIFTY13OCT2217400PE.NFO,07/10/2022,09:34:32,229.95,229.2,100,229.4,50,250,1814250
NIFTY13OCT2217400PE.NFO,07/10/2022,09:34:33,229.05,229.05,100,229.4,50,200,1814250
NIFTY13OCT2217400PE.NFO,07/10/2022,09:34:34,229.3,229.05,50,229.3,50,150,1814250
NIFTY13OCT2217400PE.NFO,07/10/2022,09:34:35,229.7,229.75,50,229.95,150,250,1814250
NIFTY13OCT2217400PE.NFO,07/10/2022,09:34:36,229.45,229.1,50,229.5,50,150,1814250
NIFTY13OCT2217400PE.NFO,07/10/2022,09:34:38,228.85,228.4,100,228.8,150,250,1814250
NIFTY13OCT2217400PE.NFO,07/10/2022,09:34:38,228.95,228.35,50,228.8,200,550,1814250
NIFTY13OCT2217400PE.NFO,07/10/2022,09:34:39,227.2,226.75,150,227,100,2200,1814250
NIFTY13OCT2217400PE.NFO,07/10/2022,09:34:40,226.05,226,600,226.05,150,1150,1814250
NIFTY13OCT2217400PE.NFO,07/10/2022,09:34:41,225.1,225.1,150,225.55,50,1150,1814250
NIFTY13OCT2217400PE.NFO,07/10/2022,09:34:42,226,225.3,850,226,1100,1050,1814250
NIFTY13OCT2217400PE.NFO,07/10/2022,09:34:43,226,225.35,150,225.8,50,150,1814250
NIFTY13OCT2217400PE.NFO,07/10/2022,09:34:44,225.4,225.65,150,226.05,100,1250,1814250
NIFTY13OCT2217400PE.NFO,07/10/2022,09:34:45,226.35,226.35,50,226.6,250,950,1814250
NIFTY13OCT2217400PE.NFO,07/10/2022,09:34:46,226.45,225.65,150,225.95,50,2400,1814250
NIFTY13OCT2217400PE.NFO,07/10/2022,09:34:47,225.85,226.1,150,226.55,150,400,1814250
NIFTY13OCT2217400PE.NFO,07/10/2022,09:34:49,225.85,225.5,50,225.95,150,10050,1814250
NIFTY13OCT2217400PE.NFO,07/10/2022,09:34:49,226.85,226.55,100,226.95,900,350,1814250
NIFTY13OCT2217400PE.NFO,07/10/2022,09:34:51,226.75,226.75,100,227.1,50,2700,1814250
NIFTY13OCT2217400PE.NFO,07/10/2022,09:34:52,226.85,226.65,150,227,50,1050,1814250
NIFTY13OCT2217400PE.NFO,07/10/2022,09:34:52,226.6,226.6,50,226.95,150,100,1814250
NIFTY13OCT2217400PE.NFO,07/10/2022,09:34:53,226,225.85,400,226.2,150,250,1814250
NIFTY13OCT2217400PE.NFO,07/10/2022,09:34:54,225.95,225.9,200,226.3,150,400,1814250
NIFTY13OCT2217400PE.NFO,07/10/2022,09:34:55,226,225.8,1550,226.25,150,50,1814250
NIFTY13OCT2217400PE.NFO,07/10/2022,09:34:56,226,225.95,50,226.25,50,0,1814250
NIFTY13OCT2217400PE.NFO,07/10/2022,09:34:57,226.3,226,350,226.45,50,1050,1814250
NIFTY13OCT2217400PE.NFO,07/10/2022,09:34:58,226,225.5,150,226,800,200,1814250
NIFTY13OCT2217400PE.NFO,07/10/2022,09:34:59,225.65,225.25,150,225.7,150,1750,1814250
NIFTY13OCT2217400PE.NFO,07/10/2022,09:35:00,224.7,224.7,50,224.75,100,2050,1814250
NIFTY13OCT2217400PE.NFO,07/10/2022,09:35:01,225.05,225.35,100,225.7,150,1250,1814250
NIFTY13OCT2217400PE.NFO,07/10/2022,09:35:02,225.85,225.65,550,225.9,50,1300,1814250
NIFTY13OCT2217400PE.NFO,07/10/2022,09:35:04,225.55,225,200,225.4,150,900,1814250
NIFTY13OCT2217400PE.NFO,07/10/2022,09:35:04,225,224.75,50,225.15,150,400,1814250
NIFTY13OCT2217400PE.NFO,07/10/2022,09:35:05,225.1,225.1,1050,225.55,150,1250,1814250
NIFTY13OCT2217400PE.NFO,07/10/2022,09:35:06,224.55,224.6,300,224.95,500,4150,1814250
NIFTY13OCT2217400PE.NFO,07/10/2022,09:35:07,224.95,224.6,600,225.05,100,450,1814250
NIFTY13OCT2217400PE.NFO,07/10/2022,09:35:08,224.4,224.25,500,224.65,100,1500,1814250
NIFTY13OCT2217400PE.NFO,07/10/2022,09:35:09,224.85,224.4,300,224.85,200,300,1814250
NIFTY13OCT2217400PE.NFO,07/10/2022,09:35:10,224.85,224.3,1450,224.75,200,1300,1814250
NIFTY13OCT2217400PE.NFO,07/10/2022,09:35:11,224.2,224.25,650,224.8,150,400,1814250
NIFTY13OCT2217400PE.NFO,07/10/2022,09:35:13,222.25,222.05,200,222.3,200,3150,1814250
NIFTY13OCT2217400PE.NFO,07/10/2022,09:35:14,221.75,221.45,50,221.8,100,2950,1814250
NIFTY13OCT2217400PE.NFO,07/10/2022,09:35:15,220.6,220.65,200,221.05,50,6700,1814250
NIFTY13OCT2217400PE.NFO,07/10/2022,09:35:17,220.9,220.9,100,221.35,150,1650,1814250
NIFTY13OCT2217400PE.NFO,07/10/2022,09:35:18,221,220.95,300,221.2,100,900,1814250
NIFTY13OCT2217400PE.NFO,07/10/2022,09:35:19,221.6,221.3,50,221.6,50,3000,1814250
NIFTY13OCT2217400PE.NFO,07/10/2022,09:35:20,222.1,221.4,200,221.75,200,1000,1814250
NIFTY13OCT2217400PE.NFO,07/10/2022,09:35:20,221.65,221.35,100,221.8,200,100,1814250
NIFTY13OCT2217400PE.NFO,07/10/2022,09:35:21,221.55,221.3,50,221.7,200,1050,1713400
NIFTY13OCT2217400PE.NFO,07/10/2022,09:35:23,220.95,221.05,50,221.5,250,13150,1713400
NIFTY13OCT2217400PE.NFO,07/10/2022,09:35:24,221.55,221.15,100,221.55,50,250,1713400
NIFTY13OCT2217400PE.NFO,07/10/2022,09:35:25,221.7,221.65,50,221.95,200,2450,1713400
NIFTY13OCT2217400PE.NFO,07/10/2022,09:35:25,221.6,221.75,100,222.1,100,550,1713400
NIFTY13OCT2217400PE.NFO,07/10/2022,09:35:26,222.85,223,50,223.4,100,700,1713400
NIFTY13OCT2217400PE.NFO,07/10/2022,09:35:28,223.4,223.35,100,223.65,50,1350,1713400
NIFTY13OCT2217400PE.NFO,07/10/2022,09:35:29,224.8,224.8,150,225.15,50,4350,1713400
NIFTY13OCT2217400PE.NFO,07/10/2022,09:35:30,225.65,225.5,200,225.9,150,3300,1713400
NIFTY13OCT2217400PE.NFO,07/10/2022,09:35:30,225.5,225.3,500,225.55,50,250,1713400
NIFTY13OCT2217400PE.NFO,07/10/2022,09:35:31,225.4,225.35,50,225.8,200,2750,1713400
NIFTY13OCT2217400PE.NFO,07/10/2022,09:35:32,225.75,225.5,550,225.9,200,600,1713400
NIFTY13OCT2217400PE.NFO,07/10/2022,09:35:33,226.35,226,250,226.35,100,2450,1713400
NIFTY13OCT2217400PE.NFO,07/10/2022,09:35:34,226,226,200,226.1,100,600,1713400
NIFTY13OCT2217400PE.NFO,07/10/2022,09:35:35,225,224.6,300,225,50,1300,1713400
NIFTY13OCT2217400PE.NFO,07/10/2022,09:35:36,225.45,225.45,350,225.75,250,800,1713400
NIFTY13OCT2217400PE.NFO,07/10/2022,09:35:38,225.75,225.7,50,226.1,200,2900,1713400
NIFTY13OCT2217400PE.NFO,07/10/2022,09:35:39,225.55,225.3,50,225.7,550,100,1713400
NIFTY13OCT2217400PE.NFO,07/10/2022,09:35:40,225.9,225.85,150,226.35,100,700,1713400
NIFTY13OCT2217400PE.NFO,07/10/2022,09:35:41,225.65,225.5,50,225.9,200,1700,1713400
NIFTY13OCT2217400PE.NFO,07/10/2022,09:35:41,225.65,225.55,50,225.9,100,0,1713400
NIFTY13OCT2217400PE.NFO,07/10/2022,09:35:42,224.95,224.7,150,225.05,150,2750,1713400
NIFTY13OCT2217400PE.NFO,07/10/2022,09:35:43,224.85,224.5,400,225,100,450,1713400
NIFTY13OCT2217400PE.NFO,07/10/2022,09:35:44,225,225.05,150,225.45,300,450,1713400
NIFTY13OCT2217400PE.NFO,07/10/2022,09:35:46,225.4,225.3,200,225.75,150,1250,1713400
NIFTY13OCT2217400PE.NFO,07/10/2022,09:35:47,225.95,225.8,200,226.3,200,700,1713400
NIFTY13OCT2217400PE.NFO,07/10/2022,09:35:48,226.3,225.6,600,226.05,100,500,1713400
NIFTY13OCT2217400PE.NFO,07/10/2022,09:35:49,225.3,225.1,50,225.45,200,1750,1713400
NIFTY13OCT2217400PE.NFO,07/10/2022,09:35:49,225.3,225,50,225.15,50,0,1713400
NIFTY13OCT2217400PE.NFO,07/10/2022,09:35:50,226.35,226.05,50,226.4,150,1000,1713400
