Ticker,Date,Time,LTP,BuyPrice,BuyQty,SellPrice,SellQty,LTQ,OpenInterest
NIFTY20OCT2217400PE.NFO,14/10/2022,09:15:02,215.85,211.75,100,212.7,450,700,94100
NIFTY20OCT2217400PE.NFO,14/10/2022,09:15:02,212.75,211.75,100,212.7,450,0,94100
NIFTY20OCT2217400PE.NFO,14/10/2022,09:15:02,215.85,211.75,100,212.7,450,0,94100
NIFTY20OCT2217400PE.NFO,14/10/2022,09:15:02,210.15,211.75,100,212.7,450,0,94100
NIFTY20OCT2217400PE.NFO,14/10/2022,09:15:04,207.2,202.3,300,206.95,450,15350,94100
NIFTY20OCT2217400PE.NFO,14/10/2022,09:15:04,185.8,202.3,300,206.95,450,0,94100
NIFTY20OCT2217400PE.NFO,14/10/2022,09:15:05,199.6,197.1,400,201.9,150,9550,94100
NIFTY20OCT2217400PE.NFO,14/10/2022,09:15:06,198.5,199.1,400,200.35,400,5450,94100
NIFTY20OCT2217400PE.NFO,14/10/2022,09:15:08,212.65,212,400,215.35,450,20700,94100
NIFTY20OCT2217400PE.NFO,14/10/2022,09:15:08,217.05,212,400,215.35,450,0,94100
NIFTY20OCT2217400PE.NFO,14/10/2022,09:15:09,209.25,208,100,211.9,450,11100,94100
NIFTY20OCT2217400PE.NFO,14/10/2022,09:15:09,218.25,208,100,211.9,450,0,94100
NIFTY20OCT2217400PE.NFO,14/10/2022,09:15:10,207.85,207,50,207.8,50,5450,94100
NIFTY20OCT2217400PE.NFO,14/10/2022,09:15:12,206.25,205.8,200,206.5,900,8200,94100
NIFTY20OCT2217400PE.NFO,14/10/2022,09:15:13,204.15,203.25,350,204.35,400,8500,94100
NIFTY20OCT2217400PE.NFO,14/10/2022,09:15:14,205.2,204.75,50,205.95,400,9250,94100
NIFTY20OCT2217400PE.NFO,14/10/2022,09:15:15,206.25,205,50,207.65,450,12700,94100
NIFTY20OCT2217400PE.NFO,14/10/2022,09:15:17,205.55,204.9,500,205.6,50,6150,94100
NIFTY20OCT2217400PE.NFO,14/10/2022,09:15:18,202.95,202.3,50,202.95,100,8300,94100
NIFTY20OCT2217400PE.NFO,14/10/2022,09:15:19,204.5,202.9,400,204.1,400,11400,94100
NIFTY20OCT2217400PE.NFO,14/10/2022,09:15:20,204.2,204.35,50,205.35,50,5300,94100
NIFTY20OCT2217400PE.NFO,14/10/2022,09:15:22,205.55,205.5,150,206.85,450,6550,94100
NIFTY20OCT2217400PE.NFO,14/10/2022,09:15:23,205.75,204.95,450,205.8,100,9350,94100
NIFTY20OCT2217400PE.NFO,14/10/2022,09:15:24,206.3,205.2,100,206.05,100,4300,94100
NIFTY20OCT2217400PE.NFO,14/10/2022,09:15:25,205.8,205.8,50,206.6,500,5350,94100
NIFTY20OCT2217400PE.NFO,14/10/2022,09:15:26,206.8,206.1,50,206.8,50,2300,94100
NIFTY20OCT2217400PE.NFO,14/10/2022,09:15:28,208.95,208.1,50,209,100,9250,94100
NIFTY20OCT2217400PE.NFO,14/10/2022,09:15:29,207.15,206.25,50,206.85,50,10800,94100
NIFTY20OCT2217400PE.NFO,14/10/2022,09:15:30,208.4,208.15,150,208.95,400,5450,94100
NIFTY20OCT2217400PE.NFO,14/10/2022,09:15:31,209.25,208.9,50,209.6,150,4100,94100
NIFTY20OCT2217400PE.NFO,14/10/2022,09:15:33,207.3,207.25,200,207.95,450,8000,94100
NIFTY20OCT2217400PE.NFO,14/10/2022,09:15:34,206.45,206.45,50,206.95,50,3800,94100
NIFTY20OCT2217400PE.NFO,14/10/2022,09:15:35,206.65,205.9,100,206.65,400,5150,94100
NIFTY20OCT2217400PE.NFO,14/10/2022,09:15:36,205.75,205.3,100,205.95,50,4200,94100
NIFTY20OCT2217400PE.NFO,14/10/2022,09:15:38,205.5,205.7,450,206.7,150,2650,94100
NIFTY20OCT2217400PE.NFO,14/10/2022,09:15:39,207.25,207.2,350,207.7,100,5300,94100
NIFTY20OCT2217400PE.NFO,14/10/2022,09:15:40,206.05,206.2,250,206.8,50,5500,94100
NIFTY20OCT2217400PE.NFO,14/10/2022,09:15:41,206,205.7,200,206.25,50,5450,94100
NIFTY20OCT2217400PE.NFO,14/10/2022,09:15:43,207.9,207.8,50,208.25,150,6050,94100
NIFTY20OCT2217400PE.NFO,14/10/2022,09:15:44,205.55,205.55,50,206.25,50,2500,94100
NIFTY20OCT2217400PE.NFO,14/10/2022,09:15:45,205.95,205.3,400,205.95,50,2150,94100
NIFTY20OCT2217400PE.NFO,14/10/2022,09:15:47,205.6,205.05,250,205.7,50,4550,94100
NIFTY20OCT2217400PE.NFO,14/10/2022,09:15:48,204.2,204.05,400,204.7,100,3850,94100
NIFTY20OCT2217400PE.NFO,14/10/2022,09:15:49,203.95,203.15,450,203.95,350,4900,94100
NIFTY20OCT2217400PE.NFO,14/10/2022,09:15:50,202.85,202.65,50,203.05,250,5200,94100
NIFTY20OCT2217400PE.NFO,14/10/2022,09:15:52,203.85,203.05,450,203.4,50,1500,94100
NIFTY20OCT2217400PE.NFO,14/10/2022,09:15:53,201.75,201.25,450,201.75,50,3800,94100
NIFTY20OCT2217400PE.NFO,14/10/2022,09:15:54,201.9,201.2,400,201.95,50,3150,94100
NIFTY20OCT2217400PE.NFO,14/10/2022,09:15:56,200.45,200.05,200,200.55,50,5950,94100
NIFTY20OCT2217400PE.NFO,14/10/2022,09:15:57,200.5,200.05,50,200.5,150,4500,94100
NIFTY20OCT2217400PE.NFO,14/10/2022,09:15:58,199.4,199.2,500,199.4,50,7050,94100
NIFTY20OCT2217400PE.NFO,14/10/2022,09:15:59,200.35,200.1,350,200.5,200,4700,94100
NIFTY20OCT2217400PE.NFO,14/10/2022,09:16:01,198,197,550,197.8,350,10100,94100
NIFTY20OCT2217400PE.NFO,14/10/2022,09:16:02,199.05,199.15,450,199.55,50,4900,94100
NIFTY20OCT2217400PE.NFO,14/10/2022,09:16:03,198.4,198.2,200,198.4,800,3300,94100
NIFTY20OCT2217400PE.NFO,14/10/2022,09:16:04,197.5,197.5,800,197.85,100,6100,94100
NIFTY20OCT2217400PE.NFO,14/10/2022,09:16:06,198.3,198.25,100,198.65,50,3800,94100
NIFTY20OCT2217400PE.NFO,14/10/2022,09:16:07,197.25,196.7,50,197.05,50,5550,94100
NIFTY20OCT2217400PE.NFO,14/10/2022,09:16:08,198.1,198.1,50,198.65,100,4850,94100
NIFTY20OCT2217400PE.NFO,14/10/2022,09:16:10,200.45,200.45,200,200.8,200,4450,94100
NIFTY20OCT2217400PE.NFO,14/10/2022,09:16:11,200.75,200.75,100,201.15,50,4100,94100
NIFTY20OCT2217400PE.NFO,14/10/2022,09:16:12,202.05,202.1,50,202.4,200,2600,94100
NIFTY20OCT2217400PE.NFO,14/10/2022,09:16:13,205,204.6,50,204.95,50,3500,94100
NIFTY20OCT2217400PE.NFO,14/10/2022,09:16:15,204.45,204.45,100,204.7,50,3350,94100
NIFTY20OCT2217400PE.NFO,14/10/2022,09:16:16,204.9,204.7,150,204.95,50,3400,94100
NIFTY20OCT2217400PE.NFO,14/10/2022,09:16:17,206.05,205.65,150,206.05,50,4050,94100
NIFTY20OCT2217400PE.NFO,14/10/2022,09:16:18,205.9,205.45,300,205.9,50,5300,94100
NIFTY20OCT2217400PE.NFO,14/10/2022,09:16:19,206.45,205.75,50,206.1,50,2600,94100
NIFTY20OCT2217400PE.NFO,14/10/2022,09:16:21,207.35,207.35,100,207.65,50,1750,94100
NIFTY20OCT2217400PE.NFO,14/10/2022,09:16:22,208,207.6,150,208,400,2500,94100
NIFTY20OCT2217400PE.NFO,14/10/2022,09:16:23,207.75,207.65,50,208.05,100,2750,94100
NIFTY20OCT2217400PE.NFO,14/10/2022,09:16:24,206.35,206.1,50,206.5,250,7000,94100
NIFTY20OCT2217400PE.NFO,14/10/2022,09:16:26,206.15,205.9,50,206.15,300,5250,94100
NIFTY20OCT2217400PE.NFO,14/10/2022,09:16:27,206.35,206.2,400,206.75,50,1450,94100
NIFTY20OCT2217400PE.NFO,14/10/2022,09:16:28,206.35,205.7,50,206.05,450,4450,94100
NIFTY20OCT2217400PE.NFO,14/10/2022,09:16:29,205.6,205.2,400,205.65,50,1700,94100
NIFTY20OCT2217400PE.NFO,14/10/2022,09:16:30,204.85,204.8,50,205.15,450,1850,94100
NIFTY20OCT2217400PE.NFO,14/10/2022,09:16:31,205,204.85,50,205.2,400,3600,94100
NIFTY20OCT2217400PE.NFO,14/10/2022,09:16:33,204.5,204.05,50,204.5,100,3550,94100
NIFTY20OCT2217400PE.NFO,14/10/2022,09:16:34,203.65,203.35,450,203.95,400,1900,94100
NIFTY20OCT2217400PE.NFO,14/10/2022,09:16:35,202.85,202.65,50,203.05,50,2050,94100
NIFTY20OCT2217400PE.NFO,14/10/2022,09:16:36,202,201.45,500,201.95,50,6800,94100
NIFTY20OCT2217400PE.NFO,14/10/2022,09:16:37,201.45,201.1,50,201.45,50,1500,94100
NIFTY20OCT2217400PE.NFO,14/10/2022,09:16:39,201.6,201.35,50,201.75,150,3200,94100
NIFTY20OCT2217400PE.NFO,14/10/2022,09:16:40,201,200.85,50,201.2,50,2600,94100
NIFTY20OCT2217400PE.NFO,14/10/2022,09:16:41,200.4,200.5,50,200.85,50,900,94100
NIFTY20OCT2217400PE.NFO,14/10/2022,09:16:42,199.95,199.25,100,199.55,100,6550,94100
NIFTY20OCT2217400PE.NFO,14/10/2022,09:16:44,199.2,199,100,199.4,50,1500,94100
NIFTY20OCT2217400PE.NFO,14/10/2022,09:16:45,198.8,198.7,50,199.4,150,3050,94100
NIFTY20OCT2217400PE.NFO,14/10/2022,09:16:46,199.25,198.75,50,199.05,100,2250,94100
NIFTY20OCT2217400PE.NFO,14/10/2022,09:16:47,198.4,198.45,50,198.85,200,1500,94100
NIFTY20OCT2217400PE.NFO,14/10/2022,09:16:48,200.35,200.2,50,200.35,100,4500,94100
NIFTY20OCT2217400PE.NFO,14/10/2022,09:16:50,201.2,201.15,50,201.2,50,1000,94100
NIFTY20OCT2217400PE.NFO,14/10/2022,09:16:51,200.75,199.55,50,199.85,50,1050,94100
NIFTY20OCT2217400PE.NFO,14/10/2022,09:16:52,200.45,200.2,550,200.5,100,400,94100
NIFTY20OCT2217400PE.NFO,14/10/2022,09:16:53,200.45,200.25,100,200.65,100,800,94100
NIFTY20OCT2217400PE.NFO,14/10/2022,09:16:54,199.25,199.2,100,199.4,50,2500,94100
NIFTY20OCT2217400PE.NFO,14/10/2022,09:16:55,198.65,198.35,100,198.65,350,5800,94100
NIFTY20OCT2217400PE.NFO,14/10/2022,09:16:57,198.15,198.1,150,198.45,100,3250,94100
NIFTY20OCT2217400PE.NFO,14/10/2022,09:16:58,197.8,197.5,300,197.95,100,4850,94100
NIFTY20OCT2217400PE.NFO,14/10/2022,09:16:59,198,197.95,50,198.25,50,2000,94100
NIFTY20OCT2217400PE.NFO,14/10/2022,09:17:00,197.1,196.65,100,197.1,100,2800,94100
NIFTY20OCT2217400PE.NFO,14/10/2022,09:17:01,196.6,196.5,50,196.9,300,2250,94100
NIFTY20OCT2217400PE.NFO,14/10/2022,09:17:03,196.2,195.95,200,196.3,50,10600,94100
NIFTY20OCT2217400PE.NFO,14/10/2022,09:17:04,195,194.8,400,195.05,100,4350,94100
NIFTY20OCT2217400PE.NFO,14/10/2022,09:17:05,195.25,195.15,400,195.55,50,2650,94100
NIFTY20OCT2217400PE.NFO,14/10/2022,09:17:07,195.05,195.05,50,195.25,50,1800,94100
NIFTY20OCT2217400PE.NFO,14/10/2022,09:17:08,194.05,194.2,150,194.55,100,1700,94100
NIFTY20OCT2217400PE.NFO,14/10/2022,09:17:09,195,194.95,50,195.15,100,2450,94100
NIFTY20OCT2217400PE.NFO,14/10/2022,09:17:10,194.75,194.45,50,194.8,450,4500,94100
NIFTY20OCT2217400PE.NFO,14/10/2022,09:17:12,194.2,194.2,150,194.35,300,6500,94100
NIFTY20OCT2217400PE.NFO,14/10/2022,09:17:13,193.4,193.4,150,193.75,50,1500,94100
NIFTY20OCT2217400PE.NFO,14/10/2022,09:17:14,194.4,194.25,50,194.4,50,7050,94100
NIFTY20OCT2217400PE.NFO,14/10/2022,09:17:15,194.45,194.1,50,194.45,100,1550,94100
NIFTY20OCT2217400PE.NFO,14/10/2022,09:17:17,194.4,194.25,150,194.65,500,1250,259150
NIFTY20OCT2217400PE.NFO,14/10/2022,09:17:18,193.45,193.35,50,193.6,200,1250,259150
NIFTY20OCT2217400PE.NFO,14/10/2022,09:17:19,194.1,193.9,100,194.25,100,450,259150
NIFTY20OCT2217400PE.NFO,14/10/2022,09:17:20,194.45,194.45,50,194.75,100,2400,259150
NIFTY20OCT2217400PE.NFO,14/10/2022,09:17:22,197.65,197.4,400,197.8,200,4700,259150
NIFTY20OCT2217400PE.NFO,14/10/2022,09:17:23,196.7,196.45,200,196.85,50,2700,259150
NIFTY20OCT2217400PE.NFO,14/10/2022,09:17:24,197.3,196.75,100,197.1,100,1400,259150
NIFTY20OCT2217400PE.NFO,14/10/2022,09:17:25,196.9,197,200,197.2,500,1600,259150
NIFTY20OCT2217400PE.NFO,14/10/2022,09:17:26,195,194.7,200,195,150,5950,259150
NIFTY20OCT2217400PE.NFO,14/10/2022,09:17:28,195.05,194.6,100,194.95,150,4350,259150
NIFTY20OCT2217400PE.NFO,14/10/2022,09:17:29,195.05,195.05,250,195.45,50,3000,259150
NIFTY20OCT2217400PE.NFO,14/10/2022,09:17:30,194.4,194.05,100,194.4,100,1950,259150
NIFTY20OCT2217400PE.NFO,14/10/2022,09:17:31,194.7,194.15,200,194.55,50,1850,259150
NIFTY20OCT2217400PE.NFO,14/10/2022,09:17:32,193.25,193,1650,193.35,100,2600,259150
NIFTY20OCT2217400PE.NFO,14/10/2022,09:17:34,193.8,193.7,200,194.1,650,1200,259150
NIFTY20OCT2217400PE.NFO,14/10/2022,09:17:35,193.2,193.2,350,193.45,50,7100,259150
NIFTY20OCT2217400PE.NFO,14/10/2022,09:17:36,192.95,192.85,250,193.05,100,4200,259150
NIFTY20OCT2217400PE.NFO,14/10/2022,09:17:37,193.1,193.25,250,193.55,50,1900,259150
NIFTY20OCT2217400PE.NFO,14/10/2022,09:17:38,193,193.15,200,193.25,50,850,259150
NIFTY20OCT2217400PE.NFO,14/10/2022,09:17:39,193,192.95,50,193.3,50,1050,259150
NIFTY20OCT2217400PE.NFO,14/10/2022,09:17:41,194.05,194.1,50,194.35,50,1350,259150
NIFTY20OCT2217400PE.NFO,14/10/2022,09:17:42,194,194,50,194.3,50,950,259150
NIFTY20OCT2217400PE.NFO,14/10/2022,09:17:43,194.25,194,200,194.35,150,1200,259150
NIFTY20OCT2217400PE.NFO,14/10/2022,09:17:44,193.2,192.95,50,193.2,50,1600,259150
NIFTY20OCT2217400PE.NFO,14/10/2022,09:17:45,193.8,193.35,50,193.75,150,200,259150
NIFTY20OCT2217400PE.NFO,14/10/2022,09:17:46,193.3,193.15,50,193.5,200,700,259150
NIFTY20OCT2217400PE.NFO,14/10/2022,09:17:47,193.35,193.3,50,193.65,100,3000,259150
NIFTY20OCT2217400PE.NFO,14/10/2022,09:17:48,193,193.1,50,193.35,50,1550,259150
NIFTY20OCT2217400PE.NFO,14/10/2022,09:17:50,193.2,192.95,50,193.3,50,2750,259150
NIFTY20OCT2217400PE.NFO,14/10/2022,09:17:51,192.95,192.8,150,193.15,50,4450,259150
NIFTY20OCT2217400PE.NFO,14/10/2022,09:17:52,193.5,193.45,50,193.7,50,3600,259150
NIFTY20OCT2217400PE.NFO,14/10/2022,09:17:53,193.6,193.3,50,193.55,100,2500,259150
NIFTY20OCT2217400PE.NFO,14/10/2022,09:17:54,191.15,190.95,100,191.25,50,6350,259150
NIFTY20OCT2217400PE.NFO,14/10/2022,09:17:55,191.6,191.5,250,191.9,150,2100,259150
NIFTY20OCT2217400PE.NFO,14/10/2022,09:17:57,190.8,190.8,200,191.3,150,1200,259150
NIFTY20OCT2217400PE.NFO,14/10/2022,09:17:58,190.6,190.5,200,190.7,50,2250,259150
NIFTY20OCT2217400PE.NFO,14/10/2022,09:17:59,191.05,191.15,50,191.35,150,2250,259150
NIFTY20OCT2217400PE.NFO,14/10/2022,09:18:00,189.45,189.4,50,189.5,150,10700,259150
NIFTY20OCT2217400PE.NFO,14/10/2022,09:18:01,190.45,190.15,50,190.55,100,3800,259150
NIFTY20OCT2217400PE.NFO,14/10/2022,09:18:03,190.55,190.25,250,190.6,200,2800,259150
NIFTY20OCT2217400PE.NFO,14/10/2022,09:18:04,189.5,189.25,350,189.7,700,2500,259150
NIFTY20OCT2217400PE.NFO,14/10/2022,09:18:05,188.55,188.55,200,188.95,50,5300,259150
NIFTY20OCT2217400PE.NFO,14/10/2022,09:18:06,188.85,188.85,200,189.25,50,2200,259150
NIFTY20OCT2217400PE.NFO,14/10/2022,09:18:08,188.25,188.25,50,188.55,50,4400,259150
NIFTY20OCT2217400PE.NFO,14/10/2022,09:18:09,188.2,187.6,50,187.85,100,4800,259150
NIFTY20OCT2217400PE.NFO,14/10/2022,09:18:10,187.2,187.15,50,187.5,50,3700,259150
NIFTY20OCT2217400PE.NFO,14/10/2022,09:18:11,186.9,186.85,200,187.25,100,3550,259150
NIFTY20OCT2217400PE.NFO,14/10/2022,09:18:13,186.25,186.25,50,186.45,150,2650,259150
NIFTY20OCT2217400PE.NFO,14/10/2022,09:18:14,186.2,185.55,50,185.85,50,3150,259150
NIFTY20OCT2217400PE.NFO,14/10/2022,09:18:14,185.5,185.55,50,185.85,50,0,259150
NIFTY20OCT2217400PE.NFO,14/10/2022,09:18:15,186.6,186.45,50,186.65,500,4050,259150
NIFTY20OCT2217400PE.NFO,14/10/2022,09:18:15,185.3,186.45,50,186.65,500,0,259150
NIFTY20OCT2217400PE.NFO,14/10/2022,09:18:17,189,188.7,100,189,150,8150,259150
NIFTY20OCT2217400PE.NFO,14/10/2022,09:18:18,189.35,189.25,50,189.6,50,1700,259150
NIFTY20OCT2217400PE.NFO,14/10/2022,09:18:19,190.15,190.35,150,190.6,50,3750,259150
NIFTY20OCT2217400PE.NFO,14/10/2022,09:18:20,190.3,189.9,50,190,50,4850,259150
NIFTY20OCT2217400PE.NFO,14/10/2022,09:18:22,189.9,189.45,150,189.9,750,6400,259150
NIFTY20OCT2217400PE.NFO,14/10/2022,09:18:23,189.8,189.75,50,190.15,50,3300,259150
NIFTY20OCT2217400PE.NFO,14/10/2022,09:18:24,191,191.2,50,191.5,250,1100,259150
NIFTY20OCT2217400PE.NFO,14/10/2022,09:18:26,191.8,191.65,50,192.05,150,4800,259150
NIFTY20OCT2217400PE.NFO,14/10/2022,09:18:27,191.5,191.35,50,191.75,50,4800,259150
NIFTY20OCT2217400PE.NFO,14/10/2022,09:18:29,191.5,191.45,50,191.8,150,3000,259150
NIFTY20OCT2217400PE.NFO,14/10/2022,09:18:30,188.5,188.35,200,188.55,50,7350,259150
NIFTY20OCT2217400PE.NFO,14/10/2022,09:18:31,189.55,189.25,50,189.65,50,3250,259150
NIFTY20OCT2217400PE.NFO,14/10/2022,09:18:33,190.1,189.7,50,190.05,50,2500,259150
NIFTY20OCT2217400PE.NFO,14/10/2022,09:18:34,190.25,190.15,150,190.45,100,500,259150
NIFTY20OCT2217400PE.NFO,14/10/2022,09:18:35,193.1,193.05,50,193.25,50,7200,259150
NIFTY20OCT2217400PE.NFO,14/10/2022,09:18:37,193.1,193.5,50,193.65,50,4500,259150
NIFTY20OCT2217400PE.NFO,14/10/2022,09:18:38,193.75,193.35,100,193.75,150,2800,259150
NIFTY20OCT2217400PE.NFO,14/10/2022,09:18:40,193.15,193.5,350,193.9,100,4200,259150
NIFTY20OCT2217400PE.NFO,14/10/2022,09:18:41,193.2,192.65,150,193.1,150,1100,259150
NIFTY20OCT2217400PE.NFO,14/10/2022,09:18:43,191.95,191.6,550,191.95,200,3300,259150
NIFTY20OCT2217400PE.NFO,14/10/2022,09:18:44,191.6,191.65,350,192,100,1400,259150
NIFTY20OCT2217400PE.NFO,14/10/2022,09:18:45,192.05,192.2,200,192.55,100,4100,259150
NIFTY20OCT2217400PE.NFO,14/10/2022,09:18:47,192.8,192.75,150,193.15,450,1150,259150
NIFTY20OCT2217400PE.NFO,14/10/2022,09:18:48,193.4,193.35,50,193.7,100,1750,259150
NIFTY20OCT2217400PE.NFO,14/10/2022,09:18:49,193.5,193.5,50,193.65,50,4250,259150
NIFTY20OCT2217400PE.NFO,14/10/2022,09:18:51,194.2,193.75,100,194,50,2950,259150
NIFTY20OCT2217400PE.NFO,14/10/2022,09:18:52,193.95,194,100,194.4,550,1350,259150
NIFTY20OCT2217400PE.NFO,14/10/2022,09:18:53,194,193.65,150,194,50,7200,259150
NIFTY20OCT2217400PE.NFO,14/10/2022,09:18:55,193.55,193.55,100,194,200,3100,259150
NIFTY20OCT2217400PE.NFO,14/10/2022,09:18:56,194.35,193.95,50,194.35,100,2300,259150
NIFTY20OCT2217400PE.NFO,14/10/2022,09:18:57,193.6,193.65,150,194,400,2750,259150
NIFTY20OCT2217400PE.NFO,14/10/2022,09:18:58,194.85,194.4,150,194.85,100,5000,259150
NIFTY20OCT2217400PE.NFO,14/10/2022,09:19:00,194.55,194.2,100,194.6,100,1650,259150
NIFTY20OCT2217400PE.NFO,14/10/2022,09:19:01,191.15,191.1,100,191.3,50,10450,259150
NIFTY20OCT2217400PE.NFO,14/10/2022,09:19:02,191.3,191.3,50,191.6,50,3300,259150
NIFTY20OCT2217400PE.NFO,14/10/2022,09:19:04,191.9,191.25,50,191.6,150,2550,259150
NIFTY20OCT2217400PE.NFO,14/10/2022,09:19:05,190.65,190.55,100,190.85,50,3400,259150
NIFTY20OCT2217400PE.NFO,14/10/2022,09:19:07,190.15,190.05,100,190.45,100,3450,259150
NIFTY20OCT2217400PE.NFO,14/10/2022,09:19:08,190.55,190.05,350,190.4,100,1750,259150
NIFTY20OCT2217400PE.NFO,14/10/2022,09:19:10,190.7,190.25,150,190.7,100,1150,259150
NIFTY20OCT2217400PE.NFO,14/10/2022,09:19:11,191.25,190.8,650,191.3,100,1700,259150
NIFTY20OCT2217400PE.NFO,14/10/2022,09:19:12,190,190,650,190.3,50,1100,259150
NIFTY20OCT2217400PE.NFO,14/10/2022,09:19:14,191.15,191.6,50,191.8,50,3300,259150
NIFTY20OCT2217400PE.NFO,14/10/2022,09:19:15,191.2,190.75,200,191.1,100,2950,259150
NIFTY20OCT2217400PE.NFO,14/10/2022,09:19:16,191.35,191.35,50,191.65,100,1100,259150
NIFTY20OCT2217400PE.NFO,14/10/2022,09:19:17,191.8,191.9,50,192.25,100,900,259150
NIFTY20OCT2217400PE.NFO,14/10/2022,09:19:19,191.9,191.6,50,191.75,200,950,259150
NIFTY20OCT2217400PE.NFO,14/10/2022,09:19:20,190.65,190.85,100,191.2,50,3300,259150
NIFTY20OCT2217400PE.NFO,14/10/2022,09:19:21,190.5,190.15,100,190.5,50,2550,259150
NIFTY20OCT2217400PE.NFO,14/10/2022,09:19:22,189.45,189.15,100,189.5,150,2600,259150
NIFTY20OCT2217400PE.NFO,14/10/2022,09:19:24,191.75,191.75,50,192.05,100,700,259150
NIFTY20OCT2217400PE.NFO,14/10/2022,09:19:25,193.75,192.55,150,192.9,200,2800,259150
NIFTY20OCT2217400PE.NFO,14/10/2022,09:19:26,193.45,193.3,50,193.55,100,1550,259150
NIFTY20OCT2217400PE.NFO,14/10/2022,09:19:27,194.8,194.55,50,194.9,250,750,259150
NIFTY20OCT2217400PE.NFO,14/10/2022,09:19:29,193.8,193.8,150,194.15,50,5050,259150
NIFTY20OCT2217400PE.NFO,14/10/2022,09:19:30,195.35,194.65,50,195.05,100,1400,259150
NIFTY20OCT2217400PE.NFO,14/10/2022,09:19:32,195.35,195.1,100,195.35,100,3300,259150
NIFTY20OCT2217400PE.NFO,14/10/2022,09:19:33,195.5,194.95,150,195.3,100,7050,259150
NIFTY20OCT2217400PE.NFO,14/10/2022,09:19:34,194.55,194.9,300,195.3,250,2700,259150
NIFTY20OCT2217400PE.NFO,14/10/2022,09:19:36,195.25,195.1,650,195.6,400,3100,259150
NIFTY20OCT2217400PE.NFO,14/10/2022,09:19:37,195.45,195,50,195.2,500,1650,259150
NIFTY20OCT2217400PE.NFO,14/10/2022,09:19:38,195.05,194.75,100,195.15,50,2550,259150
NIFTY20OCT2217400PE.NFO,14/10/2022,09:19:39,194.25,194.45,200,194.8,50,4200,259150
NIFTY20OCT2217400PE.NFO,14/10/2022,09:19:41,194.75,194.45,150,194.8,150,3250,259150
NIFTY20OCT2217400PE.NFO,14/10/2022,09:19:42,195.15,195.15,50,195.5,550,3250,259150
NIFTY20OCT2217400PE.NFO,14/10/2022,09:19:43,196.25,195.95,150,196.2,100,8250,259150
NIFTY20OCT2217400PE.NFO,14/10/2022,09:19:45,195.6,195.55,50,195.95,400,6900,259150
NIFTY20OCT2217400PE.NFO,14/10/2022,09:19:46,196.3,196.4,250,196.85,150,1700,259150
NIFTY20OCT2217400PE.NFO,14/10/2022,09:19:47,195.05,195.15,50,195.45,200,1900,259150
NIFTY20OCT2217400PE.NFO,14/10/2022,09:19:48,194.1,193.9,50,194.2,200,4050,259150
NIFTY20OCT2217400PE.NFO,14/10/2022,09:19:50,194.55,194.75,150,195.15,50,3000,259150
NIFTY20OCT2217400PE.NFO,14/10/2022,09:19:51,193.75,193.75,150,193.9,200,3150,259150
NIFTY20OCT2217400PE.NFO,14/10/2022,09:19:52,193.45,193.45,100,193.75,50,1100,259150
NIFTY20OCT2217400PE.NFO,14/10/2022,09:19:53,193.25,193,100,193.3,50,3250,259150
NIFTY20OCT2217400PE.NFO,14/10/2022,09:19:55,192.1,192.35,200,192.75,150,4100,259150
NIFTY20OCT2217400PE.NFO,14/10/2022,09:19:56,191.9,191.8,50,191.9,150,1300,259150
NIFTY20OCT2217400PE.NFO,14/10/2022,09:19:57,190.95,190.45,150,190.8,100,4100,259150
NIFTY20OCT2217400PE.NFO,14/10/2022,09:19:58,190.05,190.15,150,190.4,100,3800,259150
NIFTY20OCT2217400PE.NFO,14/10/2022,09:20:00,189.7,189.7,150,189.9,100,2450,259150
NIFTY20OCT2217400PE.NFO,14/10/2022,09:20:01,188.85,189,150,189.35,250,3900,259150
NIFTY20OCT2217400PE.NFO,14/10/2022,09:20:02,188.85,188.45,50,188.85,150,1750,259150
NIFTY20OCT2217400PE.NFO,14/10/2022,09:20:04,187.3,187.25,150,187.6,50,4700,259150
NIFTY20OCT2217400PE.NFO,14/10/2022,09:20:05,189.35,189.2,200,189.6,600,5400,259150
NIFTY20OCT2217400PE.NFO,14/10/2022,09:20:06,189.2,188.75,50,188.9,200,6300,259150
NIFTY20OCT2217400PE.NFO,14/10/2022,09:20:07,188.4,188.4,150,188.7,200,2800,259150
NIFTY20OCT2217400PE.NFO,14/10/2022,09:20:08,186.7,186.7,50,186.85,50,6300,259150
NIFTY20OCT2217400PE.NFO,14/10/2022,09:20:09,187,186.7,200,187,50,750,259150
NIFTY20OCT2217400PE.NFO,14/10/2022,09:20:10,186.9,186.45,50,186.8,200,1650,259150
NIFTY20OCT2217400PE.NFO,14/10/2022,09:20:11,185.65,185.6,50,185.95,50,7350,259150
NIFTY20OCT2217400PE.NFO,14/10/2022,09:20:13,186.35,186.45,50,186.75,50,1850,259150
NIFTY20OCT2217400PE.NFO,14/10/2022,09:20:14,186.55,186.75,50,187.1,200,2350,259150
NIFTY20OCT2217400PE.NFO,14/10/2022,09:20:15,186.45,186.55,300,186.9,200,2650,259150
NIFTY20OCT2217400PE.NFO,14/10/2022,09:20:16,186.65,186.4,100,186.7,200,200,259150
NIFTY20OCT2217400PE.NFO,14/10/2022,09:20:17,188.3,187.8,50,188.15,50,2850,259150
NIFTY20OCT2217400PE.NFO,14/10/2022,09:20:18,186.6,186.2,50,186.5,150,1800,259150
NIFTY20OCT2217400PE.NFO,14/10/2022,09:20:19,186.3,186.2,50,186.5,200,650,398750
NIFTY20OCT2217400PE.NFO,14/10/2022,09:20:20,185.95,186.05,300,186.4,200,2500,398750
NIFTY20OCT2217400PE.NFO,14/10/2022,09:20:21,186.1,186.15,100,186.4,550,900,398750
NIFTY20OCT2217400PE.NFO,14/10/2022,09:20:23,187.2,187,50,187.15,50,3000,398750
NIFTY20OCT2217400PE.NFO,14/10/2022,09:20:24,187.1,186.9,300,187.15,50,1600,398750
NIFTY20OCT2217400PE.NFO,14/10/2022,09:20:25,187.3,187.25,300,187.75,50,2150,398750
NIFTY20OCT2217400PE.NFO,14/10/2022,09:20:25,187.15,187.2,150,187.5,300,800,398750
NIFTY20OCT2217400PE.NFO,14/10/2022,09:20:26,188.8,188.8,50,188.95,400,1150,398750
NIFTY20OCT2217400PE.NFO,14/10/2022,09:20:27,187.85,187.65,50,187.85,150,1850,398750
NIFTY20OCT2217400PE.NFO,14/10/2022,09:20:28,187.9,187.6,50,187.8,250,850,398750
NIFTY20OCT2217400PE.NFO,14/10/2022,09:20:29,188,187.6,100,187.85,100,1450,398750
NIFTY20OCT2217400PE.NFO,14/10/2022,09:20:30,188.2,187.9,50,188.2,200,1650,398750
NIFTY20OCT2217400PE.NFO,14/10/2022,09:20:32,189.05,188.9,50,189.15,350,2850,398750
NIFTY20OCT2217400PE.NFO,14/10/2022,09:20:33,189.3,189,100,189.35,350,1950,398750
NIFTY20OCT2217400PE.NFO,14/10/2022,09:20:34,189,189,100,189.15,50,6200,398750
NIFTY20OCT2217400PE.NFO,14/10/2022,09:20:36,189.85,189.4,100,189.6,100,3100,398750
NIFTY20OCT2217400PE.NFO,14/10/2022,09:20:37,190.2,189.7,50,189.95,150,2250,398750
NIFTY20OCT2217400PE.NFO,14/10/2022,09:20:38,190.3,189.5,50,189.85,50,1050,398750
NIFTY20OCT2217400PE.NFO,14/10/2022,09:20:39,189.45,189.5,50,189.8,200,700,398750
NIFTY20OCT2217400PE.NFO,14/10/2022,09:20:40,190,189.75,100,190.05,50,1400,398750
NIFTY20OCT2217400PE.NFO,14/10/2022,09:20:40,189.2,189.25,100,189.5,50,1250,398750
NIFTY20OCT2217400PE.NFO,14/10/2022,09:20:42,188.85,188.6,100,188.9,200,1100,398750
NIFTY20OCT2217400PE.NFO,14/10/2022,09:20:43,188.7,188.3,50,188.65,50,3750,398750
NIFTY20OCT2217400PE.NFO,14/10/2022,09:20:44,188.8,188.3,350,188.6,50,3800,398750
NIFTY20OCT2217400PE.NFO,14/10/2022,09:20:44,188.75,188.55,50,188.8,200,1000,398750
NIFTY20OCT2217400PE.NFO,14/10/2022,09:20:45,188.7,188.45,100,188.7,200,700,398750
NIFTY20OCT2217400PE.NFO,14/10/2022,09:20:46,188.6,188.1,100,188.4,250,1100,398750
NIFTY20OCT2217400PE.NFO,14/10/2022,09:20:48,187.4,187.5,100,187.75,50,950,398750
NIFTY20OCT2217400PE.NFO,14/10/2022,09:20:49,187.4,187.35,50,187.55,100,1400,398750
NIFTY20OCT2217400PE.NFO,14/10/2022,09:20:50,186.95,186.75,100,186.95,100,2550,398750
NIFTY20OCT2217400PE.NFO,14/10/2022,09:20:51,186.55,186.3,50,186.4,150,1850,398750
NIFTY20OCT2217400PE.NFO,14/10/2022,09:20:52,186.65,186.4,100,186.6,100,1400,398750
NIFTY20OCT2217400PE.NFO,14/10/2022,09:20:53,186.5,186.55,100,186.8,400,700,398750
NIFTY20OCT2217400PE.NFO,14/10/2022,09:20:54,186.85,186.7,100,186.85,50,1950,398750
NIFTY20OCT2217400PE.NFO,14/10/2022,09:20:55,186.1,186,400,186.5,50,1500,398750
NIFTY20OCT2217400PE.NFO,14/10/2022,09:20:57,186.4,186.5,50,186.85,100,10300,398750
NIFTY20OCT2217400PE.NFO,14/10/2022,09:20:57,184.7,186.5,50,186.85,100,0,398750
NIFTY20OCT2217400PE.NFO,14/10/2022,09:20:58,187.65,187.6,150,187.65,50,8150,398750
NIFTY20OCT2217400PE.NFO,14/10/2022,09:20:59,187.95,188,50,188.3,150,3300,398750
NIFTY20OCT2217400PE.NFO,14/10/2022,09:21:00,188.55,188.05,50,188.25,50,600,398750
NIFTY20OCT2217400PE.NFO,14/10/2022,09:21:01,188.2,188.8,50,189,500,3350,398750
NIFTY20OCT2217400PE.NFO,14/10/2022,09:21:02,188.7,188.4,350,188.75,150,3800,398750
NIFTY20OCT2217400PE.NFO,14/10/2022,09:21:03,188.6,188,600,188.35,50,1050,398750
NIFTY20OCT2217400PE.NFO,14/10/2022,09:21:03,188.2,188.4,200,188.75,150,50,398750
NIFTY20OCT2217400PE.NFO,14/10/2022,09:21:04,190,190.1,150,190.35,50,2650,398750
NIFTY20OCT2217400PE.NFO,14/10/2022,09:21:05,190.65,190.6,50,190.8,500,2350,398750
NIFTY20OCT2217400PE.NFO,14/10/2022,09:21:07,191.2,191.15,50,191.45,50,2200,398750
NIFTY20OCT2217400PE.NFO,14/10/2022,09:21:08,192.6,192.25,50,192.5,100,4250,398750
NIFTY20OCT2217400PE.NFO,14/10/2022,09:21:09,192.5,192,50,192.4,1200,750,398750
NIFTY20OCT2217400PE.NFO,14/10/2022,09:21:10,193.4,193,150,193.35,50,4200,398750
NIFTY20OCT2217400PE.NFO,14/10/2022,09:21:12,194.4,193.95,50,194.35,50,5550,398750
NIFTY20OCT2217400PE.NFO,14/10/2022,09:21:13,193.6,193.5,50,193.95,150,750,398750
NIFTY20OCT2217400PE.NFO,14/10/2022,09:21:14,193.5,192.95,550,193.35,50,4750,398750
NIFTY20OCT2217400PE.NFO,14/10/2022,09:21:15,193,192.8,150,193.2,50,1650,398750
NIFTY20OCT2217400PE.NFO,14/10/2022,09:21:16,192.55,192.1,50,192.4,150,400,398750
NIFTY20OCT2217400PE.NFO,14/10/2022,09:21:16,192.1,192.25,50,192.65,50,550,398750
NIFTY20OCT2217400PE.NFO,14/10/2022,09:21:17,193,193.1,50,193.5,150,3750,398750
NIFTY20OCT2217400PE.NFO,14/10/2022,09:21:19,193.25,193.05,150,193.4,150,1300,398750
NIFTY20OCT2217400PE.NFO,14/10/2022,09:21:20,193.95,193.5,300,193.85,50,950,398750
NIFTY20OCT2217400PE.NFO,14/10/2022,09:21:21,194.2,193.9,50,194.25,150,5500,398750
NIFTY20OCT2217400PE.NFO,14/10/2022,09:21:22,194.2,193.65,200,194,100,2600,398750
NIFTY20OCT2217400PE.NFO,14/10/2022,09:21:24,193.4,193.45,50,193.7,100,350,398750
NIFTY20OCT2217400PE.NFO,14/10/2022,09:21:25,193.85,193.65,50,193.95,200,1200,398750
NIFTY20OCT2217400PE.NFO,14/10/2022,09:21:26,194.3,193.8,300,194.25,150,1650,398750
NIFTY20OCT2217400PE.NFO,14/10/2022,09:21:27,193.2,192.75,50,193.15,150,3600,398750
NIFTY20OCT2217400PE.NFO,14/10/2022,09:21:28,192.95,192.8,50,193.1,200,1750,398750
NIFTY20OCT2217400PE.NFO,14/10/2022,09:21:29,193.35,193.15,50,193.4,50,950,398750
NIFTY20OCT2217400PE.NFO,14/10/2022,09:21:30,192.75,192.5,150,192.75,100,1900,398750
NIFTY20OCT2217400PE.NFO,14/10/2022,09:21:31,191.25,190.85,50,191.2,250,3900,398750
NIFTY20OCT2217400PE.NFO,14/10/2022,09:21:33,192.4,191.95,100,192.3,150,2000,398750
NIFTY20OCT2217400PE.NFO,14/10/2022,09:21:34,193.2,193,150,193.15,50,1150,398750
NIFTY20OCT2217400PE.NFO,14/10/2022,09:21:35,194.05,194.4,50,194.55,50,4250,398750
NIFTY20OCT2217400PE.NFO,14/10/2022,09:21:36,194.55,194.5,50,194.9,700,8100,398750
NIFTY20OCT2217400PE.NFO,14/10/2022,09:21:37,194.65,194.4,50,194.75,150,2550,398750
NIFTY20OCT2217400PE.NFO,14/10/2022,09:21:38,195.9,195.55,50,195.8,200,1850,398750
NIFTY20OCT2217400PE.NFO,14/10/2022,09:21:39,195.95,195.7,50,195.8,50,1350,398750
NIFTY20OCT2217400PE.NFO,14/10/2022,09:21:41,196.7,196.6,100,196.75,50,4600,398750
NIFTY20OCT2217400PE.NFO,14/10/2022,09:21:42,196.25,196.3,50,196.45,100,4500,398750
NIFTY20OCT2217400PE.NFO,14/10/2022,09:21:43,196.55,196.1,50,196.25,50,5400,398750
NIFTY20OCT2217400PE.NFO,14/10/2022,09:21:44,196.55,196.55,100,196.95,50,750,398750
NIFTY20OCT2217400PE.NFO,14/10/2022,09:21:45,196.6,196.4,50,196.8,500,1450,398750
NIFTY20OCT2217400PE.NFO,14/10/2022,09:21:46,196.85,196.5,50,196.9,150,2750,398750
NIFTY20OCT2217400PE.NFO,14/10/2022,09:21:46,196.55,196.55,1800,196.9,200,100,398750
NIFTY20OCT2217400PE.NFO,14/10/2022,09:21:48,198.35,198.4,50,198.75,400,7100,398750
NIFTY20OCT2217400PE.NFO,14/10/2022,09:21:49,199,198.65,50,199,650,3950,398750
NIFTY20OCT2217400PE.NFO,14/10/2022,09:21:50,199.15,198.65,600,199.2,350,3400,398750
NIFTY20OCT2217400PE.NFO,14/10/2022,09:21:52,198.65,198.45,50,198.65,350,9100,398750
NIFTY20OCT2217400PE.NFO,14/10/2022,09:21:53,198.75,198.55,50,198.75,1450,4150,398750
NIFTY20OCT2217400PE.NFO,14/10/2022,09:21:54,198.85,198.65,100,199,200,3050,398750
NIFTY20OCT2217400PE.NFO,14/10/2022,09:21:55,199.4,198.85,150,199.25,50,6850,398750
NIFTY20OCT2217400PE.NFO,14/10/2022,09:21:56,198.6,199,50,199.3,50,4650,398750
NIFTY20OCT2217400PE.NFO,14/10/2022,09:21:57,199.6,199.15,50,199.5,550,2400,398750
NIFTY20OCT2217400PE.NFO,14/10/2022,09:21:58,199.15,198.9,50,199.2,100,3850,398750
NIFTY20OCT2217400PE.NFO,14/10/2022,09:22:00,199,198.95,150,199.35,50,4800,398750
NIFTY20OCT2217400PE.NFO,14/10/2022,09:22:01,198.3,198,50,198.3,150,3250,398750
NIFTY20OCT2217400PE.NFO,14/10/2022,09:22:02,199,199.05,50,199.3,50,1750,398750
NIFTY20OCT2217400PE.NFO,14/10/2022,09:22:03,201.05,200.9,50,201.4,50,13400,398750
NIFTY20OCT2217400PE.NFO,14/10/2022,09:22:05,201.7,201.4,50,201.75,150,3800,398750
NIFTY20OCT2217400PE.NFO,14/10/2022,09:22:06,201,200.75,50,201.15,50,5600,398750
NIFTY20OCT2217400PE.NFO,14/10/2022,09:22:07,200.75,200.6,150,201,50,3950,398750
NIFTY20OCT2217400PE.NFO,14/10/2022,09:22:08,203,202.6,50,202.7,50,6600,398750
NIFTY20OCT2217400PE.NFO,14/10/2022,09:22:10,203.55,203.15,150,203.55,50,4100,398750
NIFTY20OCT2217400PE.NFO,14/10/2022,09:22:11,203.25,203.2,50,203.25,1750,5650,398750
NIFTY20OCT2217400PE.NFO,14/10/2022,09:22:12,203,203.2,100,203.65,50,9600,398750
NIFTY20OCT2217400PE.NFO,14/10/2022,09:22:13,204,203.95,50,204,900,1550,398750
NIFTY20OCT2217400PE.NFO,14/10/2022,09:22:14,204.05,204.1,400,204.4,300,5700,398750
NIFTY20OCT2217400PE.NFO,14/10/2022,09:22:16,203.8,203.95,50,204.25,50,10300,398750
NIFTY20OCT2217400PE.NFO,14/10/2022,09:22:17,203.85,203.9,50,204,500,2700,398750
NIFTY20OCT2217400PE.NFO,14/10/2022,09:22:18,204.5,204.4,100,204.5,1000,7000,398750
NIFTY20OCT2217400PE.NFO,14/10/2022,09:22:19,204.45,204.2,50,204.6,50,3800,398750
NIFTY20OCT2217400PE.NFO,14/10/2022,09:22:20,203.15,203,3600,203.2,50,2700,398750
NIFTY20OCT2217400PE.NFO,14/10/2022,09:22:21,203,203,50,203.35,50,7900,398750
NIFTY20OCT2217400PE.NFO,14/10/2022,09:22:22,203.25,203,50,203.25,150,4650,398750
NIFTY20OCT2217400PE.NFO,14/10/2022,09:22:23,202.75,202.5,50,202.9,50,3500,398750
NIFTY20OCT2217400PE.NFO,14/10/2022,09:22:24,202.7,202.3,50,202.6,50,4900,398750
NIFTY20OCT2217400PE.NFO,14/10/2022,09:22:24,203.2,202.95,50,203.2,150,550,398750
NIFTY20OCT2217400PE.NFO,14/10/2022,09:22:26,202.8,202.55,350,202.95,150,4400,398750
NIFTY20OCT2217400PE.NFO,14/10/2022,09:22:27,202.7,202.85,50,202.9,50,1800,398750
NIFTY20OCT2217400PE.NFO,14/10/2022,09:22:28,203.05,202.9,200,203.2,100,3300,398750
NIFTY20OCT2217400PE.NFO,14/10/2022,09:22:29,202.4,202.4,50,202.8,1000,1450,398750
NIFTY20OCT2217400PE.NFO,14/10/2022,09:22:30,202.25,202,100,202.25,50,8100,398750
NIFTY20OCT2217400PE.NFO,14/10/2022,09:22:31,202.75,202.3,50,202.35,50,2900,398750
NIFTY20OCT2217400PE.NFO,14/10/2022,09:22:31,202.8,202.6,50,202.8,1000,350,398750
NIFTY20OCT2217400PE.NFO,14/10/2022,09:22:32,202.05,201.95,50,202.05,1550,3450,398750
NIFTY20OCT2217400PE.NFO,14/10/2022,09:22:33,202.1,202.05,250,202.4,150,4200,398750
NIFTY20OCT2217400PE.NFO,14/10/2022,09:22:34,201.75,201.65,50,201.9,50,1050,398750
NIFTY20OCT2217400PE.NFO,14/10/2022,09:22:36,201.8,201.7,200,201.95,100,3400,398750
NIFTY20OCT2217400PE.NFO,14/10/2022,09:22:37,202.25,202.2,150,202.25,350,3050,398750
NIFTY20OCT2217400PE.NFO,14/10/2022,09:22:38,200.05,200.5,50,200.85,50,5850,398750
NIFTY20OCT2217400PE.NFO,14/10/2022,09:22:39,200.7,200.95,50,201.2,250,19750,398750
NIFTY20OCT2217400PE.NFO,14/10/2022,09:22:40,199.95,199.75,50,200.05,50,5050,398750
NIFTY20OCT2217400PE.NFO,14/10/2022,09:22:41,199.9,199.85,100,200.15,50,2050,398750
NIFTY20OCT2217400PE.NFO,14/10/2022,09:22:42,200.6,200.6,50,200.9,50,4850,398750
NIFTY20OCT2217400PE.NFO,14/10/2022,09:22:43,199.35,199.6,100,199.9,200,1600,398750
NIFTY20OCT2217400PE.NFO,14/10/2022,09:22:44,199.45,199.35,250,199.65,150,1050,398750
NIFTY20OCT2217400PE.NFO,14/10/2022,09:22:45,199.55,199.65,50,199.85,50,1800,398750
NIFTY20OCT2217400PE.NFO,14/10/2022,09:22:46,200.05,199.9,50,200.05,100,3000,398750
NIFTY20OCT2217400PE.NFO,14/10/2022,09:22:47,200.55,200.25,200,200.6,800,2600,398750
NIFTY20OCT2217400PE.NFO,14/10/2022,09:22:48,200,200.1,1400,200.55,200,2200,398750
NIFTY20OCT2217400PE.NFO,14/10/2022,09:22:49,201.4,201,50,201.3,200,2550,398750
NIFTY20OCT2217400PE.NFO,14/10/2022,09:22:50,201.7,201.95,100,202.25,50,250,398750
NIFTY20OCT2217400PE.NFO,14/10/2022,09:22:51,203.2,202.65,200,203.1,250,5300,398750
NIFTY20OCT2217400PE.NFO,14/10/2022,09:22:52,202.45,202.4,50,202.7,200,850,398750
NIFTY20OCT2217400PE.NFO,14/10/2022,09:22:53,202.6,202.5,300,202.7,50,1900,398750
NIFTY20OCT2217400PE.NFO,14/10/2022,09:22:53,202.35,202.3,50,202.7,100,50,398750
NIFTY20OCT2217400PE.NFO,14/10/2022,09:22:54,203,202.8,300,203.05,250,1000,398750
NIFTY20OCT2217400PE.NFO,14/10/2022,09:22:56,203.25,202.95,300,203.25,100,250,398750
NIFTY20OCT2217400PE.NFO,14/10/2022,09:22:57,203.55,203.35,50,203.45,50,2600,398750
NIFTY20OCT2217400PE.NFO,14/10/2022,09:22:58,203.8,203.15,50,203.55,50,3000,398750
NIFTY20OCT2217400PE.NFO,14/10/2022,09:22:59,203.2,203.1,50,203.25,50,350,398750
NIFTY20OCT2217400PE.NFO,14/10/2022,09:22:59,203.2,203.1,50,203.25,50,0,398750
NIFTY20OCT2217400PE.NFO,14/10/2022,09:23:00,203,203.3,50,203.4,50,3500,398750
NIFTY20OCT2217400PE.NFO,14/10/2022,09:23:02,203.8,203.45,150,203.9,50,1650,398750
NIFTY20OCT2217400PE.NFO,14/10/2022,09:23:03,203,202.7,200,203,50,3400,398750
NIFTY20OCT2217400PE.NFO,14/10/2022,09:23:04,203.6,203.45,100,203.8,250,3200,398750
NIFTY20OCT2217400PE.NFO,14/10/2022,09:23:04,203.15,203.25,400,203.6,100,2850,398750
NIFTY20OCT2217400PE.NFO,14/10/2022,09:23:06,203.55,203.25,150,203.65,50,850,398750
NIFTY20OCT2217400PE.NFO,14/10/2022,09:23:07,205.25,205.1,50,205.3,50,8400,398750
NIFTY20OCT2217400PE.NFO,14/10/2022,09:23:08,205.1,205.05,100,205.2,100,1850,398750
NIFTY20OCT2217400PE.NFO,14/10/2022,09:23:09,204.95,205.05,150,205.2,200,4500,398750
NIFTY20OCT2217400PE.NFO,14/10/2022,09:23:10,204.8,204.7,100,204.85,100,4250,398750
NIFTY20OCT2217400PE.NFO,14/10/2022,09:23:11,204.35,204.5,100,204.7,650,1400,398750
NIFTY20OCT2217400PE.NFO,14/10/2022,09:23:11,204.4,204.25,50,204.35,100,2550,398750
NIFTY20OCT2217400PE.NFO,14/10/2022,09:23:13,204.6,204.3,50,204.4,50,850,398750
NIFTY20OCT2217400PE.NFO,14/10/2022,09:23:14,204.7,204.6,50,204.8,50,1300,398750
NIFTY20OCT2217400PE.NFO,14/10/2022,09:23:15,204.8,204.6,50,204.75,100,650,398750
NIFTY20OCT2217400PE.NFO,14/10/2022,09:23:16,204.45,204.5,50,204.8,100,1550,398750
NIFTY20OCT2217400PE.NFO,14/10/2022,09:23:16,204.4,204.45,50,204.8,100,100,398750
NIFTY20OCT2217400PE.NFO,14/10/2022,09:23:17,205,204.75,50,204.95,50,250,398750
NIFTY20OCT2217400PE.NFO,14/10/2022,09:23:18,204.25,204.45,50,204.8,200,1700,452100
NIFTY20OCT2217400PE.NFO,14/10/2022,09:23:19,204.65,204.6,150,204.75,50,950,452100
NIFTY20OCT2217400PE.NFO,14/10/2022,09:23:21,203.45,203.3,50,203.65,50,3250,452100
NIFTY20OCT2217400PE.NFO,14/10/2022,09:23:22,204.2,203.25,150,203.65,150,8350,452100
NIFTY20OCT2217400PE.NFO,14/10/2022,09:23:23,202.85,202.55,50,202.8,50,50,452100
NIFTY20OCT2217400PE.NFO,14/10/2022,09:23:24,203.3,203.5,50,203.85,50,450,452100
NIFTY20OCT2217400PE.NFO,14/10/2022,09:23:25,204,203.7,50,204.05,150,1750,452100
NIFTY20OCT2217400PE.NFO,14/10/2022,09:23:26,204.95,204.7,450,205,1500,800,452100
NIFTY20OCT2217400PE.NFO,14/10/2022,09:23:27,205,204.85,100,205,300,2050,452100
NIFTY20OCT2217400PE.NFO,14/10/2022,09:23:28,205.2,205.25,150,205.4,100,650,452100
NIFTY20OCT2217400PE.NFO,14/10/2022,09:23:30,205.8,205.45,50,205.8,50,1100,452100
NIFTY20OCT2217400PE.NFO,14/10/2022,09:23:31,205.2,205.1,150,205.5,50,3300,452100
NIFTY20OCT2217400PE.NFO,14/10/2022,09:23:32,204.95,204.9,1000,205.25,50,2600,452100
NIFTY20OCT2217400PE.NFO,14/10/2022,09:23:33,204.45,204.35,100,204.7,50,1350,452100
NIFTY20OCT2217400PE.NFO,14/10/2022,09:23:34,203.6,203.55,50,203.95,100,4750,452100
NIFTY20OCT2217400PE.NFO,14/10/2022,09:23:35,204.3,204,1000,204.3,50,2500,452100
NIFTY20OCT2217400PE.NFO,14/10/2022,09:23:36,204.4,204.45,300,204.9,100,1900,452100
NIFTY20OCT2217400PE.NFO,14/10/2022,09:23:37,204.45,204.1,50,204.3,150,2400,452100
NIFTY20OCT2217400PE.NFO,14/10/2022,09:23:38,204.3,204.1,50,204.4,50,1350,452100
NIFTY20OCT2217400PE.NFO,14/10/2022,09:23:39,204.25,204.75,50,205,350,1000,452100
NIFTY20OCT2217400PE.NFO,14/10/2022,09:23:40,205,205.3,100,205.65,50,1250,452100
NIFTY20OCT2217400PE.NFO,14/10/2022,09:23:41,205.2,205.2,150,205.6,100,500,452100
NIFTY20OCT2217400PE.NFO,14/10/2022,09:23:43,205.4,205,350,205.3,50,2450,452100
NIFTY20OCT2217400PE.NFO,14/10/2022,09:23:44,205.65,205.45,50,205.85,50,3550,452100
NIFTY20OCT2217400PE.NFO,14/10/2022,09:23:45,204.4,204.4,450,204.65,50,700,452100
NIFTY20OCT2217400PE.NFO,14/10/2022,09:23:46,204,204.35,50,204.7,50,850,452100
NIFTY20OCT2217400PE.NFO,14/10/2022,09:23:47,205.1,204.65,50,205.05,50,3200,452100
NIFTY20OCT2217400PE.NFO,14/10/2022,09:23:48,205.5,205.45,50,205.65,50,1450,452100
NIFTY20OCT2217400PE.NFO,14/10/2022,09:23:50,206.4,206.2,50,206.45,100,2000,452100
NIFTY20OCT2217400PE.NFO,14/10/2022,09:23:51,204.65,205.25,150,205.65,250,600,452100
NIFTY20OCT2217400PE.NFO,14/10/2022,09:23:52,205.95,205.9,150,206.25,50,2950,452100
NIFTY20OCT2217400PE.NFO,14/10/2022,09:23:53,206.3,205.8,50,206.2,150,400,452100
NIFTY20OCT2217400PE.NFO,14/10/2022,09:23:54,206.85,207.15,100,207.4,100,1750,452100
NIFTY20OCT2217400PE.NFO,14/10/2022,09:23:55,207.8,207.8,50,208,750,2700,452100
NIFTY20OCT2217400PE.NFO,14/10/2022,09:23:57,209.35,209.25,50,209.35,1100,6050,452100
NIFTY20OCT2217400PE.NFO,14/10/2022,09:23:58,210.3,210.5,100,210.65,50,9200,452100
NIFTY20OCT2217400PE.NFO,14/10/2022,09:23:59,211.05,211.05,50,211.35,50,4450,452100
NIFTY20OCT2217400PE.NFO,14/10/2022,09:24:01,211.65,211.3,50,211.65,50,5700,452100
NIFTY20OCT2217400PE.NFO,14/10/2022,09:24:02,211.2,210.6,350,210.95,100,2900,452100
NIFTY20OCT2217400PE.NFO,14/10/2022,09:24:03,210.8,210.7,150,211.15,50,1450,452100
NIFTY20OCT2217400PE.NFO,14/10/2022,09:24:04,209.55,209.25,150,209.6,50,3900,452100
NIFTY20OCT2217400PE.NFO,14/10/2022,09:24:05,207.1,206.85,100,207.3,150,7350,452100
NIFTY20OCT2217400PE.NFO,14/10/2022,09:24:07,207.35,207.35,100,207.8,150,4500,452100
NIFTY20OCT2217400PE.NFO,14/10/2022,09:24:08,206.85,206.75,50,207.1,150,2000,452100
NIFTY20OCT2217400PE.NFO,14/10/2022,09:24:09,206.55,206.55,100,206.8,50,900,452100
NIFTY20OCT2217400PE.NFO,14/10/2022,09:24:10,206.35,206.5,50,206.85,50,3300,452100
NIFTY20OCT2217400PE.NFO,14/10/2022,09:24:11,205.15,205,700,205.2,50,1400,452100
NIFTY20OCT2217400PE.NFO,14/10/2022,09:24:13,204.4,204.5,200,204.9,50,2650,452100
NIFTY20OCT2217400PE.NFO,14/10/2022,09:24:14,205.85,205.9,200,206.25,200,1850,452100
NIFTY20OCT2217400PE.NFO,14/10/2022,09:24:15,204.05,203.8,50,204.05,50,3050,452100
NIFTY20OCT2217400PE.NFO,14/10/2022,09:24:16,203.65,203.6,100,203.7,50,3950,452100
NIFTY20OCT2217400PE.NFO,14/10/2022,09:24:17,203,202.7,100,203.1,50,2850,452100
NIFTY20OCT2217400PE.NFO,14/10/2022,09:24:18,202.5,202.55,50,202.65,50,2350,452100
NIFTY20OCT2217400PE.NFO,14/10/2022,09:24:19,202.4,202.4,200,202.9,300,850,452100
NIFTY20OCT2217400PE.NFO,14/10/2022,09:24:21,203.25,203,50,203.4,50,4250,452100
NIFTY20OCT2217400PE.NFO,14/10/2022,09:24:22,203.9,204.2,100,204.4,50,650,452100
NIFTY20OCT2217400PE.NFO,14/10/2022,09:24:23,204.7,205.15,150,205.55,50,2450,452100
NIFTY20OCT2217400PE.NFO,14/10/2022,09:24:24,206,204.95,100,205.35,50,1600,452100
NIFTY20OCT2217400PE.NFO,14/10/2022,09:24:25,206.6,206.25,50,206.3,50,550,452100
NIFTY20OCT2217400PE.NFO,14/10/2022,09:24:26,205.2,204.85,50,205.2,200,2600,452100
NIFTY20OCT2217400PE.NFO,14/10/2022,09:24:27,205.1,205.25,150,205.65,50,650,452100
NIFTY20OCT2217400PE.NFO,14/10/2022,09:24:28,205.4,204.95,50,205.35,400,950,452100
NIFTY20OCT2217400PE.NFO,14/10/2022,09:24:29,206.75,206.25,150,206.6,50,2850,452100
NIFTY20OCT2217400PE.NFO,14/10/2022,09:24:30,207.15,206.45,150,206.6,500,450,452100
NIFTY20OCT2217400PE.NFO,14/10/2022,09:24:32,208,207.9,50,208.2,100,950,452100
NIFTY20OCT2217400PE.NFO,14/10/2022,09:24:33,207.1,207.3,250,207.65,50,1250,452100
NIFTY20OCT2217400PE.NFO,14/10/2022,09:24:34,207.1,207.2,300,207.5,100,550,452100
NIFTY20OCT2217400PE.NFO,14/10/2022,09:24:35,207.75,207.2,50,207.6,200,350,452100
NIFTY20OCT2217400PE.NFO,14/10/2022,09:24:36,204.7,204.5,50,204.9,150,1250,452100
NIFTY20OCT2217400PE.NFO,14/10/2022,09:24:38,205.3,205.4,50,205.85,100,600,452100
NIFTY20OCT2217400PE.NFO,14/10/2022,09:24:39,205.5,206,50,206.5,700,1500,452100
NIFTY20OCT2217400PE.NFO,14/10/2022,09:24:40,206.1,205.95,50,206.25,50,750,452100
NIFTY20OCT2217400PE.NFO,14/10/2022,09:24:41,207.4,207.55,200,207.8,350,2900,452100
NIFTY20OCT2217400PE.NFO,14/10/2022,09:24:42,207.95,207.75,200,208.1,200,2650,452100
NIFTY20OCT2217400PE.NFO,14/10/2022,09:24:43,208.05,207.45,50,207.7,550,800,452100
NIFTY20OCT2217400PE.NFO,14/10/2022,09:24:45,208.6,208.15,50,208.4,200,1300,452100
NIFTY20OCT2217400PE.NFO,14/10/2022,09:24:46,208.45,208.5,200,208.8,200,800,452100
NIFTY20OCT2217400PE.NFO,14/10/2022,09:24:47,208.15,208.2,50,208.5,200,800,452100
NIFTY20OCT2217400PE.NFO,14/10/2022,09:24:48,208.15,208.15,50,208.4,50,4400,452100
NIFTY20OCT2217400PE.NFO,14/10/2022,09:24:49,207.05,207.05,50,207.35,50,600,452100
NIFTY20OCT2217400PE.NFO,14/10/2022,09:24:50,208.1,208.2,150,208.6,250,150,452100
NIFTY20OCT2217400PE.NFO,14/10/2022,09:24:51,207.85,207.9,100,208.15,50,1550,452100
NIFTY20OCT2217400PE.NFO,14/10/2022,09:24:52,208.25,208.25,50,208.6,200,4300,452100
NIFTY20OCT2217400PE.NFO,14/10/2022,09:24:53,208.6,208.6,200,208.95,50,2000,452100
NIFTY20OCT2217400PE.NFO,14/10/2022,09:24:54,210.55,210.25,50,210.6,550,6000,452100
NIFTY20OCT2217400PE.NFO,14/10/2022,09:24:55,211.05,210.9,50,211.15,350,3800,452100
NIFTY20OCT2217400PE.NFO,14/10/2022,09:24:57,209.75,209.3,50,209.65,150,3500,452100
NIFTY20OCT2217400PE.NFO,14/10/2022,09:24:58,211.3,210.9,150,211.3,50,3400,452100
NIFTY20OCT2217400PE.NFO,14/10/2022,09:24:59,211.15,211.2,50,211.45,50,850,452100
NIFTY20OCT2217400PE.NFO,14/10/2022,09:25:00,211.2,210.9,50,211.2,450,350,452100
NIFTY20OCT2217400PE.NFO,14/10/2022,09:25:01,210.1,209.95,50,210.2,450,1900,452100
NIFTY20OCT2217400PE.NFO,14/10/2022,09:25:02,209.15,209.25,50,209.6,250,2900,452100
NIFTY20OCT2217400PE.NFO,14/10/2022,09:25:03,208.65,208.7,50,209.05,50,8200,452100
NIFTY20OCT2217400PE.NFO,14/10/2022,09:25:04,209.6,209.55,100,209.9,50,700,452100
NIFTY20OCT2217400PE.NFO,14/10/2022,09:25:06,210.2,209.8,50,210.1,50,1350,452100
NIFTY20OCT2217400PE.NFO,14/10/2022,09:25:07,206.6,206.6,50,206.95,150,6500,452100
NIFTY20OCT2217400PE.NFO,14/10/2022,09:25:08,208.55,208.75,50,208.95,50,2500,452100
NIFTY20OCT2217400PE.NFO,14/10/2022,09:25:09,209.8,209.45,200,209.7,200,1450,452100
NIFTY20OCT2217400PE.NFO,14/10/2022,09:25:10,208.6,208.5,250,208.8,200,2300,452100
NIFTY20OCT2217400PE.NFO,14/10/2022,09:25:11,209.45,208.95,200,209.3,200,2150,452100
NIFTY20OCT2217400PE.NFO,14/10/2022,09:25:12,209.35,208.95,50,209.25,150,350,452100
NIFTY20OCT2217400PE.NFO,14/10/2022,09:25:13,209.1,209,50,209.1,50,450,452100
NIFTY20OCT2217400PE.NFO,14/10/2022,09:25:14,209.4,209.25,200,209.55,50,3100,452100
NIFTY20OCT2217400PE.NFO,14/10/2022,09:25:16,209.25,209.2,50,209.55,200,2900,452100
NIFTY20OCT2217400PE.NFO,14/10/2022,09:25:17,210,210.05,300,210.15,150,4400,452100
NIFTY20OCT2217400PE.NFO,14/10/2022,09:25:18,209.9,209.4,50,209.8,250,2200,452100
NIFTY20OCT2217400PE.NFO,14/10/2022,09:25:19,210.85,210.4,50,210.8,400,1100,452100
NIFTY20OCT2217400PE.NFO,14/10/2022,09:25:20,210.1,209.85,50,210.05,50,400,452100
NIFTY20OCT2217400PE.NFO,14/10/2022,09:25:21,210,209.5,50,209.8,50,2400,452100
NIFTY20OCT2217400PE.NFO,14/10/2022,09:25:22,209.8,209.9,50,210.25,100,250,452100
NIFTY20OCT2217400PE.NFO,14/10/2022,09:25:23,210,209.5,50,209.85,100,550,452100
NIFTY20OCT2217400PE.NFO,14/10/2022,09:25:24,209.75,209.35,50,209.7,50,450,452100
NIFTY20OCT2217400PE.NFO,14/10/2022,09:25:26,209.75,209.75,100,210,200,1050,452100
NIFTY20OCT2217400PE.NFO,14/10/2022,09:25:27,210.3,210.15,300,210.4,100,2600,452100
NIFTY20OCT2217400PE.NFO,14/10/2022,09:25:28,210.6,210.25,100,210.55,50,2150,452100
NIFTY20OCT2217400PE.NFO,14/10/2022,09:25:29,210.5,210.2,100,210.45,50,2450,452100
NIFTY20OCT2217400PE.NFO,14/10/2022,09:25:30,210.6,210.25,50,210.65,100,900,452100
NIFTY20OCT2217400PE.NFO,14/10/2022,09:25:31,210,209.85,50,210.05,100,400,452100
NIFTY20OCT2217400PE.NFO,14/10/2022,09:25:32,208.8,208.65,50,208.75,100,2050,452100
NIFTY20OCT2217400PE.NFO,14/10/2022,09:25:33,208.45,208,750,208.3,50,1800,452100
NIFTY20OCT2217400PE.NFO,14/10/2022,09:25:34,207.45,207.35,100,207.75,650,2250,452100
NIFTY20OCT2217400PE.NFO,14/10/2022,09:25:35,207,207,650,207.3,250,1400,452100
NIFTY20OCT2217400PE.NFO,14/10/2022,09:25:36,207.05,206.65,50,207,200,4800,452100
NIFTY20OCT2217400PE.NFO,14/10/2022,09:25:37,205.25,205.25,150,205.65,50,3950,452100
NIFTY20OCT2217400PE.NFO,14/10/2022,09:25:38,205,205.05,200,205.4,250,1600,452100
NIFTY20OCT2217400PE.NFO,14/10/2022,09:25:40,204.8,204.5,50,204.8,50,1800,452100
NIFTY20OCT2217400PE.NFO,14/10/2022,09:25:41,205.1,205.1,150,205.45,50,4550,452100
NIFTY20OCT2217400PE.NFO,14/10/2022,09:25:42,204.55,204.35,50,204.65,100,1300,452100
NIFTY20OCT2217400PE.NFO,14/10/2022,09:25:43,205.7,206.05,150,206.35,50,850,452100
NIFTY20OCT2217400PE.NFO,14/10/2022,09:25:45,206.15,206.6,50,206.95,50,550,452100
NIFTY20OCT2217400PE.NFO,14/10/2022,09:25:46,208.2,207.3,50,207.7,400,1850,452100
NIFTY20OCT2217400PE.NFO,14/10/2022,09:25:47,208,207.9,400,208,200,1050,452100
NIFTY20OCT2217400PE.NFO,14/10/2022,09:25:48,206.75,206.2,250,206.5,50,450,452100
NIFTY20OCT2217400PE.NFO,14/10/2022,09:25:49,206.15,205.95,50,206.4,450,1100,452100
NIFTY20OCT2217400PE.NFO,14/10/2022,09:25:51,204.7,204.45,50,204.8,50,1250,452100
NIFTY20OCT2217400PE.NFO,14/10/2022,09:25:52,204.6,204.45,50,204.75,50,250,452100
NIFTY20OCT2217400PE.NFO,14/10/2022,09:25:53,204.25,204.15,50,204.45,200,4800,452100
NIFTY20OCT2217400PE.NFO,14/10/2022,09:25:54,203.9,203.75,100,204.2,50,1000,452100
NIFTY20OCT2217400PE.NFO,14/10/2022,09:25:55,205.15,204.55,50,205.05,150,10800,452100
NIFTY20OCT2217400PE.NFO,14/10/2022,09:25:57,205.35,205.1,50,205.4,50,700,452100
NIFTY20OCT2217400PE.NFO,14/10/2022,09:25:58,204.35,204.15,50,204.6,150,500,452100
NIFTY20OCT2217400PE.NFO,14/10/2022,09:25:59,205.15,205.3,50,205.45,100,500,452100
NIFTY20OCT2217400PE.NFO,14/10/2022,09:26:00,204.75,205.05,50,205.4,50,800,452100
NIFTY20OCT2217400PE.NFO,14/10/2022,09:26:01,204.15,204.1,500,204.35,150,550,452100
NIFTY20OCT2217400PE.NFO,14/10/2022,09:26:02,203.8,203.7,50,204,50,850,452100
NIFTY20OCT2217400PE.NFO,14/10/2022,09:26:03,204.15,204.55,50,204.8,50,350,452100
NIFTY20OCT2217400PE.NFO,14/10/2022,09:26:04,205.1,205.05,50,205.35,150,1000,452100
NIFTY20OCT2217400PE.NFO,14/10/2022,09:26:06,205.4,204.9,200,205.3,700,850,452100
NIFTY20OCT2217400PE.NFO,14/10/2022,09:26:07,205.9,206.15,150,206.4,50,300,452100
NIFTY20OCT2217400PE.NFO,14/10/2022,09:26:08,205.65,205.7,50,206.05,150,1100,452100
NIFTY20OCT2217400PE.NFO,14/10/2022,09:26:09,205,205.05,50,205.35,150,450,452100
NIFTY20OCT2217400PE.NFO,14/10/2022,09:26:09,205,204.5,50,204.75,100,0,452100
NIFTY20OCT2217400PE.NFO,14/10/2022,09:26:10,205.5,205.2,100,205.55,150,750,452100
NIFTY20OCT2217400PE.NFO,14/10/2022,09:26:11,204.1,203.85,50,204.15,50,3650,452100
NIFTY20OCT2217400PE.NFO,14/10/2022,09:26:12,204.1,203.65,50,204,50,700,452100
NIFTY20OCT2217400PE.NFO,14/10/2022,09:26:13,204.1,204.05,100,204.45,50,150,452100
NIFTY20OCT2217400PE.NFO,14/10/2022,09:26:14,204.4,203.85,50,204.15,300,2150,452100
NIFTY20OCT2217400PE.NFO,14/10/2022,09:26:15,205.25,205.2,50,205.55,350,600,452100
NIFTY20OCT2217400PE.NFO,14/10/2022,09:26:16,204.2,204.2,50,204.55,150,3950,452100
NIFTY20OCT2217400PE.NFO,14/10/2022,09:26:18,204.1,204,150,204.3,300,400,452100
NIFTY20OCT2217400PE.NFO,14/10/2022,09:26:19,205.2,205.3,200,205.7,300,1950,452100
NIFTY20OCT2217400PE.NFO,14/10/2022,09:26:20,205.9,205.65,50,205.9,50,700,464950
NIFTY20OCT2217400PE.NFO,14/10/2022,09:26:21,207,206.9,50,207,100,800,464950
NIFTY20OCT2217400PE.NFO,14/10/2022,09:26:22,207.45,207,50,207.3,150,600,464950
NIFTY20OCT2217400PE.NFO,14/10/2022,09:26:23,207,206.25,50,206.55,150,400,464950
NIFTY20OCT2217400PE.NFO,14/10/2022,09:26:23,207,206.4,50,206.7,350,0,464950
NIFTY20OCT2217400PE.NFO,14/10/2022,09:26:24,205.5,205.3,50,205.6,50,450,464950
NIFTY20OCT2217400PE.NFO,14/10/2022,09:26:25,204.4,204.25,50,204.6,600,950,464950
NIFTY20OCT2217400PE.NFO,14/10/2022,09:26:26,204.45,204.5,200,204.9,100,700,464950
NIFTY20OCT2217400PE.NFO,14/10/2022,09:26:28,204.85,204.4,200,204.75,50,500,464950
NIFTY20OCT2217400PE.NFO,14/10/2022,09:26:28,204.85,204.8,250,205.2,50,200,464950
NIFTY20OCT2217400PE.NFO,14/10/2022,09:26:29,205.5,205,50,205.35,50,150,464950
NIFTY20OCT2217400PE.NFO,14/10/2022,09:26:30,204.8,204.95,100,205.25,600,250,464950
NIFTY20OCT2217400PE.NFO,14/10/2022,09:26:31,205,204.8,50,205.2,50,400,464950
NIFTY20OCT2217400PE.NFO,14/10/2022,09:26:32,205.2,204.8,50,205.2,350,400,464950
NIFTY20OCT2217400PE.NFO,14/10/2022,09:26:34,204.05,204.2,100,204.65,50,3700,464950
NIFTY20OCT2217400PE.NFO,14/10/2022,09:26:35,205.3,205,150,205.3,200,450,464950
NIFTY20OCT2217400PE.NFO,14/10/2022,09:26:35,205.1,204.65,50,205.05,500,50,464950
NIFTY20OCT2217400PE.NFO,14/10/2022,09:26:36,204.3,204,250,204.2,50,100,464950
NIFTY20OCT2217400PE.NFO,14/10/2022,09:26:37,204.6,204.7,150,205,100,550,464950
NIFTY20OCT2217400PE.NFO,14/10/2022,09:26:38,204.8,204.15,200,204.6,150,150,464950
NIFTY20OCT2217400PE.NFO,14/10/2022,09:26:40,205.5,205.1,50,205.6,400,550,464950
NIFTY20OCT2217400PE.NFO,14/10/2022,09:26:40,204.05,204,250,204.2,50,50,464950
NIFTY20OCT2217400PE.NFO,14/10/2022,09:26:41,204.2,204,250,204.25,50,350,464950
NIFTY20OCT2217400PE.NFO,14/10/2022,09:26:42,204.4,203.85,50,204.25,50,1300,464950
NIFTY20OCT2217400PE.NFO,14/10/2022,09:26:43,203.75,203.75,150,204.05,50,500,464950
NIFTY20OCT2217400PE.NFO,14/10/2022,09:26:44,204,203.6,200,204,50,300,464950
NIFTY20OCT2217400PE.NFO,14/10/2022,09:26:46,203.9,203.35,250,203.75,50,7050,464950
NIFTY20OCT2217400PE.NFO,14/10/2022,09:26:46,203.55,203.55,200,203.95,50,450,464950
NIFTY20OCT2217400PE.NFO,14/10/2022,09:26:47,204.4,204.1,150,204.3,200,700,464950
NIFTY20OCT2217400PE.NFO,14/10/2022,09:26:48,203.8,203.55,50,203.95,450,250,464950
NIFTY20OCT2217400PE.NFO,14/10/2022,09:26:49,202.8,202.8,100,203.1,200,250,464950
NIFTY20OCT2217400PE.NFO,14/10/2022,09:26:50,202.45,202.45,250,202.7,50,300,464950
NIFTY20OCT2217400PE.NFO,14/10/2022,09:26:51,203.15,202.85,100,203.15,50,600,464950
NIFTY20OCT2217400PE.NFO,14/10/2022,09:26:53,203.65,203.4,50,203.7,200,4850,464950
NIFTY20OCT2217400PE.NFO,14/10/2022,09:26:54,204.45,204.1,50,204.45,50,600,464950
NIFTY20OCT2217400PE.NFO,14/10/2022,09:26:55,204.8,204.65,50,204.9,200,1050,464950
NIFTY20OCT2217400PE.NFO,14/10/2022,09:26:56,203.8,203.8,100,204.05,50,400,464950
NIFTY20OCT2217400PE.NFO,14/10/2022,09:26:57,203.65,203.65,150,203.85,100,200,464950
NIFTY20OCT2217400PE.NFO,14/10/2022,09:26:57,203.85,203.9,100,204.1,200,100,464950
NIFTY20OCT2217400PE.NFO,14/10/2022,09:26:58,203.45,203.1,50,203.4,150,250,464950
NIFTY20OCT2217400PE.NFO,14/10/2022,09:26:59,203.6,203.3,50,203.6,400,450,464950
NIFTY20OCT2217400PE.NFO,14/10/2022,09:27:00,203.95,203.65,50,204,250,650,464950
NIFTY20OCT2217400PE.NFO,14/10/2022,09:27:01,204.35,204.35,100,204.55,100,2250,464950
NIFTY20OCT2217400PE.NFO,14/10/2022,09:27:02,203.65,203.6,50,203.95,50,500,464950
NIFTY20OCT2217400PE.NFO,14/10/2022,09:27:03,204.25,204.35,100,204.7,600,2300,464950
NIFTY20OCT2217400PE.NFO,14/10/2022,09:27:05,205.15,204.9,100,205.2,200,1700,464950
NIFTY20OCT2217400PE.NFO,14/10/2022,09:27:05,206.1,206.05,150,206.2,100,1750,464950
NIFTY20OCT2217400PE.NFO,14/10/2022,09:27:06,206.45,206.5,50,206.8,600,650,464950
NIFTY20OCT2217400PE.NFO,14/10/2022,09:27:07,206.2,206.05,50,206.3,250,1350,464950
NIFTY20OCT2217400PE.NFO,14/10/2022,09:27:08,203.85,203.7,50,204.05,150,3500,464950
NIFTY20OCT2217400PE.NFO,14/10/2022,09:27:09,203.65,203.55,50,203.9,150,1500,464950
NIFTY20OCT2217400PE.NFO,14/10/2022,09:27:10,202.65,202.55,100,202.85,50,750,464950
NIFTY20OCT2217400PE.NFO,14/10/2022,09:27:11,203.45,203.4,300,203.6,50,300,464950
NIFTY20OCT2217400PE.NFO,14/10/2022,09:27:13,203.35,203.65,150,203.95,50,1550,464950
NIFTY20OCT2217400PE.NFO,14/10/2022,09:27:14,205.1,205.5,250,205.8,50,450,464950
NIFTY20OCT2217400PE.NFO,14/10/2022,09:27:15,207.45,207.5,50,207.7,50,900,464950
NIFTY20OCT2217400PE.NFO,14/10/2022,09:27:16,206,205.8,100,206.05,200,1750,464950
NIFTY20OCT2217400PE.NFO,14/10/2022,09:27:17,207.05,206.45,100,206.75,50,400,464950
NIFTY20OCT2217400PE.NFO,14/10/2022,09:27:18,206.45,205.9,50,206.15,150,50,464950
NIFTY20OCT2217400PE.NFO,14/10/2022,09:27:19,205.75,205.65,50,206,50,600,464950
NIFTY20OCT2217400PE.NFO,14/10/2022,09:27:20,206.15,205.45,200,205.9,50,700,464950
NIFTY20OCT2217400PE.NFO,14/10/2022,09:27:21,205.7,205.4,200,205.8,150,1100,464950
NIFTY20OCT2217400PE.NFO,14/10/2022,09:27:22,206.45,205.75,50,206.1,250,650,464950
NIFTY20OCT2217400PE.NFO,14/10/2022,09:27:23,206.55,206.3,50,206.65,50,400,464950
NIFTY20OCT2217400PE.NFO,14/10/2022,09:27:24,206.25,206.3,50,206.75,300,100,464950
NIFTY20OCT2217400PE.NFO,14/10/2022,09:27:25,206.75,206.4,50,206.75,300,1550,464950
NIFTY20OCT2217400PE.NFO,14/10/2022,09:27:26,206.8,206.65,100,207,200,150,464950
NIFTY20OCT2217400PE.NFO,14/10/2022,09:27:28,206.85,206.9,150,207.3,350,1250,464950
NIFTY20OCT2217400PE.NFO,14/10/2022,09:27:29,207,207.1,50,207.4,200,800,464950
NIFTY20OCT2217400PE.NFO,14/10/2022,09:27:29,207,207.2,50,207.45,400,200,464950
NIFTY20OCT2217400PE.NFO,14/10/2022,09:27:30,206.85,207.1,100,207.4,200,450,464950
NIFTY20OCT2217400PE.NFO,14/10/2022,09:27:31,207.5,207.1,50,207.45,150,250,464950
NIFTY20OCT2217400PE.NFO,14/10/2022,09:27:32,207.9,207.35,50,207.75,300,750,464950
NIFTY20OCT2217400PE.NFO,14/10/2022,09:27:33,206.55,206.5,50,206.85,200,2400,464950
NIFTY20OCT2217400PE.NFO,14/10/2022,09:27:34,207.45,207,300,207.35,150,600,464950
NIFTY20OCT2217400PE.NFO,14/10/2022,09:27:35,207.3,207.4,100,207.7,200,350,464950
NIFTY20OCT2217400PE.NFO,14/10/2022,09:27:36,206.75,206.25,150,206.6,150,750,464950
NIFTY20OCT2217400PE.NFO,14/10/2022,09:27:38,206.8,207.35,50,207.6,50,50,464950
NIFTY20OCT2217400PE.NFO,14/10/2022,09:27:39,207.3,207.2,50,207.5,200,150,464950
NIFTY20OCT2217400PE.NFO,14/10/2022,09:27:40,206,206,50,206.35,50,300,464950
NIFTY20OCT2217400PE.NFO,14/10/2022,09:27:41,206.3,205.85,50,206.2,50,2200,464950
NIFTY20OCT2217400PE.NFO,14/10/2022,09:27:42,205.45,205.15,50,205.55,100,1100,464950
NIFTY20OCT2217400PE.NFO,14/10/2022,09:27:44,205,204.95,50,205.05,100,1700,464950
NIFTY20OCT2217400PE.NFO,14/10/2022,09:27:45,205.6,205,50,205.3,50,2150,464950
NIFTY20OCT2217400PE.NFO,14/10/2022,09:27:46,204.75,204.6,150,205,50,850,464950
NIFTY20OCT2217400PE.NFO,14/10/2022,09:27:47,204.35,204.05,150,204.4,50,1300,464950
NIFTY20OCT2217400PE.NFO,14/10/2022,09:27:48,204.15,204.15,750,204.5,100,200,464950
NIFTY20OCT2217400PE.NFO,14/10/2022,09:27:49,203.5,203.8,50,204,50,250,464950
NIFTY20OCT2217400PE.NFO,14/10/2022,09:27:50,203.25,203.1,50,203.35,50,250,464950
NIFTY20OCT2217400PE.NFO,14/10/2022,09:27:52,203,202.9,50,203.2,50,1650,464950
NIFTY20OCT2217400PE.NFO,14/10/2022,09:27:53,203.05,202.35,50,202.6,50,150,464950
NIFTY20OCT2217400PE.NFO,14/10/2022,09:27:54,202.6,202.6,50,202.65,50,4850,464950
NIFTY20OCT2217400PE.NFO,14/10/2022,09:27:55,202.1,202.3,200,202.7,300,1950,464950
NIFTY20OCT2217400PE.NFO,14/10/2022,09:27:56,202.4,202.45,200,202.85,50,200,464950
NIFTY20OCT2217400PE.NFO,14/10/2022,09:27:57,203.8,203.95,250,204.4,150,2650,464950
NIFTY20OCT2217400PE.NFO,14/10/2022,09:27:58,205.3,205.2,50,205.55,50,950,464950
NIFTY20OCT2217400PE.NFO,14/10/2022,09:27:59,205.6,205.3,350,205.6,50,400,464950
NIFTY20OCT2217400PE.NFO,14/10/2022,09:28:00,205.1,204.85,100,205.1,100,300,464950
NIFTY20OCT2217400PE.NFO,14/10/2022,09:28:01,205.05,205,50,205.2,50,650,464950
NIFTY20OCT2217400PE.NFO,14/10/2022,09:28:03,205,205.25,50,205.55,100,300,464950
NIFTY20OCT2217400PE.NFO,14/10/2022,09:28:04,203.95,203.55,200,203.9,250,1950,464950
NIFTY20OCT2217400PE.NFO,14/10/2022,09:28:05,203.55,203.55,50,203.7,50,650,464950
NIFTY20OCT2217400PE.NFO,14/10/2022,09:28:06,203.05,203.05,150,203.3,50,350,464950
NIFTY20OCT2217400PE.NFO,14/10/2022,09:28:06,203,202.8,50,203.15,50,150,464950
NIFTY20OCT2217400PE.NFO,14/10/2022,09:28:07,203,202.5,50,202.75,50,1450,464950
NIFTY20OCT2217400PE.NFO,14/10/2022,09:28:09,203.15,203.2,50,203.55,150,650,464950
NIFTY20OCT2217400PE.NFO,14/10/2022,09:28:10,203.15,203.15,150,203.3,100,50,464950
NIFTY20OCT2217400PE.NFO,14/10/2022,09:28:11,204.35,204.3,350,204.65,50,1400,464950
NIFTY20OCT2217400PE.NFO,14/10/2022,09:28:11,204.1,204,50,204.35,100,50,464950
NIFTY20OCT2217400PE.NFO,14/10/2022,09:28:12,203.9,203.6,100,204,500,300,464950
NIFTY20OCT2217400PE.NFO,14/10/2022,09:28:14,203.1,202.9,100,203.05,50,2950,464950
NIFTY20OCT2217400PE.NFO,14/10/2022,09:28:15,203,202.65,50,202.95,100,900,464950
NIFTY20OCT2217400PE.NFO,14/10/2022,09:28:16,203.1,202.95,100,203.25,50,150,464950
NIFTY20OCT2217400PE.NFO,14/10/2022,09:28:16,203,202.9,150,203.1,300,150,464950
NIFTY20OCT2217400PE.NFO,14/10/2022,09:28:17,203.7,203.2,200,203.4,200,1400,464950
NIFTY20OCT2217400PE.NFO,14/10/2022,09:28:18,203.55,203.25,150,203.5,300,1050,464950
NIFTY20OCT2217400PE.NFO,14/10/2022,09:28:19,204,203.6,200,204,200,200,464950
NIFTY20OCT2217400PE.NFO,14/10/2022,09:28:21,203.45,203.7,100,204,1050,350,464950
NIFTY20OCT2217400PE.NFO,14/10/2022,09:28:22,204.45,204.05,50,204.4,150,1400,464950
NIFTY20OCT2217400PE.NFO,14/10/2022,09:28:23,204.45,204,200,204.1,50,0,464950
NIFTY20OCT2217400PE.NFO,14/10/2022,09:28:24,204.4,204.35,150,204.7,50,250,464950
NIFTY20OCT2217400PE.NFO,14/10/2022,09:28:24,204.4,204.3,150,204.6,50,0,464950
NIFTY20OCT2217400PE.NFO,14/10/2022,09:28:25,204.6,204.55,150,204.8,50,50,464950
NIFTY20OCT2217400PE.NFO,14/10/2022,09:28:27,205.5,205.7,100,205.8,50,1300,464950
NIFTY20OCT2217400PE.NFO,14/10/2022,09:28:28,206.3,205.95,50,206.35,200,2300,464950
NIFTY20OCT2217400PE.NFO,14/10/2022,09:28:29,206.35,206.3,50,206.4,100,50,464950
NIFTY20OCT2217400PE.NFO,14/10/2022,09:28:30,205.7,205.8,150,206.15,50,1000,464950
NIFTY20OCT2217400PE.NFO,14/10/2022,09:28:31,205.85,205.65,50,205.9,550,950,464950
NIFTY20OCT2217400PE.NFO,14/10/2022,09:28:31,205.85,205.8,50,206,500,0,464950
NIFTY20OCT2217400PE.NFO,14/10/2022,09:28:32,205.9,205.7,50,205.95,50,650,464950
NIFTY20OCT2217400PE.NFO,14/10/2022,09:28:33,205.5,205.2,50,205.55,50,1000,464950
NIFTY20OCT2217400PE.NFO,14/10/2022,09:28:34,205.55,205.55,150,205.95,50,600,464950
NIFTY20OCT2217400PE.NFO,14/10/2022,09:28:36,205.9,205.55,100,205.9,50,1550,464950
NIFTY20OCT2217400PE.NFO,14/10/2022,09:28:37,205.6,205.65,200,205.85,50,2050,464950
NIFTY20OCT2217400PE.NFO,14/10/2022,09:28:38,205.4,205.15,50,205.5,200,1150,464950
NIFTY20OCT2217400PE.NFO,14/10/2022,09:28:38,205.4,205.55,50,205.8,50,0,464950
NIFTY20OCT2217400PE.NFO,14/10/2022,09:28:39,206.05,206.05,50,206.35,50,300,464950
NIFTY20OCT2217400PE.NFO,14/10/2022,09:28:40,206.3,206.2,100,206.4,50,600,464950
NIFTY20OCT2217400PE.NFO,14/10/2022,09:28:42,206,205.75,100,205.9,200,4550,464950
NIFTY20OCT2217400PE.NFO,14/10/2022,09:28:43,204.4,204.3,100,204.55,50,2150,464950
NIFTY20OCT2217400PE.NFO,14/10/2022,09:28:43,204.1,203.55,100,203.8,150,350,464950
NIFTY20OCT2217400PE.NFO,14/10/2022,09:28:44,204.35,204.15,150,204.5,50,100,464950
NIFTY20OCT2217400PE.NFO,14/10/2022,09:28:45,204.5,204.75,100,205.05,100,100,464950
NIFTY20OCT2217400PE.NFO,14/10/2022,09:28:47,205.45,205.2,50,205.5,50,300,464950
NIFTY20OCT2217400PE.NFO,14/10/2022,09:28:48,205.85,205.15,50,205.55,250,450,464950
NIFTY20OCT2217400PE.NFO,14/10/2022,09:28:48,205.15,204.5,200,204.8,200,50,464950
NIFTY20OCT2217400PE.NFO,14/10/2022,09:28:49,204,204.3,50,204.6,250,400,464950
NIFTY20OCT2217400PE.NFO,14/10/2022,09:28:51,204.8,204.45,100,204.8,150,550,464950
NIFTY20OCT2217400PE.NFO,14/10/2022,09:28:52,204.7,204,100,204.35,200,100,464950
NIFTY20OCT2217400PE.NFO,14/10/2022,09:28:53,203.85,203.75,50,204,150,200,464950
NIFTY20OCT2217400PE.NFO,14/10/2022,09:28:53,204.15,203.75,50,204.05,200,50,464950
NIFTY20OCT2217400PE.NFO,14/10/2022,09:28:54,204,204,550,204.45,50,850,464950
NIFTY20OCT2217400PE.NFO,14/10/2022,09:28:55,203.85,203.5,50,203.9,50,300,464950
NIFTY20OCT2217400PE.NFO,14/10/2022,09:28:57,204.6,203.55,50,203.9,150,450,464950
NIFTY20OCT2217400PE.NFO,14/10/2022,09:28:58,203.55,203.55,200,203.85,100,600,464950
NIFTY20OCT2217400PE.NFO,14/10/2022,09:28:59,204.1,203.45,50,203.85,150,350,464950
NIFTY20OCT2217400PE.NFO,14/10/2022,09:29:00,204.1,203.15,50,203.5,700,0,464950
NIFTY20OCT2217400PE.NFO,14/10/2022,09:29:00,204.1,203.1,50,203.4,50,0,464950
NIFTY20OCT2217400PE.NFO,14/10/2022,09:29:01,203.55,203.5,50,203.8,100,1250,464950
NIFTY20OCT2217400PE.NFO,14/10/2022,09:29:02,202.9,202.8,100,202.95,50,800,464950
NIFTY20OCT2217400PE.NFO,14/10/2022,09:29:04,202.95,202.7,50,202.95,50,600,464950
NIFTY20OCT2217400PE.NFO,14/10/2022,09:29:05,202.85,202.4,50,202.7,150,950,464950
NIFTY20OCT2217400PE.NFO,14/10/2022,09:29:06,203.1,203.2,50,203.5,50,400,464950
NIFTY20OCT2217400PE.NFO,14/10/2022,09:29:07,204,204.05,50,204.25,50,2650,464950
NIFTY20OCT2217400PE.NFO,14/10/2022,09:29:07,204.3,204.05,50,204.45,50,300,464950
NIFTY20OCT2217400PE.NFO,14/10/2022,09:29:08,204.55,204.6,50,204.8,50,1050,464950
NIFTY20OCT2217400PE.NFO,14/10/2022,09:29:10,204.6,204.45,50,204.8,50,250,464950
NIFTY20OCT2217400PE.NFO,14/10/2022,09:29:11,205.2,205,200,205.35,50,150,464950
NIFTY20OCT2217400PE.NFO,14/10/2022,09:29:12,205.9,205.85,50,206.2,200,1600,464950
NIFTY20OCT2217400PE.NFO,14/10/2022,09:29:12,205.9,205.9,50,206.15,50,0,464950
NIFTY20OCT2217400PE.NFO,14/10/2022,09:29:13,206.25,206,50,206.3,200,50,464950
NIFTY20OCT2217400PE.NFO,14/10/2022,09:29:15,205.95,205.35,150,205.7,50,3400,464950
NIFTY20OCT2217400PE.NFO,14/10/2022,09:29:16,206.35,206.2,100,206.5,150,650,464950
NIFTY20OCT2217400PE.NFO,14/10/2022,09:29:17,206.3,206.45,50,206.7,200,800,464950
NIFTY20OCT2217400PE.NFO,14/10/2022,09:29:18,206.1,205.9,50,206.25,150,2600,464950
NIFTY20OCT2217400PE.NFO,14/10/2022,09:29:18,206.1,206,1750,206.2,200,100,464950
NIFTY20OCT2217400PE.NFO,14/10/2022,09:29:19,206,206.05,50,206.35,150,300,473050
NIFTY20OCT2217400PE.NFO,14/10/2022,09:29:20,206.25,206.2,50,206.4,450,400,473050
NIFTY20OCT2217400PE.NFO,14/10/2022,09:29:21,206,206.05,50,206.45,200,550,473050
NIFTY20OCT2217400PE.NFO,14/10/2022,09:29:23,206.4,206.25,50,206.55,50,400,473050
NIFTY20OCT2217400PE.NFO,14/10/2022,09:29:24,206.4,206.3,50,206.6,150,100,473050
NIFTY20OCT2217400PE.NFO,14/10/2022,09:29:25,207.1,207.05,200,207.4,550,1950,473050
NIFTY20OCT2217400PE.NFO,14/10/2022,09:29:25,207.4,206.85,50,207.05,50,100,473050
NIFTY20OCT2217400PE.NFO,14/10/2022,09:29:26,206.7,206.85,600,207.2,250,550,473050
NIFTY20OCT2217400PE.NFO,14/10/2022,09:29:28,207,207,550,207.1,200,1250,473050
NIFTY20OCT2217400PE.NFO,14/10/2022,09:29:29,207.15,207.15,50,207.4,50,800,473050
NIFTY20OCT2217400PE.NFO,14/10/2022,09:29:30,207.45,207,550,207.3,100,1950,473050
NIFTY20OCT2217400PE.NFO,14/10/2022,09:29:31,205,204.6,200,204.9,50,4100,473050
NIFTY20OCT2217400PE.NFO,14/10/2022,09:29:32,204.1,203.8,50,204.15,200,4200,473050
NIFTY20OCT2217400PE.NFO,14/10/2022,09:29:33,204.55,204.35,50,204.6,50,1900,473050
NIFTY20OCT2217400PE.NFO,14/10/2022,09:29:35,205.25,205.25,50,205.45,50,1950,473050
NIFTY20OCT2217400PE.NFO,14/10/2022,09:29:36,205.45,205,350,205.1,50,200,473050
NIFTY20OCT2217400PE.NFO,14/10/2022,09:29:36,205.45,205,350,205.1,50,0,473050
NIFTY20OCT2217400PE.NFO,14/10/2022,09:29:37,205,205,250,205.05,50,400,473050
NIFTY20OCT2217400PE.NFO,14/10/2022,09:29:38,204.95,204.35,250,204.75,150,400,473050
NIFTY20OCT2217400PE.NFO,14/10/2022,09:29:40,204.8,204.1,100,204.5,250,1000,473050
NIFTY20OCT2217400PE.NFO,14/10/2022,09:29:41,204.35,204.05,150,204.25,50,200,473050
NIFTY20OCT2217400PE.NFO,14/10/2022,09:29:42,204.1,203.45,50,203.65,50,200,473050
NIFTY20OCT2217400PE.NFO,14/10/2022,09:29:42,203.55,203.45,200,203.7,100,200,473050
NIFTY20OCT2217400PE.NFO,14/10/2022,09:29:43,203.3,203.2,100,203.5,50,450,473050
NIFTY20OCT2217400PE.NFO,14/10/2022,09:29:44,203,203,400,203.3,100,650,473050
NIFTY20OCT2217400PE.NFO,14/10/2022,09:29:45,202.9,202.95,200,203.2,100,1650,473050
NIFTY20OCT2217400PE.NFO,14/10/2022,09:29:46,202.9,202.85,50,203.15,100,1550,473050
NIFTY20OCT2217400PE.NFO,14/10/2022,09:29:48,202.6,202.4,50,202.6,100,700,473050
NIFTY20OCT2217400PE.NFO,14/10/2022,09:29:49,201.45,201.3,50,201.45,100,3600,473050
NIFTY20OCT2217400PE.NFO,14/10/2022,09:29:50,202.35,201.9,250,202.35,50,900,473050
NIFTY20OCT2217400PE.NFO,14/10/2022,09:29:50,202.35,201.85,50,202.2,150,0,473050
NIFTY20OCT2217400PE.NFO,14/10/2022,09:29:51,202.2,201.5,50,201.75,200,250,473050
NIFTY20OCT2217400PE.NFO,14/10/2022,09:29:52,201.2,201.15,150,201.45,100,700,473050
NIFTY20OCT2217400PE.NFO,14/10/2022,09:29:53,201.2,201.35,150,201.6,50,0,473050
NIFTY20OCT2217400PE.NFO,14/10/2022,09:29:54,201.7,201.3,50,201.7,850,150,473050
NIFTY20OCT2217400PE.NFO,14/10/2022,09:29:56,202.2,201.9,50,202.15,50,600,473050
NIFTY20OCT2217400PE.NFO,14/10/2022,09:29:57,201.75,202,150,202.2,100,2900,473050
NIFTY20OCT2217400PE.NFO,14/10/2022,09:29:58,202.85,202.65,50,203,50,2150,473050
NIFTY20OCT2217400PE.NFO,14/10/2022,09:29:58,202.85,202.9,150,203.25,100,0,473050
NIFTY20OCT2217400PE.NFO,14/10/2022,09:29:59,204.2,204.05,150,204.4,50,700,473050
NIFTY20OCT2217400PE.NFO,14/10/2022,09:30:00,204,203.95,50,204,300,600,473050
NIFTY20OCT2217400PE.NFO,14/10/2022,09:30:02,202.75,202.5,50,202.8,950,2550,473050
NIFTY20OCT2217400PE.NFO,14/10/2022,09:30:03,199.1,199.1,50,199.2,150,8800,473050
NIFTY20OCT2217400PE.NFO,14/10/2022,09:30:05,197.75,197.65,150,198,150,5200,473050
NIFTY20OCT2217400PE.NFO,14/10/2022,09:30:06,197.25,197.2,400,197.55,150,5650,473050
NIFTY20OCT2217400PE.NFO,14/10/2022,09:30:07,196.8,196.8,500,197.15,150,1450,473050
NIFTY20OCT2217400PE.NFO,14/10/2022,09:30:07,197,197.05,200,197.35,50,300,473050
NIFTY20OCT2217400PE.NFO,14/10/2022,09:30:09,196.85,196.65,50,197.1,250,3950,473050
NIFTY20OCT2217400PE.NFO,14/10/2022,09:30:10,196.05,196,1950,196.35,300,2550,473050
NIFTY20OCT2217400PE.NFO,14/10/2022,09:30:11,196.2,195.75,100,196.15,150,3000,473050
NIFTY20OCT2217400PE.NFO,14/10/2022,09:30:12,195.4,195.45,100,195.85,150,1400,473050
NIFTY20OCT2217400PE.NFO,14/10/2022,09:30:13,196.8,196.7,50,197.05,150,1350,473050
NIFTY20OCT2217400PE.NFO,14/10/2022,09:30:14,195.9,195.9,100,196.25,150,600,473050
NIFTY20OCT2217400PE.NFO,14/10/2022,09:30:15,195.75,195.7,50,196.05,150,350,473050
NIFTY20OCT2217400PE.NFO,14/10/2022,09:30:16,195.9,196.55,150,196.9,250,300,473050
NIFTY20OCT2217400PE.NFO,14/10/2022,09:30:17,196.6,196.25,50,196.55,150,600,473050
NIFTY20OCT2217400PE.NFO,14/10/2022,09:30:18,196.15,195.85,50,196.15,150,1000,473050
NIFTY20OCT2217400PE.NFO,14/10/2022,09:30:19,195.05,195,1300,195.15,100,4550,473050
NIFTY20OCT2217400PE.NFO,14/10/2022,09:30:20,195.05,194.85,100,195.05,100,2650,473050
NIFTY20OCT2217400PE.NFO,14/10/2022,09:30:22,193.55,193.4,100,193.7,300,3650,473050
NIFTY20OCT2217400PE.NFO,14/10/2022,09:30:23,192,191.9,100,192.3,150,3600,473050
NIFTY20OCT2217400PE.NFO,14/10/2022,09:30:24,192.65,192.55,150,192.95,150,11300,473050
NIFTY20OCT2217400PE.NFO,14/10/2022,09:30:25,192.5,192.2,50,192.55,50,1600,473050
NIFTY20OCT2217400PE.NFO,14/10/2022,09:30:26,191.15,191.1,50,191.4,100,2200,473050
NIFTY20OCT2217400PE.NFO,14/10/2022,09:30:28,191.6,191.75,50,192.1,200,1800,473050
NIFTY20OCT2217400PE.NFO,14/10/2022,09:30:29,191.1,191.15,50,191.3,50,2000,473050
NIFTY20OCT2217400PE.NFO,14/10/2022,09:30:30,191.5,191.15,50,191.4,50,1850,473050
NIFTY20OCT2217400PE.NFO,14/10/2022,09:30:32,189.75,189.6,300,189.9,50,8300,473050
NIFTY20OCT2217400PE.NFO,14/10/2022,09:30:33,189.3,189.35,150,189.65,50,3000,473050
NIFTY20OCT2217400PE.NFO,14/10/2022,09:30:34,189.4,189,100,189.2,150,300,473050
NIFTY20OCT2217400PE.NFO,14/10/2022,09:30:35,188.95,188.7,50,189.05,100,600,473050
NIFTY20OCT2217400PE.NFO,14/10/2022,09:30:36,189.25,189.2,650,189.35,50,2400,473050
NIFTY20OCT2217400PE.NFO,14/10/2022,09:30:37,190.35,190.05,50,190.45,150,2300,473050
NIFTY20OCT2217400PE.NFO,14/10/2022,09:30:38,189.55,189.2,350,189.45,150,1800,473050
NIFTY20OCT2217400PE.NFO,14/10/2022,09:30:39,189.85,189.75,150,190.1,150,250,473050
NIFTY20OCT2217400PE.NFO,14/10/2022,09:30:41,189.95,190.5,100,190.8,50,450,473050
NIFTY20OCT2217400PE.NFO,14/10/2022,09:30:42,189.75,189.8,150,190.2,250,2000,473050
NIFTY20OCT2217400PE.NFO,14/10/2022,09:30:43,189.7,189.65,100,190.05,100,2550,473050
NIFTY20OCT2217400PE.NFO,14/10/2022,09:30:44,189.6,189.55,250,190,250,1300,473050
NIFTY20OCT2217400PE.NFO,14/10/2022,09:30:45,190,189.7,450,190.05,100,2500,473050
NIFTY20OCT2217400PE.NFO,14/10/2022,09:30:46,189,188.8,550,189.1,100,3050,473050
NIFTY20OCT2217400PE.NFO,14/10/2022,09:30:47,188.95,188.85,150,189.2,50,600,473050
NIFTY20OCT2217400PE.NFO,14/10/2022,09:30:49,188.4,188.05,50,188.4,50,6850,473050
NIFTY20OCT2217400PE.NFO,14/10/2022,09:30:50,188,188.1,100,188.4,50,3250,473050
NIFTY20OCT2217400PE.NFO,14/10/2022,09:30:51,188,187.65,100,188,400,500,473050
NIFTY20OCT2217400PE.NFO,14/10/2022,09:30:52,187.4,187.35,150,187.65,200,3650,473050
NIFTY20OCT2217400PE.NFO,14/10/2022,09:30:53,188.5,188.35,50,188.65,150,3650,473050
NIFTY20OCT2217400PE.NFO,14/10/2022,09:30:54,190.7,190.6,50,190.85,100,6200,473050
NIFTY20OCT2217400PE.NFO,14/10/2022,09:30:56,191.4,191.2,150,191.55,150,2800,473050
NIFTY20OCT2217400PE.NFO,14/10/2022,09:30:57,191.2,190.8,150,191.05,50,750,473050
NIFTY20OCT2217400PE.NFO,14/10/2022,09:30:58,190.15,189.7,100,189.9,850,300,473050
NIFTY20OCT2217400PE.NFO,14/10/2022,09:30:59,190.7,190.1,50,190.45,50,600,473050
NIFTY20OCT2217400PE.NFO,14/10/2022,09:30:59,190.7,190.15,50,190.45,50,0,473050
NIFTY20OCT2217400PE.NFO,14/10/2022,09:31:01,188.15,188,50,188.15,50,2300,473050
NIFTY20OCT2217400PE.NFO,14/10/2022,09:31:02,188.2,187.9,150,188.15,50,750,473050
NIFTY20OCT2217400PE.NFO,14/10/2022,09:31:03,189.05,188.75,250,189.1,50,2050,473050
NIFTY20OCT2217400PE.NFO,14/10/2022,09:31:04,188.8,188.4,200,188.75,150,500,473050
NIFTY20OCT2217400PE.NFO,14/10/2022,09:31:05,190.9,190.5,150,190.95,550,5500,473050
NIFTY20OCT2217400PE.NFO,14/10/2022,09:31:06,190.1,190.1,50,190.25,50,1350,473050
NIFTY20OCT2217400PE.NFO,14/10/2022,09:31:06,190.05,190.2,100,190.4,100,1050,473050
NIFTY20OCT2217400PE.NFO,14/10/2022,09:31:07,190.1,190.1,50,190.25,50,1250,473050
NIFTY20OCT2217400PE.NFO,14/10/2022,09:31:09,190.2,190.25,50,190.55,150,1400,473050
NIFTY20OCT2217400PE.NFO,14/10/2022,09:31:10,189.8,189.75,50,190,100,500,473050
NIFTY20OCT2217400PE.NFO,14/10/2022,09:31:11,189.4,188.95,150,189.25,150,2400,473050
NIFTY20OCT2217400PE.NFO,14/10/2022,09:31:12,188.7,188.45,50,188.75,50,700,473050
NIFTY20OCT2217400PE.NFO,14/10/2022,09:31:13,187.7,187.65,150,188,150,2550,473050
NIFTY20OCT2217400PE.NFO,14/10/2022,09:31:13,187.85,187.6,50,187.75,50,100,473050
NIFTY20OCT2217400PE.NFO,14/10/2022,09:31:14,187.75,187.65,150,187.85,50,1500,473050
NIFTY20OCT2217400PE.NFO,14/10/2022,09:31:16,187.5,187.4,50,187.65,100,1200,473050
NIFTY20OCT2217400PE.NFO,14/10/2022,09:31:17,187.8,187.7,200,187.95,50,1300,473050
NIFTY20OCT2217400PE.NFO,14/10/2022,09:31:18,187.7,187.6,1250,187.95,100,1000,473050
NIFTY20OCT2217400PE.NFO,14/10/2022,09:31:18,188,187.7,450,188,50,200,473050
NIFTY20OCT2217400PE.NFO,14/10/2022,09:31:19,187.35,187.15,200,187.55,200,800,473050
NIFTY20OCT2217400PE.NFO,14/10/2022,09:31:21,186.85,186.55,150,186.9,50,5600,473050
NIFTY20OCT2217400PE.NFO,14/10/2022,09:31:22,186.55,186.6,150,186.95,100,1900,473050
NIFTY20OCT2217400PE.NFO,14/10/2022,09:31:23,186.6,186.4,50,186.7,50,1300,473050
NIFTY20OCT2217400PE.NFO,14/10/2022,09:31:24,186.2,186.2,50,186.4,50,1450,473050
NIFTY20OCT2217400PE.NFO,14/10/2022,09:31:25,186.2,186,350,186.3,200,5300,473050
NIFTY20OCT2217400PE.NFO,14/10/2022,09:31:27,186.45,186.1,250,186.45,50,1350,473050
NIFTY20OCT2217400PE.NFO,14/10/2022,09:31:28,187.2,187.1,250,187.35,50,1700,473050
NIFTY20OCT2217400PE.NFO,14/10/2022,09:31:29,186.4,186.4,200,186.7,100,1300,473050
NIFTY20OCT2217400PE.NFO,14/10/2022,09:31:30,186.4,186.15,300,186.5,250,3450,473050
NIFTY20OCT2217400PE.NFO,14/10/2022,09:31:31,186.3,186.35,300,186.7,100,1250,473050
NIFTY20OCT2217400PE.NFO,14/10/2022,09:31:32,186.65,186.45,50,186.7,50,1650,473050
NIFTY20OCT2217400PE.NFO,14/10/2022,09:31:32,186.4,186.35,50,186.65,200,300,473050
NIFTY20OCT2217400PE.NFO,14/10/2022,09:31:34,186.85,186.85,100,187.2,150,1700,473050
NIFTY20OCT2217400PE.NFO,14/10/2022,09:31:35,187.1,186.9,100,187.3,350,2850,473050
NIFTY20OCT2217400PE.NFO,14/10/2022,09:31:36,187.2,187,50,187.15,200,1050,473050
NIFTY20OCT2217400PE.NFO,14/10/2022,09:31:37,187.1,187.25,50,187.5,100,2350,473050
NIFTY20OCT2217400PE.NFO,14/10/2022,09:31:37,187.25,186.75,50,187.05,150,50,473050
NIFTY20OCT2217400PE.NFO,14/10/2022,09:31:39,185.75,185.75,100,185.9,50,4850,473050
NIFTY20OCT2217400PE.NFO,14/10/2022,09:31:40,186.1,185.95,100,186.2,50,2000,473050
NIFTY20OCT2217400PE.NFO,14/10/2022,09:31:41,186.55,186.45,200,186.55,50,1850,473050
NIFTY20OCT2217400PE.NFO,14/10/2022,09:31:42,187.5,187.05,150,187.4,50,3250,473050
NIFTY20OCT2217400PE.NFO,14/10/2022,09:31:43,187.1,186.95,100,187.2,150,1500,473050
NIFTY20OCT2217400PE.NFO,14/10/2022,09:31:43,186.8,186.85,200,187.2,150,1000,473050
NIFTY20OCT2217400PE.NFO,14/10/2022,09:31:44,187.35,186.95,50,187.2,250,1400,473050
NIFTY20OCT2217400PE.NFO,14/10/2022,09:31:45,186.85,186.7,700,187.05,650,200,473050
NIFTY20OCT2217400PE.NFO,14/10/2022,09:31:47,187.25,186.75,100,186.95,250,450,473050
NIFTY20OCT2217400PE.NFO,14/10/2022,09:31:48,187.2,187.1,350,187.5,100,1450,473050
NIFTY20OCT2217400PE.NFO,14/10/2022,09:31:49,187.05,187,250,187.3,50,500,473050
NIFTY20OCT2217400PE.NFO,14/10/2022,09:31:50,187.5,187.75,100,187.95,50,1100,473050
NIFTY20OCT2217400PE.NFO,14/10/2022,09:31:50,187.75,187.35,50,187.55,50,50,473050
NIFTY20OCT2217400PE.NFO,14/10/2022,09:31:51,186.75,186.8,300,187.05,50,2000,473050
NIFTY20OCT2217400PE.NFO,14/10/2022,09:31:52,187,186.85,100,187,50,1350,473050
NIFTY20OCT2217400PE.NFO,14/10/2022,09:31:54,187.35,187.4,300,187.65,50,1950,473050
NIFTY20OCT2217400PE.NFO,14/10/2022,09:31:55,188.15,188.1,150,188.3,100,2250,473050
NIFTY20OCT2217400PE.NFO,14/10/2022,09:31:56,188.8,188.8,200,189.05,50,3700,473050
NIFTY20OCT2217400PE.NFO,14/10/2022,09:31:57,188.9,188.9,150,189.2,50,1200,473050
NIFTY20OCT2217400PE.NFO,14/10/2022,09:31:58,187.8,187.5,200,187.75,50,1800,473050
NIFTY20OCT2217400PE.NFO,14/10/2022,09:31:59,188.4,188.2,600,188.5,50,2000,473050
NIFTY20OCT2217400PE.NFO,14/10/2022,09:32:00,187.6,187.6,200,187.95,50,550,473050
NIFTY20OCT2217400PE.NFO,14/10/2022,09:32:01,188.3,188.15,150,188.4,50,900,473050
NIFTY20OCT2217400PE.NFO,14/10/2022,09:32:02,188.15,188,100,188.15,150,1300,473050
NIFTY20OCT2217400PE.NFO,14/10/2022,09:32:02,187.75,187.7,200,187.95,50,350,473050
NIFTY20OCT2217400PE.NFO,14/10/2022,09:32:04,187.3,187.2,700,187.45,50,400,473050
NIFTY20OCT2217400PE.NFO,14/10/2022,09:32:05,187.6,187.45,250,187.8,150,1450,473050
NIFTY20OCT2217400PE.NFO,14/10/2022,09:32:06,188.1,187.85,150,188.1,50,2150,473050
NIFTY20OCT2217400PE.NFO,14/10/2022,09:32:07,188.1,187.6,50,187.75,50,900,473050
NIFTY20OCT2217400PE.NFO,14/10/2022,09:32:08,188.45,188.15,50,188.45,50,1250,473050
NIFTY20OCT2217400PE.NFO,14/10/2022,09:32:09,187.95,187.8,50,188.05,50,550,473050
NIFTY20OCT2217400PE.NFO,14/10/2022,09:32:11,188.1,188.1,100,188.25,200,550,473050
NIFTY20OCT2217400PE.NFO,14/10/2022,09:32:11,188.75,188.6,600,188.9,200,600,473050
NIFTY20OCT2217400PE.NFO,14/10/2022,09:32:13,189.05,189.05,150,189.35,100,1500,473050
NIFTY20OCT2217400PE.NFO,14/10/2022,09:32:14,189.25,189.2,250,189.4,150,900,473050
NIFTY20OCT2217400PE.NFO,14/10/2022,09:32:15,187.95,187.8,100,188.1,200,1400,473050
NIFTY20OCT2217400PE.NFO,14/10/2022,09:32:16,188.3,188,50,188.2,50,1400,473050
NIFTY20OCT2217400PE.NFO,14/10/2022,09:32:17,187.55,187.4,150,187.6,50,5250,473050
NIFTY20OCT2217400PE.NFO,14/10/2022,09:32:18,187,187.45,150,187.8,200,200,473050
NIFTY20OCT2217400PE.NFO,14/10/2022,09:32:20,187.85,187.65,100,188,200,2900,523850
NIFTY20OCT2217400PE.NFO,14/10/2022,09:32:21,187.55,187.2,200,187.55,200,1100,523850
NIFTY20OCT2217400PE.NFO,14/10/2022,09:32:22,187.3,187.3,150,187.55,50,1600,523850
NIFTY20OCT2217400PE.NFO,14/10/2022,09:32:23,187.6,187.7,200,188.05,50,300,523850
NIFTY20OCT2217400PE.NFO,14/10/2022,09:32:24,187.95,187.8,200,188.1,50,100,523850
NIFTY20OCT2217400PE.NFO,14/10/2022,09:32:25,188.4,188.05,150,188.45,50,2650,523850
NIFTY20OCT2217400PE.NFO,14/10/2022,09:32:26,188.35,188.3,250,188.65,350,2750,523850
NIFTY20OCT2217400PE.NFO,14/10/2022,09:32:27,189.1,189.1,200,189.4,50,250,523850
NIFTY20OCT2217400PE.NFO,14/10/2022,09:32:28,189.75,189.75,100,190,50,2250,523850
NIFTY20OCT2217400PE.NFO,14/10/2022,09:32:29,190.1,190.35,350,190.5,50,2950,523850
NIFTY20OCT2217400PE.NFO,14/10/2022,09:32:31,190.45,190.45,50,190.7,100,1900,523850
NIFTY20OCT2217400PE.NFO,14/10/2022,09:32:32,189.65,188.85,150,189.2,150,3000,523850
NIFTY20OCT2217400PE.NFO,14/10/2022,09:32:33,188.9,188.3,200,188.65,250,950,523850
NIFTY20OCT2217400PE.NFO,14/10/2022,09:32:34,187.8,187.5,350,187.85,50,1100,523850
NIFTY20OCT2217400PE.NFO,14/10/2022,09:32:35,188.4,188.8,150,189.2,250,750,523850
NIFTY20OCT2217400PE.NFO,14/10/2022,09:32:36,188.1,187.8,150,188.15,50,2100,523850
NIFTY20OCT2217400PE.NFO,14/10/2022,09:32:37,188.75,188.5,150,188.85,50,2000,523850
NIFTY20OCT2217400PE.NFO,14/10/2022,09:32:38,188.65,188.3,350,188.6,50,1200,523850
NIFTY20OCT2217400PE.NFO,14/10/2022,09:32:40,188.5,188.2,200,188.55,250,200,523850
NIFTY20OCT2217400PE.NFO,14/10/2022,09:32:41,189.35,189.35,50,189.6,150,1100,523850
NIFTY20OCT2217400PE.NFO,14/10/2022,09:32:42,189.3,188.2,200,188.4,100,150,523850
NIFTY20OCT2217400PE.NFO,14/10/2022,09:32:43,188.3,188.2,150,188.55,50,800,523850
NIFTY20OCT2217400PE.NFO,14/10/2022,09:32:44,188.3,188.1,200,188.35,50,1200,523850
NIFTY20OCT2217400PE.NFO,14/10/2022,09:32:45,187.75,187.4,200,187.7,50,1500,523850
NIFTY20OCT2217400PE.NFO,14/10/2022,09:32:46,187.65,187.45,100,187.65,50,1450,523850
NIFTY20OCT2217400PE.NFO,14/10/2022,09:32:47,187.1,187,200,187.25,150,4450,523850
NIFTY20OCT2217400PE.NFO,14/10/2022,09:32:48,187.25,187.2,200,187.4,50,650,523850
NIFTY20OCT2217400PE.NFO,14/10/2022,09:32:49,187.6,187.4,250,187.65,150,1950,523850
NIFTY20OCT2217400PE.NFO,14/10/2022,09:32:50,188,187.7,250,187.95,50,200,523850
NIFTY20OCT2217400PE.NFO,14/10/2022,09:32:50,187.7,187.55,100,187.8,50,50,523850
NIFTY20OCT2217400PE.NFO,14/10/2022,09:32:52,187.45,187.45,150,187.65,50,850,523850
NIFTY20OCT2217400PE.NFO,14/10/2022,09:32:53,187.75,187.6,50,187.8,50,1750,523850
NIFTY20OCT2217400PE.NFO,14/10/2022,09:32:54,187.85,187.6,400,188,850,1800,523850
NIFTY20OCT2217400PE.NFO,14/10/2022,09:32:55,189.45,189.35,200,189.7,150,4500,523850
NIFTY20OCT2217400PE.NFO,14/10/2022,09:32:57,189.9,189.6,100,189.95,100,200,523850
NIFTY20OCT2217400PE.NFO,14/10/2022,09:32:58,189.35,189.7,50,189.95,150,550,523850
NIFTY20OCT2217400PE.NFO,14/10/2022,09:32:59,190,189.8,200,190.2,900,900,523850
NIFTY20OCT2217400PE.NFO,14/10/2022,09:33:00,188.9,188.3,50,188.45,150,100,523850
NIFTY20OCT2217400PE.NFO,14/10/2022,09:33:01,188.15,187.9,100,188.1,50,750,523850
NIFTY20OCT2217400PE.NFO,14/10/2022,09:33:02,188.45,187.95,50,188.2,200,700,523850
NIFTY20OCT2217400PE.NFO,14/10/2022,09:33:03,188.9,188.4,50,188.7,150,250,523850
NIFTY20OCT2217400PE.NFO,14/10/2022,09:33:04,188.5,188.45,50,188.75,50,500,523850
NIFTY20OCT2217400PE.NFO,14/10/2022,09:33:06,188,187.55,50,187.7,200,100,523850
NIFTY20OCT2217400PE.NFO,14/10/2022,09:33:07,188.35,188.25,150,188.55,50,450,523850
NIFTY20OCT2217400PE.NFO,14/10/2022,09:33:08,188.65,188.7,150,188.8,50,1200,523850
NIFTY20OCT2217400PE.NFO,14/10/2022,09:33:09,188.85,188.85,100,189.05,50,950,523850
NIFTY20OCT2217400PE.NFO,14/10/2022,09:33:10,188.4,188.1,100,188.45,150,450,523850
NIFTY20OCT2217400PE.NFO,14/10/2022,09:33:11,187.75,187.75,100,187.95,50,650,523850
NIFTY20OCT2217400PE.NFO,14/10/2022,09:33:12,188.3,188.05,150,188.4,150,450,523850
NIFTY20OCT2217400PE.NFO,14/10/2022,09:33:14,188.55,188,50,188.4,600,1000,523850
NIFTY20OCT2217400PE.NFO,14/10/2022,09:33:15,189.1,189,50,189.25,50,550,523850
NIFTY20OCT2217400PE.NFO,14/10/2022,09:33:16,189.7,189.35,50,189.7,400,3150,523850
NIFTY20OCT2217400PE.NFO,14/10/2022,09:33:17,189.35,188.9,200,189.3,100,650,523850
NIFTY20OCT2217400PE.NFO,14/10/2022,09:33:18,188.85,188.65,50,189,450,950,523850
NIFTY20OCT2217400PE.NFO,14/10/2022,09:33:18,188.65,188.5,50,188.8,150,50,523850
NIFTY20OCT2217400PE.NFO,14/10/2022,09:33:20,190.05,189.85,50,190.2,150,2350,523850
NIFTY20OCT2217400PE.NFO,14/10/2022,09:33:21,190,190,150,190.3,100,750,523850
NIFTY20OCT2217400PE.NFO,14/10/2022,09:33:22,189.9,189.65,150,190,250,150,523850
NIFTY20OCT2217400PE.NFO,14/10/2022,09:33:23,190.65,190.3,100,190.55,150,1500,523850
NIFTY20OCT2217400PE.NFO,14/10/2022,09:33:24,190.7,190.45,150,190.8,50,200,523850
NIFTY20OCT2217400PE.NFO,14/10/2022,09:33:25,190.85,190.65,50,191,150,3550,523850
NIFTY20OCT2217400PE.NFO,14/10/2022,09:33:26,190.85,190.55,50,190.8,150,450,523850
NIFTY20OCT2217400PE.NFO,14/10/2022,09:33:27,190.55,190.7,50,191.05,100,700,523850
NIFTY20OCT2217400PE.NFO,14/10/2022,09:33:28,192.95,192.8,50,193,350,3550,523850
NIFTY20OCT2217400PE.NFO,14/10/2022,09:33:30,194.5,194.5,150,194.6,50,2100,523850
NIFTY20OCT2217400PE.NFO,14/10/2022,09:33:31,194.25,194.05,50,194.4,100,1650,523850
NIFTY20OCT2217400PE.NFO,14/10/2022,09:33:32,195.1,194.65,50,194.95,150,2750,523850
NIFTY20OCT2217400PE.NFO,14/10/2022,09:33:34,194.35,194.2,50,194.35,100,3900,523850
NIFTY20OCT2217400PE.NFO,14/10/2022,09:33:35,193.75,193.2,50,193.4,150,1350,523850
NIFTY20OCT2217400PE.NFO,14/10/2022,09:33:36,194,194.1,200,194.45,50,850,523850
NIFTY20OCT2217400PE.NFO,14/10/2022,09:33:37,194.65,194.35,150,194.7,50,450,523850
NIFTY20OCT2217400PE.NFO,14/10/2022,09:33:38,194.15,194.25,400,194.65,50,1450,523850
NIFTY20OCT2217400PE.NFO,14/10/2022,09:33:39,194.75,194,250,194.35,50,100,523850
NIFTY20OCT2217400PE.NFO,14/10/2022,09:33:40,194.55,194.4,150,194.75,50,1150,523850
NIFTY20OCT2217400PE.NFO,14/10/2022,09:33:41,195,194.75,50,195,50,400,523850
NIFTY20OCT2217400PE.NFO,14/10/2022,09:33:42,194.75,194.05,150,194.45,150,650,523850
NIFTY20OCT2217400PE.NFO,14/10/2022,09:33:43,195,195.75,150,195.95,50,2300,523850
NIFTY20OCT2217400PE.NFO,14/10/2022,09:33:44,196.9,196.75,50,197,300,1150,523850
NIFTY20OCT2217400PE.NFO,14/10/2022,09:33:46,197,196.15,200,196.5,300,1350,523850
NIFTY20OCT2217400PE.NFO,14/10/2022,09:33:47,194.75,194.65,50,195,150,3400,523850
NIFTY20OCT2217400PE.NFO,14/10/2022,09:33:48,194.9,194.35,150,194.7,150,900,523850
NIFTY20OCT2217400PE.NFO,14/10/2022,09:33:49,194.9,194.45,100,194.65,50,850,523850
NIFTY20OCT2217400PE.NFO,14/10/2022,09:33:50,195.65,195.35,150,195.7,100,1100,523850
NIFTY20OCT2217400PE.NFO,14/10/2022,09:33:51,196.15,195.55,150,195.95,150,850,523850
NIFTY20OCT2217400PE.NFO,14/10/2022,09:33:52,196.1,195.7,200,196.1,150,950,523850
NIFTY20OCT2217400PE.NFO,14/10/2022,09:33:53,196.05,196.55,50,196.75,50,4550,523850
NIFTY20OCT2217400PE.NFO,14/10/2022,09:33:54,196.4,196.6,50,196.9,200,850,523850
NIFTY20OCT2217400PE.NFO,14/10/2022,09:33:56,198,197.7,50,198,600,3400,523850
NIFTY20OCT2217400PE.NFO,14/10/2022,09:33:57,198,198,150,198.45,150,4950,523850
NIFTY20OCT2217400PE.NFO,14/10/2022,09:33:58,198.6,198.15,150,198.55,200,1500,523850
NIFTY20OCT2217400PE.NFO,14/10/2022,09:33:59,197.4,197.35,150,197.7,300,3350,523850
NIFTY20OCT2217400PE.NFO,14/10/2022,09:34:00,198.65,198,350,198.3,150,1650,523850
NIFTY20OCT2217400PE.NFO,14/10/2022,09:34:01,198.4,198.15,100,198.25,50,300,523850
NIFTY20OCT2217400PE.NFO,14/10/2022,09:34:01,197.85,197.95,150,198.3,100,1050,523850
NIFTY20OCT2217400PE.NFO,14/10/2022,09:34:03,199.7,199.25,100,199.65,100,3450,523850
NIFTY20OCT2217400PE.NFO,14/10/2022,09:34:04,199.05,198.75,300,199.15,50,3150,523850
NIFTY20OCT2217400PE.NFO,14/10/2022,09:34:05,199.1,198.8,650,199.15,100,750,523850
NIFTY20OCT2217400PE.NFO,14/10/2022,09:34:06,198.85,199.1,250,199.35,150,1800,523850
NIFTY20OCT2217400PE.NFO,14/10/2022,09:34:07,199.15,199.15,650,199.6,400,1000,523850
NIFTY20OCT2217400PE.NFO,14/10/2022,09:34:08,198.75,198.55,50,198.65,150,1500,523850
NIFTY20OCT2217400PE.NFO,14/10/2022,09:34:08,199,198.6,850,199,250,50,523850
NIFTY20OCT2217400PE.NFO,14/10/2022,09:34:10,198.9,198.9,350,199.25,100,2650,523850
NIFTY20OCT2217400PE.NFO,14/10/2022,09:34:11,197.45,197.1,850,197.45,100,4250,523850
NIFTY20OCT2217400PE.NFO,14/10/2022,09:34:12,195.4,196.1,450,196.45,50,2200,523850
NIFTY20OCT2217400PE.NFO,14/10/2022,09:34:13,196,195.9,150,196.25,150,1400,523850
NIFTY20OCT2217400PE.NFO,14/10/2022,09:34:14,196.1,195.9,250,196.2,50,1250,523850
NIFTY20OCT2217400PE.NFO,14/10/2022,09:34:15,195.8,195.35,50,195.7,50,2200,523850
NIFTY20OCT2217400PE.NFO,14/10/2022,09:34:16,195.35,195.2,50,195.55,300,50,523850
NIFTY20OCT2217400PE.NFO,14/10/2022,09:34:18,197.3,197.15,500,197.55,250,2050,523850
NIFTY20OCT2217400PE.NFO,14/10/2022,09:34:19,197.2,197,50,197.3,150,550,523850
NIFTY20OCT2217400PE.NFO,14/10/2022,09:34:20,198.25,198.15,50,198.45,150,400,523850
NIFTY20OCT2217400PE.NFO,14/10/2022,09:34:21,198.5,198.5,50,198.65,250,1050,523850
NIFTY20OCT2217400PE.NFO,14/10/2022,09:34:22,198.8,198.55,150,198.9,250,950,523850
NIFTY20OCT2217400PE.NFO,14/10/2022,09:34:23,198.2,197.9,150,198.25,150,1050,523850
NIFTY20OCT2217400PE.NFO,14/10/2022,09:34:24,197.45,197.3,100,197.6,350,300,523850
NIFTY20OCT2217400PE.NFO,14/10/2022,09:34:24,197.45,197.3,100,197.6,50,0,523850
NIFTY20OCT2217400PE.NFO,14/10/2022,09:34:26,197.6,197.95,350,198.3,300,450,523850
NIFTY20OCT2217400PE.NFO,14/10/2022,09:34:27,198.2,198.05,50,198.4,150,750,523850
NIFTY20OCT2217400PE.NFO,14/10/2022,09:34:28,197.8,197,100,197.35,100,250,523850
NIFTY20OCT2217400PE.NFO,14/10/2022,09:34:29,196.6,196.8,450,197.2,250,300,523850
NIFTY20OCT2217400PE.NFO,14/10/2022,09:34:30,195.9,195.8,50,196.1,100,2150,523850
NIFTY20OCT2217400PE.NFO,14/10/2022,09:34:31,197.15,196.55,150,196.9,100,350,523850
NIFTY20OCT2217400PE.NFO,14/10/2022,09:34:32,195.6,195.6,400,196,250,2350,523850
NIFTY20OCT2217400PE.NFO,14/10/2022,09:34:34,192.9,193.75,150,194.05,50,19400,523850
NIFTY20OCT2217400PE.NFO,14/10/2022,09:34:35,194.35,194.45,50,194.7,100,3000,523850
NIFTY20OCT2217400PE.NFO,14/10/2022,09:34:36,195.25,194.6,50,194.8,150,900,523850
NIFTY20OCT2217400PE.NFO,14/10/2022,09:34:38,192.9,192.6,250,192.95,150,1800,523850
NIFTY20OCT2217400PE.NFO,14/10/2022,09:34:39,193.25,193.25,50,193.6,1000,950,523850
NIFTY20OCT2217400PE.NFO,14/10/2022,09:34:40,193.05,192.6,50,192.85,50,150,523850
NIFTY20OCT2217400PE.NFO,14/10/2022,09:34:41,194.1,193.85,100,194.2,200,1750,523850
NIFTY20OCT2217400PE.NFO,14/10/2022,09:34:42,196.6,196.3,300,196.7,100,1000,523850
NIFTY20OCT2217400PE.NFO,14/10/2022,09:34:44,195.3,194.7,150,195.1,50,950,523850
NIFTY20OCT2217400PE.NFO,14/10/2022,09:34:45,195.3,194.9,200,195.25,150,0,523850
NIFTY20OCT2217400PE.NFO,14/10/2022,09:34:47,195,195.2,50,195.4,150,350,523850
NIFTY20OCT2217400PE.NFO,14/10/2022,09:34:48,196.25,195.6,300,195.9,100,550,523850
NIFTY20OCT2217400PE.NFO,14/10/2022,09:34:49,196.25,195.6,500,196,450,0,523850
NIFTY20OCT2217400PE.NFO,14/10/2022,09:34:50,195.25,195.15,500,195.45,100,250,523850
NIFTY20OCT2217400PE.NFO,14/10/2022,09:34:52,196.05,196.05,50,196.2,100,300,523850
NIFTY20OCT2217400PE.NFO,14/10/2022,09:34:53,195.6,195.3,50,195.45,100,450,523850
NIFTY20OCT2217400PE.NFO,14/10/2022,09:34:54,195,194.55,100,194.9,100,600,523850
NIFTY20OCT2217400PE.NFO,14/10/2022,09:34:55,194.9,194.7,100,194.95,50,50,523850
NIFTY20OCT2217400PE.NFO,14/10/2022,09:34:56,194.65,194.35,150,194.65,50,150,523850
NIFTY20OCT2217400PE.NFO,14/10/2022,09:34:57,193.95,193.8,100,194.15,100,1300,523850
NIFTY20OCT2217400PE.NFO,14/10/2022,09:34:58,194.4,194.1,150,194.4,600,100,523850
NIFTY20OCT2217400PE.NFO,14/10/2022,09:34:59,194.5,194.3,150,194.7,150,100,523850
NIFTY20OCT2217400PE.NFO,14/10/2022,09:35:00,194.5,194.3,400,194.65,150,0,523850
NIFTY20OCT2217400PE.NFO,14/10/2022,09:35:01,194,194.2,500,194.6,250,50,523850
NIFTY20OCT2217400PE.NFO,14/10/2022,09:35:02,193.9,193.6,600,193.9,50,1400,523850
NIFTY20OCT2217400PE.NFO,14/10/2022,09:35:03,195.65,195.25,100,195.65,150,1750,523850
NIFTY20OCT2217400PE.NFO,14/10/2022,09:35:04,196,196.15,200,196.4,300,550,523850
NIFTY20OCT2217400PE.NFO,14/10/2022,09:35:05,195.95,195.1,50,195.3,100,250,523850
NIFTY20OCT2217400PE.NFO,14/10/2022,09:35:06,195.3,195.65,200,195.9,100,450,523850
NIFTY20OCT2217400PE.NFO,14/10/2022,09:35:07,195.2,194.9,450,195.35,100,750,523850
NIFTY20OCT2217400PE.NFO,14/10/2022,09:35:08,194.85,195.1,250,195.45,100,100,523850
NIFTY20OCT2217400PE.NFO,14/10/2022,09:35:09,195.9,195.7,200,196,150,500,523850
NIFTY20OCT2217400PE.NFO,14/10/2022,09:35:10,195.5,195.3,250,195.45,100,500,523850
NIFTY20OCT2217400PE.NFO,14/10/2022,09:35:11,194.7,194.2,50,194.45,50,3150,523850
NIFTY20OCT2217400PE.NFO,14/10/2022,09:35:12,194.7,194.45,100,194.7,50,1150,523850
NIFTY20OCT2217400PE.NFO,14/10/2022,09:35:13,194.8,194.75,150,195.15,50,1250,523850
NIFTY20OCT2217400PE.NFO,14/10/2022,09:35:14,194.6,194.3,300,194.7,100,2450,523850
NIFTY20OCT2217400PE.NFO,14/10/2022,09:35:15,193.95,193.9,200,194.2,50,900,523850
NIFTY20OCT2217400PE.NFO,14/10/2022,09:35:16,195.15,195.2,200,195.55,100,4450,523850
NIFTY20OCT2217400PE.NFO,14/10/2022,09:35:17,194.7,194.85,150,194.95,200,250,523850
NIFTY20OCT2217400PE.NFO,14/10/2022,09:35:18,194.7,194.5,650,194.8,150,0,523850
NIFTY20OCT2217400PE.NFO,14/10/2022,09:35:19,193.2,192.85,300,193.3,400,2400,523850
NIFTY20OCT2217400PE.NFO,14/10/2022,09:35:20,194.1,193.4,550,193.75,200,850,523850
NIFTY20OCT2217400PE.NFO,14/10/2022,09:35:21,193.75,193.5,350,193.75,50,450,544650
NIFTY20OCT2217400PE.NFO,14/10/2022,09:35:22,194,193.55,100,193.95,300,100,544650
NIFTY20OCT2217400PE.NFO,14/10/2022,09:35:23,193.05,192.7,100,193,450,650,544650
NIFTY20OCT2217400PE.NFO,14/10/2022,09:35:24,192.3,192.25,350,192.55,150,1150,544650
NIFTY20OCT2217400PE.NFO,14/10/2022,09:35:25,192,192.05,200,192.4,100,1050,544650
NIFTY20OCT2217400PE.NFO,14/10/2022,09:35:26,192.05,192.15,250,192.45,50,1400,544650
NIFTY20OCT2217400PE.NFO,14/10/2022,09:35:27,191.35,191.3,100,191.6,50,2100,544650
NIFTY20OCT2217400PE.NFO,14/10/2022,09:35:28,191.6,191.45,300,191.8,100,600,544650
NIFTY20OCT2217400PE.NFO,14/10/2022,09:35:29,191.4,191.5,100,191.75,250,1550,544650
NIFTY20OCT2217400PE.NFO,14/10/2022,09:35:30,191.4,191.3,150,191.7,650,0,544650
NIFTY20OCT2217400PE.NFO,14/10/2022,09:35:31,190.05,190,500,190.4,400,6500,544650
NIFTY20OCT2217400PE.NFO,14/10/2022,09:35:32,190.15,190.25,150,190.6,150,450,544650
NIFTY20OCT2217400PE.NFO,14/10/2022,09:35:33,190.2,189.9,100,190.2,100,1050,544650
NIFTY20OCT2217400PE.NFO,14/10/2022,09:35:34,190,189.8,200,190.05,200,800,544650
NIFTY20OCT2217400PE.NFO,14/10/2022,09:35:35,189.4,189.1,250,189.5,200,1400,544650
NIFTY20OCT2217400PE.NFO,14/10/2022,09:35:36,189.25,189.4,200,189.75,100,1750,544650
NIFTY20OCT2217400PE.NFO,14/10/2022,09:35:37,188.85,188.9,100,189.25,50,1800,544650
NIFTY20OCT2217400PE.NFO,14/10/2022,09:35:38,188.5,188.05,200,188.45,300,2650,544650
NIFTY20OCT2217400PE.NFO,14/10/2022,09:35:39,188,188.5,150,188.9,200,1150,544650
NIFTY20OCT2217400PE.NFO,14/10/2022,09:35:40,188.85,188.8,600,189.15,50,4550,544650
NIFTY20OCT2217400PE.NFO,14/10/2022,09:35:41,188.85,189,150,189.15,50,0,544650
NIFTY20OCT2217400PE.NFO,14/10/2022,09:35:42,192,192,100,192.05,250,2550,544650
NIFTY20OCT2217400PE.NFO,14/10/2022,09:35:43,195.05,194.7,50,195.05,150,3700,544650
NIFTY20OCT2217400PE.NFO,14/10/2022,09:35:44,194.7,194.65,150,194.95,100,300,544650
NIFTY20OCT2217400PE.NFO,14/10/2022,09:35:46,194.65,194.3,150,194.65,100,850,544650
NIFTY20OCT2217400PE.NFO,14/10/2022,09:35:47,193.1,192.4,200,192.75,150,1150,544650
NIFTY20OCT2217400PE.NFO,14/10/2022,09:35:48,193.6,193.2,150,193.6,150,550,544650
NIFTY20OCT2217400PE.NFO,14/10/2022,09:35:49,193.85,193.15,200,193.5,150,1300,544650
NIFTY20OCT2217400PE.NFO,14/10/2022,09:35:50,193.6,193.6,150,194,150,50,544650
NIFTY20OCT2217400PE.NFO,14/10/2022,09:35:51,195,195.1,150,195.3,50,550,544650
NIFTY20OCT2217400PE.NFO,14/10/2022,09:35:52,196,195.7,100,196.05,500,6400,544650
NIFTY20OCT2217400PE.NFO,14/10/2022,09:35:53,195.6,195.3,450,195.65,150,1200,544650
NIFTY20OCT2217400PE.NFO,14/10/2022,09:35:54,195.9,195.65,250,196.1,300,1400,544650
NIFTY20OCT2217400PE.NFO,14/10/2022,09:35:55,195.5,195.9,250,196.2,100,1100,544650
NIFTY20OCT2217400PE.NFO,14/10/2022,09:35:56,195.5,196.5,300,196.75,1000,0,544650
NIFTY20OCT2217400PE.NFO,14/10/2022,09:35:57,196.4,195.75,500,196.2,500,2550,544650
NIFTY20OCT2217400PE.NFO,14/10/2022,09:35:58,196.2,195.8,200,196,1050,450,544650
NIFTY20OCT2217400PE.NFO,14/10/2022,09:35:59,197.15,197.1,150,197.4,50,3900,544650
NIFTY20OCT2217400PE.NFO,14/10/2022,09:36:00,195.85,195.8,250,196.25,150,2900,544650
NIFTY20OCT2217400PE.NFO,14/10/2022,09:36:01,196,195.9,200,196.3,350,3400,544650
NIFTY20OCT2217400PE.NFO,14/10/2022,09:36:02,196.35,195.9,200,196.2,200,1400,544650
NIFTY20OCT2217400PE.NFO,14/10/2022,09:36:03,196.45,195.7,200,196.15,250,400,544650
NIFTY20OCT2217400PE.NFO,14/10/2022,09:36:04,196.35,196.3,150,196.65,100,150,544650
NIFTY20OCT2217400PE.NFO,14/10/2022,09:36:05,196.95,196.8,100,197.15,400,550,544650
NIFTY20OCT2217400PE.NFO,14/10/2022,09:36:07,197.2,196.75,50,197.15,250,2000,544650
NIFTY20OCT2217400PE.NFO,14/10/2022,09:36:08,197.3,197.3,50,197.65,250,1000,544650
NIFTY20OCT2217400PE.NFO,14/10/2022,09:36:09,197.8,197.5,150,197.85,100,550,544650
NIFTY20OCT2217400PE.NFO,14/10/2022,09:36:10,198.5,198.2,150,198.6,150,3150,544650
NIFTY20OCT2217400PE.NFO,14/10/2022,09:36:11,198.7,198.7,150,198.8,50,900,544650
NIFTY20OCT2217400PE.NFO,14/10/2022,09:36:12,199.5,199.4,100,199.6,50,1550,544650
NIFTY20OCT2217400PE.NFO,14/10/2022,09:36:13,200.7,200.4,150,200.65,50,3800,544650
NIFTY20OCT2217400PE.NFO,14/10/2022,09:36:15,202.15,201.9,200,202.25,350,4500,544650
NIFTY20OCT2217400PE.NFO,14/10/2022,09:36:16,202.25,201.85,100,202.1,50,3950,544650
NIFTY20OCT2217400PE.NFO,14/10/2022,09:36:17,201.65,201.3,300,201.75,550,3850,544650
NIFTY20OCT2217400PE.NFO,14/10/2022,09:36:18,201.9,201.6,100,201.7,50,2950,544650
NIFTY20OCT2217400PE.NFO,14/10/2022,09:36:19,203.25,203.15,200,203.45,50,6600,544650
NIFTY20OCT2217400PE.NFO,14/10/2022,09:36:20,202.15,202.1,200,202.5,350,1050,544650
NIFTY20OCT2217400PE.NFO,14/10/2022,09:36:21,201.4,201.5,300,201.8,200,21450,544650
NIFTY20OCT2217400PE.NFO,14/10/2022,09:36:22,201.35,201.35,150,201.75,200,1050,544650
NIFTY20OCT2217400PE.NFO,14/10/2022,09:36:23,201.65,201.4,100,201.6,200,100,544650
NIFTY20OCT2217400PE.NFO,14/10/2022,09:36:24,202.7,202.65,200,202.95,50,2450,544650
NIFTY20OCT2217400PE.NFO,14/10/2022,09:36:25,202.55,202.25,150,202.65,50,2450,544650
NIFTY20OCT2217400PE.NFO,14/10/2022,09:36:26,201.3,201.3,150,201.65,50,2350,544650
NIFTY20OCT2217400PE.NFO,14/10/2022,09:36:27,201.85,201.8,100,202.2,200,3200,544650
NIFTY20OCT2217400PE.NFO,14/10/2022,09:36:28,200.7,200.65,250,200.9,50,500,544650
NIFTY20OCT2217400PE.NFO,14/10/2022,09:36:29,200.9,200.7,500,201.05,50,900,544650
NIFTY20OCT2217400PE.NFO,14/10/2022,09:36:30,200.85,200.8,200,201.2,50,400,544650
NIFTY20OCT2217400PE.NFO,14/10/2022,09:36:31,201.1,201.15,450,201.35,50,750,544650
NIFTY20OCT2217400PE.NFO,14/10/2022,09:36:32,200.55,200.75,50,201.05,200,2000,544650
NIFTY20OCT2217400PE.NFO,14/10/2022,09:36:33,199.9,199.55,50,199.9,100,2300,544650
NIFTY20OCT2217400PE.NFO,14/10/2022,09:36:34,200.6,200.2,300,200.65,300,2450,544650
NIFTY20OCT2217400PE.NFO,14/10/2022,09:36:35,200.55,200.5,300,200.9,200,3000,544650
NIFTY20OCT2217400PE.NFO,14/10/2022,09:36:36,201.25,201,50,201.15,150,1950,544650
NIFTY20OCT2217400PE.NFO,14/10/2022,09:36:37,200.1,200,150,200.35,50,2500,544650
NIFTY20OCT2217400PE.NFO,14/10/2022,09:36:38,200,199.5,200,199.8,150,100,544650
NIFTY20OCT2217400PE.NFO,14/10/2022,09:36:39,200,200,50,200.35,200,900,544650
NIFTY20OCT2217400PE.NFO,14/10/2022,09:36:40,200.4,200.5,300,200.9,200,1350,544650
NIFTY20OCT2217400PE.NFO,14/10/2022,09:36:41,199.8,199.7,200,200.1,200,4000,544650
NIFTY20OCT2217400PE.NFO,14/10/2022,09:36:42,198.65,198.7,50,199.05,200,1800,544650
NIFTY20OCT2217400PE.NFO,14/10/2022,09:36:43,199.95,199.75,250,200.2,150,450,544650
NIFTY20OCT2217400PE.NFO,14/10/2022,09:36:44,199.2,199.05,350,199.4,150,2200,544650
NIFTY20OCT2217400PE.NFO,14/10/2022,09:36:45,199.2,199.05,350,199.35,150,0,544650
NIFTY20OCT2217400PE.NFO,14/10/2022,09:36:46,199.85,199.9,100,200.3,100,800,544650
NIFTY20OCT2217400PE.NFO,14/10/2022,09:36:47,199.2,199.15,200,199.4,50,550,544650
NIFTY20OCT2217400PE.NFO,14/10/2022,09:36:48,198.6,198.5,200,198.75,50,1350,544650
NIFTY20OCT2217400PE.NFO,14/10/2022,09:36:49,198.35,198.15,100,198.55,150,1650,544650
NIFTY20OCT2217400PE.NFO,14/10/2022,09:36:51,197.1,197.1,350,197.5,150,3550,544650
NIFTY20OCT2217400PE.NFO,14/10/2022,09:36:51,198,197.85,150,198.25,100,750,544650
NIFTY20OCT2217400PE.NFO,14/10/2022,09:36:53,197.9,198.2,200,198.6,50,1250,544650
NIFTY20OCT2217400PE.NFO,14/10/2022,09:36:53,197.9,198.5,200,198.8,150,0,544650
NIFTY20OCT2217400PE.NFO,14/10/2022,09:36:54,199,199.2,500,199.5,200,350,544650
NIFTY20OCT2217400PE.NFO,14/10/2022,09:36:56,201.45,201.2,200,201.55,200,2900,544650
NIFTY20OCT2217400PE.NFO,14/10/2022,09:36:57,201.05,201.25,250,201.55,200,550,544650
NIFTY20OCT2217400PE.NFO,14/10/2022,09:36:57,201.65,201.25,100,201.6,300,550,544650
NIFTY20OCT2217400PE.NFO,14/10/2022,09:36:59,199.4,199.45,50,199.8,150,3800,544650
NIFTY20OCT2217400PE.NFO,14/10/2022,09:36:59,199.4,199.45,50,199.75,400,0,544650
NIFTY20OCT2217400PE.NFO,14/10/2022,09:37:00,199.85,199.95,200,200.35,50,2100,544650
NIFTY20OCT2217400PE.NFO,14/10/2022,09:37:01,200.3,200.25,500,200.65,50,1500,544650
NIFTY20OCT2217400PE.NFO,14/10/2022,09:37:02,201.75,201.75,250,201.95,150,750,544650
NIFTY20OCT2217400PE.NFO,14/10/2022,09:37:03,201.6,201.55,50,201.9,150,250,544650
NIFTY20OCT2217400PE.NFO,14/10/2022,09:37:04,201.9,201.7,100,201.95,150,3650,544650
NIFTY20OCT2217400PE.NFO,14/10/2022,09:37:05,201.65,201.05,150,201.4,300,800,544650
NIFTY20OCT2217400PE.NFO,14/10/2022,09:37:06,200.7,200.8,100,201.1,50,550,544650
NIFTY20OCT2217400PE.NFO,14/10/2022,09:37:08,201.65,201.2,50,201.55,150,950,544650
NIFTY20OCT2217400PE.NFO,14/10/2022,09:37:09,200.85,200.65,200,201.05,650,850,544650
NIFTY20OCT2217400PE.NFO,14/10/2022,09:37:10,201.4,201.3,150,201.5,50,1300,544650
NIFTY20OCT2217400PE.NFO,14/10/2022,09:37:11,201.5,201.55,100,201.75,50,650,544650
