Ticker,Date,Time,LTP,BuyPrice,BuyQty,SellPrice,SellQty,LTQ,OpenInterest
NIFTY20OCT2217400CE.NFO,14/10/2022,09:15:00,120,113.8,300,116.3,400,2650,1995750
NIFTY20OCT2217400CE.NFO,14/10/2022,09:15:00,120,113.8,300,116.3,400,0,1995750
NIFTY20OCT2217400CE.NFO,14/10/2022,09:15:00,120,113.8,300,116.3,400,0,1995750
NIFTY20OCT2217400CE.NFO,14/10/2022,09:15:00,108.05,113.8,300,116.3,400,0,1995750
NIFTY20OCT2217400CE.NFO,14/10/2022,09:15:01,112.5,112.55,200,113.7,500,8100,1995750
NIFTY20OCT2217400CE.NFO,14/10/2022,09:15:02,118.7,117.15,450,118.6,350,13100,1995750
NIFTY20OCT2217400CE.NFO,14/10/2022,09:15:04,122.35,119.65,400,122.35,200,24100,1995750
NIFTY20OCT2217400CE.NFO,14/10/2022,09:15:04,122.35,119.65,400,122.35,200,0,1995750
NIFTY20OCT2217400CE.NFO,14/10/2022,09:15:05,119.5,119.45,100,121.25,400,22550,1995750
NIFTY20OCT2217400CE.NFO,14/10/2022,09:15:05,122.75,119.45,100,121.25,400,0,1995750
NIFTY20OCT2217400CE.NFO,14/10/2022,09:15:06,123.3,121.55,500,123.25,350,32950,1995750
NIFTY20OCT2217400CE.NFO,14/10/2022,09:15:06,124.3,121.55,500,123.25,350,0,1995750
NIFTY20OCT2217400CE.NFO,14/10/2022,09:15:07,121.4,121.4,300,123.15,400,42500,1995750
NIFTY20OCT2217400CE.NFO,14/10/2022,09:15:09,123.1,123.05,50,124,50,77800,1995750
NIFTY20OCT2217400CE.NFO,14/10/2022,09:15:09,124.8,123.05,50,124,50,0,1995750
NIFTY20OCT2217400CE.NFO,14/10/2022,09:15:10,121.3,121.3,50,122.1,50,49050,1995750
NIFTY20OCT2217400CE.NFO,14/10/2022,09:15:10,124.95,121.3,50,122.1,50,0,1995750
NIFTY20OCT2217400CE.NFO,14/10/2022,09:15:11,122.65,122.8,50,123.35,350,42250,1995750
NIFTY20OCT2217400CE.NFO,14/10/2022,09:15:12,122.5,122.5,400,123.55,400,21800,1995750
NIFTY20OCT2217400CE.NFO,14/10/2022,09:15:12,125,122.5,400,123.55,400,0,1995750
NIFTY20OCT2217400CE.NFO,14/10/2022,09:15:13,121.6,121,200,121.7,1350,36250,1995750
NIFTY20OCT2217400CE.NFO,14/10/2022,09:15:14,121,121.05,450,121.75,50,40500,1995750
NIFTY20OCT2217400CE.NFO,14/10/2022,09:15:15,118.7,118.75,450,119.45,50,18650,1995750
NIFTY20OCT2217400CE.NFO,14/10/2022,09:15:17,119.95,119.05,950,119.95,400,40550,1995750
NIFTY20OCT2217400CE.NFO,14/10/2022,09:15:18,120.05,120.05,800,120.7,200,37100,1995750
NIFTY20OCT2217400CE.NFO,14/10/2022,09:15:19,119.9,119.25,850,119.95,600,52300,1995750
NIFTY20OCT2217400CE.NFO,14/10/2022,09:15:20,119.75,119.2,800,119.7,50,23850,1995750
NIFTY20OCT2217400CE.NFO,14/10/2022,09:15:21,118.4,118.05,350,118.45,150,33300,1995750
NIFTY20OCT2217400CE.NFO,14/10/2022,09:15:22,117.55,117.4,100,117.9,50,28950,1995750
NIFTY20OCT2217400CE.NFO,14/10/2022,09:15:23,116.85,116.45,800,116.85,50,20350,1995750
NIFTY20OCT2217400CE.NFO,14/10/2022,09:15:24,115.65,115.65,200,116.2,50,11000,1995750
NIFTY20OCT2217400CE.NFO,14/10/2022,09:15:25,116.3,115.75,950,116.3,1050,16850,1995750
NIFTY20OCT2217400CE.NFO,14/10/2022,09:15:26,116.05,116,850,116.2,50,28250,1995750
NIFTY20OCT2217400CE.NFO,14/10/2022,09:15:27,116.2,115.7,150,116.25,100,21100,1995750
NIFTY20OCT2217400CE.NFO,14/10/2022,09:15:27,116.55,115.95,800,116.6,100,11400,1995750
NIFTY20OCT2217400CE.NFO,14/10/2022,09:15:28,116.6,116.6,250,117.1,50,20900,1995750
NIFTY20OCT2217400CE.NFO,14/10/2022,09:15:29,117,116.4,1200,117,350,19150,1995750
NIFTY20OCT2217400CE.NFO,14/10/2022,09:15:31,116.95,116.95,800,117.45,350,25100,1995750
NIFTY20OCT2217400CE.NFO,14/10/2022,09:15:32,116.25,116.25,200,116.7,50,11750,1995750
NIFTY20OCT2217400CE.NFO,14/10/2022,09:15:33,116.15,115.8,800,116.15,50,15850,1995750
NIFTY20OCT2217400CE.NFO,14/10/2022,09:15:34,115.8,115.35,150,115.95,950,36950,1995750
NIFTY20OCT2217400CE.NFO,14/10/2022,09:15:35,115.75,115.25,50,115.85,950,20950,1995750
NIFTY20OCT2217400CE.NFO,14/10/2022,09:15:36,115.15,115.15,250,115.75,900,29250,1995750
NIFTY20OCT2217400CE.NFO,14/10/2022,09:15:37,115.1,115.1,150,115.6,150,17900,1995750
NIFTY20OCT2217400CE.NFO,14/10/2022,09:15:37,116.05,115.6,800,116.1,200,14600,1995750
NIFTY20OCT2217400CE.NFO,14/10/2022,09:15:39,116.15,115.65,900,116.25,400,28000,1995750
NIFTY20OCT2217400CE.NFO,14/10/2022,09:15:39,116.45,116,800,116.45,700,10800,1995750
NIFTY20OCT2217400CE.NFO,14/10/2022,09:15:40,116.25,116.4,50,116.75,100,28450,1995750
NIFTY20OCT2217400CE.NFO,14/10/2022,09:15:41,116.65,116.55,100,117,200,20700,1995750
NIFTY20OCT2217400CE.NFO,14/10/2022,09:15:43,115.85,115.85,100,116.15,100,18450,1995750
NIFTY20OCT2217400CE.NFO,14/10/2022,09:15:44,116.7,116.3,600,116.75,50,12850,1995750
NIFTY20OCT2217400CE.NFO,14/10/2022,09:15:45,116.55,116.15,500,116.5,50,22550,1995750
NIFTY20OCT2217400CE.NFO,14/10/2022,09:15:46,117.05,116.9,50,117.05,50,20050,1995750
NIFTY20OCT2217400CE.NFO,14/10/2022,09:15:46,116.9,116.5,3500,116.9,150,11000,1995750
NIFTY20OCT2217400CE.NFO,14/10/2022,09:15:47,117.05,116.9,2000,117.1,200,29300,1995750
NIFTY20OCT2217400CE.NFO,14/10/2022,09:15:49,117.3,117.25,150,117.55,100,22550,1995750
NIFTY20OCT2217400CE.NFO,14/10/2022,09:15:50,117.35,117.35,800,117.65,50,13650,1995750
NIFTY20OCT2217400CE.NFO,14/10/2022,09:15:51,117.9,117.75,900,118.2,450,14000,1995750
NIFTY20OCT2217400CE.NFO,14/10/2022,09:15:52,117.75,117.7,100,117.8,200,9700,1995750
NIFTY20OCT2217400CE.NFO,14/10/2022,09:15:53,118.7,118.25,950,118.75,200,9450,1995750
NIFTY20OCT2217400CE.NFO,14/10/2022,09:15:54,119.2,118.75,800,119.2,100,19750,1995750
NIFTY20OCT2217400CE.NFO,14/10/2022,09:15:55,119.65,119.2,1500,119.65,100,16200,1995750
NIFTY20OCT2217400CE.NFO,14/10/2022,09:15:56,119.95,119.95,200,120,4500,20850,1995750
NIFTY20OCT2217400CE.NFO,14/10/2022,09:15:57,120.65,120.3,150,120.65,200,21200,1995750
NIFTY20OCT2217400CE.NFO,14/10/2022,09:15:58,120.2,120.05,100,120.2,50,14750,1995750
NIFTY20OCT2217400CE.NFO,14/10/2022,09:15:59,119.8,119.75,50,119.8,150,41700,1995750
NIFTY20OCT2217400CE.NFO,14/10/2022,09:16:00,120.55,120.6,50,120.8,150,29050,1995750
NIFTY20OCT2217400CE.NFO,14/10/2022,09:16:02,121.05,120.85,50,121.05,100,33100,1995750
NIFTY20OCT2217400CE.NFO,14/10/2022,09:16:03,121.55,121.55,750,121.7,50,27100,1995750
NIFTY20OCT2217400CE.NFO,14/10/2022,09:16:04,121.5,121.4,100,121.65,100,20700,1995750
NIFTY20OCT2217400CE.NFO,14/10/2022,09:16:05,121.75,121.7,100,121.9,100,38150,1995750
NIFTY20OCT2217400CE.NFO,14/10/2022,09:16:06,121.95,121.85,100,122.05,100,17550,1995750
NIFTY20OCT2217400CE.NFO,14/10/2022,09:16:07,122.55,122.55,100,122.7,150,27850,1995750
NIFTY20OCT2217400CE.NFO,14/10/2022,09:16:08,122.7,122.35,50,122.5,100,16550,1995750
NIFTY20OCT2217400CE.NFO,14/10/2022,09:16:09,122,122,2300,122.05,150,18550,1995750
NIFTY20OCT2217400CE.NFO,14/10/2022,09:16:10,120.25,120.15,100,120.3,50,46600,1995750
NIFTY20OCT2217400CE.NFO,14/10/2022,09:16:11,120.4,120.2,100,120.45,200,22850,1995750
NIFTY20OCT2217400CE.NFO,14/10/2022,09:16:12,120.1,119.85,100,120.05,50,22150,1995750
NIFTY20OCT2217400CE.NFO,14/10/2022,09:16:13,118.9,118.85,300,119.05,100,32350,1995750
NIFTY20OCT2217400CE.NFO,14/10/2022,09:16:14,119.35,119.15,300,119.3,250,16550,1995750
NIFTY20OCT2217400CE.NFO,14/10/2022,09:16:15,119.45,119.45,1800,119.6,250,17700,1995750
NIFTY20OCT2217400CE.NFO,14/10/2022,09:16:17,119.3,119.35,250,119.4,150,24200,1995750
NIFTY20OCT2217400CE.NFO,14/10/2022,09:16:18,119,119.15,350,119.3,850,8450,1995750
NIFTY20OCT2217400CE.NFO,14/10/2022,09:16:19,119.4,119.25,100,119.3,200,9750,1995750
NIFTY20OCT2217400CE.NFO,14/10/2022,09:16:20,119.15,119.05,200,119.25,100,9550,1995750
NIFTY20OCT2217400CE.NFO,14/10/2022,09:16:21,118.9,118.9,200,119,250,12700,1995750
NIFTY20OCT2217400CE.NFO,14/10/2022,09:16:22,118.45,118.4,350,118.6,100,16200,1995750
NIFTY20OCT2217400CE.NFO,14/10/2022,09:16:23,118.25,118.25,50,118.35,50,15150,1995750
NIFTY20OCT2217400CE.NFO,14/10/2022,09:16:24,118.45,118.35,300,118.5,200,24900,1995750
NIFTY20OCT2217400CE.NFO,14/10/2022,09:16:25,117.6,117.6,50,117.75,100,13550,1995750
NIFTY20OCT2217400CE.NFO,14/10/2022,09:16:26,117.9,117.6,100,117.75,50,11200,1995750
NIFTY20OCT2217400CE.NFO,14/10/2022,09:16:27,117.6,117.5,300,117.75,300,10400,1995750
NIFTY20OCT2217400CE.NFO,14/10/2022,09:16:28,117.3,117.15,200,117.25,50,13000,1995750
NIFTY20OCT2217400CE.NFO,14/10/2022,09:16:29,116.9,116.95,200,117.2,350,13850,1995750
NIFTY20OCT2217400CE.NFO,14/10/2022,09:16:30,116.75,116.75,250,116.95,250,15800,1995750
NIFTY20OCT2217400CE.NFO,14/10/2022,09:16:31,117.2,117.15,300,117.35,150,19500,1995750
NIFTY20OCT2217400CE.NFO,14/10/2022,09:16:32,117.35,117.35,1700,117.45,100,18450,1995750
NIFTY20OCT2217400CE.NFO,14/10/2022,09:16:33,117.5,117.5,350,117.65,150,7450,1995750
NIFTY20OCT2217400CE.NFO,14/10/2022,09:16:34,118,117.85,400,118,850,9500,1995750
NIFTY20OCT2217400CE.NFO,14/10/2022,09:16:35,118.75,118.65,350,118.85,50,19700,1995750
NIFTY20OCT2217400CE.NFO,14/10/2022,09:16:36,119.25,119.2,250,119.3,450,16050,1995750
NIFTY20OCT2217400CE.NFO,14/10/2022,09:16:37,119.85,119.9,200,120,4500,7400,1995750
NIFTY20OCT2217400CE.NFO,14/10/2022,09:16:38,120.35,120.2,150,120.4,200,6450,1995750
NIFTY20OCT2217400CE.NFO,14/10/2022,09:16:39,120.75,120.75,200,120.95,350,14050,1995750
NIFTY20OCT2217400CE.NFO,14/10/2022,09:16:40,120.25,120.2,100,120.4,450,17950,1995750
NIFTY20OCT2217400CE.NFO,14/10/2022,09:16:41,120.9,120.7,150,120.9,250,15550,1995750
NIFTY20OCT2217400CE.NFO,14/10/2022,09:16:42,120.6,120.4,150,120.55,300,12750,1995750
NIFTY20OCT2217400CE.NFO,14/10/2022,09:16:43,120.95,120.95,50,121,100,14900,1995750
NIFTY20OCT2217400CE.NFO,14/10/2022,09:16:44,121,121.05,350,121.3,350,7800,1995750
NIFTY20OCT2217400CE.NFO,14/10/2022,09:16:45,121.8,121.7,100,121.85,50,22650,1995750
NIFTY20OCT2217400CE.NFO,14/10/2022,09:16:46,121.7,121.55,200,121.8,300,15400,1995750
NIFTY20OCT2217400CE.NFO,14/10/2022,09:16:47,122.3,122.1,50,122.3,250,30000,1995750
NIFTY20OCT2217400CE.NFO,14/10/2022,09:16:48,122.2,122.05,250,122.3,400,11450,1995750
NIFTY20OCT2217400CE.NFO,14/10/2022,09:16:49,121,121,800,121.15,150,13450,1995750
NIFTY20OCT2217400CE.NFO,14/10/2022,09:16:50,121,120.75,350,120.95,100,11950,1995750
NIFTY20OCT2217400CE.NFO,14/10/2022,09:16:51,120.95,121,50,121.2,200,14700,1995750
NIFTY20OCT2217400CE.NFO,14/10/2022,09:16:52,121.6,121.45,350,121.6,50,7550,1995750
NIFTY20OCT2217400CE.NFO,14/10/2022,09:16:53,121.1,121,200,121.2,50,6550,1995750
NIFTY20OCT2217400CE.NFO,14/10/2022,09:16:54,121.85,121.65,150,121.85,200,7850,1995750
NIFTY20OCT2217400CE.NFO,14/10/2022,09:16:55,121.65,121.6,350,121.85,300,10550,1995750
NIFTY20OCT2217400CE.NFO,14/10/2022,09:16:56,121.8,121.65,200,121.85,350,4150,1995750
NIFTY20OCT2217400CE.NFO,14/10/2022,09:16:57,121.5,121.55,100,121.75,350,12750,1995750
NIFTY20OCT2217400CE.NFO,14/10/2022,09:16:58,121.75,121.75,300,121.8,50,6200,1995750
NIFTY20OCT2217400CE.NFO,14/10/2022,09:16:59,121.2,121.25,200,121.3,50,13250,1995750
NIFTY20OCT2217400CE.NFO,14/10/2022,09:17:00,121.6,121.2,350,121.3,350,15750,1995750
NIFTY20OCT2217400CE.NFO,14/10/2022,09:17:01,120.8,120.55,200,120.7,50,19550,1995750
NIFTY20OCT2217400CE.NFO,14/10/2022,09:17:02,120.35,120.25,150,120.45,350,17050,1995750
NIFTY20OCT2217400CE.NFO,14/10/2022,09:17:03,120.8,120.55,100,120.7,200,16100,1995750
NIFTY20OCT2217400CE.NFO,14/10/2022,09:17:04,120.8,120.85,100,121,250,13150,1995750
NIFTY20OCT2217400CE.NFO,14/10/2022,09:17:05,120.9,120.85,150,121.05,450,8600,1995750
NIFTY20OCT2217400CE.NFO,14/10/2022,09:17:06,121.45,121.2,500,121.45,450,12400,1995750
NIFTY20OCT2217400CE.NFO,14/10/2022,09:17:07,121.35,121.15,200,121.25,600,14400,1995750
NIFTY20OCT2217400CE.NFO,14/10/2022,09:17:08,121.2,121.05,450,121.25,700,6600,1995750
NIFTY20OCT2217400CE.NFO,14/10/2022,09:17:09,121,121.05,50,121.15,450,6550,1995750
NIFTY20OCT2217400CE.NFO,14/10/2022,09:17:10,121.6,121.4,350,121.65,750,11950,1995750
NIFTY20OCT2217400CE.NFO,14/10/2022,09:17:11,121.5,121.3,250,121.45,150,7650,1995750
NIFTY20OCT2217400CE.NFO,14/10/2022,09:17:12,121.4,121.3,250,121.5,450,7700,1995750
NIFTY20OCT2217400CE.NFO,14/10/2022,09:17:13,121.5,121.45,200,121.6,200,10750,1995750
NIFTY20OCT2217400CE.NFO,14/10/2022,09:17:14,121.4,121.2,400,121.4,250,7550,1995750
NIFTY20OCT2217400CE.NFO,14/10/2022,09:17:15,121,121,2600,121.25,700,11950,1995750
NIFTY20OCT2217400CE.NFO,14/10/2022,09:17:17,120.25,120.15,250,120.3,250,20550,2322650
NIFTY20OCT2217400CE.NFO,14/10/2022,09:17:18,120.35,120.1,100,120.3,600,12250,2322650
NIFTY20OCT2217400CE.NFO,14/10/2022,09:17:19,120,120,11200,120.15,350,15100,2322650
NIFTY20OCT2217400CE.NFO,14/10/2022,09:17:20,120,120,6400,120.15,50,9300,2322650
NIFTY20OCT2217400CE.NFO,14/10/2022,09:17:21,118.25,118.25,700,118.4,50,37900,2322650
NIFTY20OCT2217400CE.NFO,14/10/2022,09:17:22,117.9,117.9,650,118.1,100,23600,2322650
NIFTY20OCT2217400CE.NFO,14/10/2022,09:17:23,117.65,117.6,50,117.65,350,9950,2322650
NIFTY20OCT2217400CE.NFO,14/10/2022,09:17:24,117.65,117.55,200,117.7,650,12400,2322650
NIFTY20OCT2217400CE.NFO,14/10/2022,09:17:24,117.45,117.5,150,117.7,150,3800,2322650
NIFTY20OCT2217400CE.NFO,14/10/2022,09:17:25,117.1,117.1,100,117.25,650,9950,2322650
NIFTY20OCT2217400CE.NFO,14/10/2022,09:17:26,118.8,118.75,150,118.9,100,27000,2322650
NIFTY20OCT2217400CE.NFO,14/10/2022,09:17:28,118.7,118.7,50,118.9,400,15700,2322650
NIFTY20OCT2217400CE.NFO,14/10/2022,09:17:29,118.55,118.65,600,118.75,100,11650,2322650
NIFTY20OCT2217400CE.NFO,14/10/2022,09:17:30,119.45,119.35,50,119.45,650,5300,2322650
NIFTY20OCT2217400CE.NFO,14/10/2022,09:17:31,119.75,119.55,250,119.7,400,6650,2322650
NIFTY20OCT2217400CE.NFO,14/10/2022,09:17:32,119.55,119.55,200,119.65,100,5100,2322650
NIFTY20OCT2217400CE.NFO,14/10/2022,09:17:33,119.85,119.7,400,119.9,2500,5250,2322650
NIFTY20OCT2217400CE.NFO,14/10/2022,09:17:34,119.75,119.3,650,119.5,200,4700,2322650
NIFTY20OCT2217400CE.NFO,14/10/2022,09:17:35,119.4,119.3,600,119.5,450,10700,2322650
NIFTY20OCT2217400CE.NFO,14/10/2022,09:17:36,119.1,119.1,700,119.25,100,31300,2322650
NIFTY20OCT2217400CE.NFO,14/10/2022,09:17:37,118.85,118.7,250,118.9,400,7400,2322650
NIFTY20OCT2217400CE.NFO,14/10/2022,09:17:38,118.6,118.35,500,118.55,100,7000,2322650
NIFTY20OCT2217400CE.NFO,14/10/2022,09:17:39,118.55,118.45,200,118.6,450,7000,2322650
NIFTY20OCT2217400CE.NFO,14/10/2022,09:17:40,118.15,118,450,118.15,50,11700,2322650
NIFTY20OCT2217400CE.NFO,14/10/2022,09:17:41,118.3,118.35,200,118.4,150,5100,2322650
NIFTY20OCT2217400CE.NFO,14/10/2022,09:17:42,117.65,117.5,50,117.6,450,11050,2322650
NIFTY20OCT2217400CE.NFO,14/10/2022,09:17:43,117.65,117.7,400,117.85,50,6700,2322650
NIFTY20OCT2217400CE.NFO,14/10/2022,09:17:44,118,117.8,750,118,450,20650,2322650
NIFTY20OCT2217400CE.NFO,14/10/2022,09:17:45,117.6,117.5,200,117.6,700,6400,2322650
NIFTY20OCT2217400CE.NFO,14/10/2022,09:17:46,117.85,117.8,200,117.95,1250,4950,2322650
NIFTY20OCT2217400CE.NFO,14/10/2022,09:17:47,117.6,117.55,500,117.7,800,6900,2322650
NIFTY20OCT2217400CE.NFO,14/10/2022,09:17:48,117.55,117.3,700,117.5,1200,4550,2322650
NIFTY20OCT2217400CE.NFO,14/10/2022,09:17:49,117.8,117.8,650,117.95,150,4900,2322650
NIFTY20OCT2217400CE.NFO,14/10/2022,09:17:50,117.75,117.8,750,118,3600,4500,2322650
NIFTY20OCT2217400CE.NFO,14/10/2022,09:17:51,117.3,117.35,650,117.55,300,16150,2322650
NIFTY20OCT2217400CE.NFO,14/10/2022,09:17:52,117.3,117.4,550,117.6,300,3700,2322650
NIFTY20OCT2217400CE.NFO,14/10/2022,09:17:53,117.7,117.6,200,117.8,750,8250,2322650
NIFTY20OCT2217400CE.NFO,14/10/2022,09:17:54,118.65,118.75,600,118.95,450,7000,2322650
NIFTY20OCT2217400CE.NFO,14/10/2022,09:17:55,118.8,118.9,100,119.1,450,9950,2322650
NIFTY20OCT2217400CE.NFO,14/10/2022,09:17:56,118.8,118.65,450,118.85,400,38250,2322650
NIFTY20OCT2217400CE.NFO,14/10/2022,09:17:56,118.85,118.55,50,118.65,50,2300,2322650
NIFTY20OCT2217400CE.NFO,14/10/2022,09:17:57,118.5,118.55,450,118.8,700,8500,2322650
NIFTY20OCT2217400CE.NFO,14/10/2022,09:17:59,119.15,118.95,800,119.15,300,6300,2322650
NIFTY20OCT2217400CE.NFO,14/10/2022,09:18:00,117.85,117.8,550,117.95,200,9200,2322650
NIFTY20OCT2217400CE.NFO,14/10/2022,09:18:01,119.15,119.15,450,119.3,250,15800,2322650
NIFTY20OCT2217400CE.NFO,14/10/2022,09:18:02,117.95,117.75,500,117.85,850,37200,2322650
NIFTY20OCT2217400CE.NFO,14/10/2022,09:18:03,118.7,118.45,850,118.7,400,10300,2322650
NIFTY20OCT2217400CE.NFO,14/10/2022,09:18:04,118.8,118.8,500,119,350,3550,2322650
NIFTY20OCT2217400CE.NFO,14/10/2022,09:18:05,119,119.1,150,119.3,450,2550,2322650
NIFTY20OCT2217400CE.NFO,14/10/2022,09:18:06,119,119,1700,119.2,100,4600,2322650
NIFTY20OCT2217400CE.NFO,14/10/2022,09:18:07,119.3,119.2,350,119.4,400,10800,2322650
NIFTY20OCT2217400CE.NFO,14/10/2022,09:18:08,119.5,119.2,450,119.4,500,3500,2322650
NIFTY20OCT2217400CE.NFO,14/10/2022,09:18:09,119.8,119.55,600,119.8,1500,4800,2322650
NIFTY20OCT2217400CE.NFO,14/10/2022,09:18:10,120.2,120.1,50,120.25,1650,13350,2322650
NIFTY20OCT2217400CE.NFO,14/10/2022,09:18:11,120.5,120.2,2250,120.4,1050,6850,2322650
NIFTY20OCT2217400CE.NFO,14/10/2022,09:18:12,120.5,120.6,2800,120.7,700,9050,2322650
NIFTY20OCT2217400CE.NFO,14/10/2022,09:18:13,120.35,120.25,500,120.45,200,9800,2322650
NIFTY20OCT2217400CE.NFO,14/10/2022,09:18:14,120.75,120.7,750,120.95,600,10800,2322650
NIFTY20OCT2217400CE.NFO,14/10/2022,09:18:15,120.55,120.4,200,120.6,950,15100,2322650
NIFTY20OCT2217400CE.NFO,14/10/2022,09:18:16,118.9,118.7,200,118.85,150,27500,2322650
NIFTY20OCT2217400CE.NFO,14/10/2022,09:18:17,119.2,119.05,100,119.2,50,6750,2322650
NIFTY20OCT2217400CE.NFO,14/10/2022,09:18:18,118.85,118.6,100,118.75,50,4100,2322650
NIFTY20OCT2217400CE.NFO,14/10/2022,09:18:19,118.35,118.1,100,118.3,200,5600,2322650
NIFTY20OCT2217400CE.NFO,14/10/2022,09:18:20,118.5,118.35,350,118.6,350,6950,2322650
NIFTY20OCT2217400CE.NFO,14/10/2022,09:18:20,118.1,118.05,450,118.1,500,3300,2322650
NIFTY20OCT2217400CE.NFO,14/10/2022,09:18:22,118,118,100,118.15,450,22500,2322650
NIFTY20OCT2217400CE.NFO,14/10/2022,09:18:23,117.75,117.65,100,117.85,50,10850,2322650
NIFTY20OCT2217400CE.NFO,14/10/2022,09:18:24,117.05,117,17350,117.2,50,9150,2322650
NIFTY20OCT2217400CE.NFO,14/10/2022,09:18:25,116.15,116.05,400,116.2,50,32150,2322650
NIFTY20OCT2217400CE.NFO,14/10/2022,09:18:26,116.25,116.05,450,116.25,50,14400,2322650
NIFTY20OCT2217400CE.NFO,14/10/2022,09:18:27,116.2,116.15,250,116.3,150,11450,2322650
NIFTY20OCT2217400CE.NFO,14/10/2022,09:18:28,116.4,116.1,300,116.35,200,3900,2322650
NIFTY20OCT2217400CE.NFO,14/10/2022,09:18:29,117,116.85,250,116.95,400,3450,2322650
NIFTY20OCT2217400CE.NFO,14/10/2022,09:18:30,117.85,117.55,450,117.8,400,13100,2322650
NIFTY20OCT2217400CE.NFO,14/10/2022,09:18:31,117.35,117.1,50,117.25,300,5950,2322650
NIFTY20OCT2217400CE.NFO,14/10/2022,09:18:33,116.6,116.4,300,116.6,350,5900,2322650
NIFTY20OCT2217400CE.NFO,14/10/2022,09:18:34,116.25,116.25,250,116.45,150,6450,2322650
NIFTY20OCT2217400CE.NFO,14/10/2022,09:18:35,115.15,115.05,7650,115.2,900,13150,2322650
NIFTY20OCT2217400CE.NFO,14/10/2022,09:18:36,115.05,115.05,4250,115.2,350,8300,2322650
NIFTY20OCT2217400CE.NFO,14/10/2022,09:18:37,115.15,115.1,50,115.3,850,25100,2322650
NIFTY20OCT2217400CE.NFO,14/10/2022,09:18:37,114.75,114.75,250,114.9,50,20000,2322650
NIFTY20OCT2217400CE.NFO,14/10/2022,09:18:38,115,114.85,150,115.05,50,4350,2322650
NIFTY20OCT2217400CE.NFO,14/10/2022,09:18:39,114.85,114.5,900,114.75,150,6900,2322650
NIFTY20OCT2217400CE.NFO,14/10/2022,09:18:40,114.75,114.55,100,114.75,450,4050,2322650
NIFTY20OCT2217400CE.NFO,14/10/2022,09:18:41,114.8,114.95,50,115.05,200,3750,2322650
NIFTY20OCT2217400CE.NFO,14/10/2022,09:18:43,115.25,115.3,100,115.4,50,6800,2322650
NIFTY20OCT2217400CE.NFO,14/10/2022,09:18:44,115.6,115.35,250,115.55,200,2750,2322650
NIFTY20OCT2217400CE.NFO,14/10/2022,09:18:45,114.8,114.75,250,114.95,350,15900,2322650
NIFTY20OCT2217400CE.NFO,14/10/2022,09:18:46,114.6,114.4,350,114.6,350,7100,2322650
NIFTY20OCT2217400CE.NFO,14/10/2022,09:18:47,114.6,114.25,750,114.35,50,7400,2322650
NIFTY20OCT2217400CE.NFO,14/10/2022,09:18:48,114.25,114.15,350,114.35,450,1300,2322650
NIFTY20OCT2217400CE.NFO,14/10/2022,09:18:49,114.1,114.1,100,114.25,50,8150,2322650
NIFTY20OCT2217400CE.NFO,14/10/2022,09:18:50,113.95,113.75,250,114,500,7600,2322650
NIFTY20OCT2217400CE.NFO,14/10/2022,09:18:51,114.15,114,50,114.15,200,5400,2322650
NIFTY20OCT2217400CE.NFO,14/10/2022,09:18:52,114.1,114,250,114.1,350,450,2322650
NIFTY20OCT2217400CE.NFO,14/10/2022,09:18:53,114,114.05,200,114.25,200,10250,2322650
NIFTY20OCT2217400CE.NFO,14/10/2022,09:18:54,114.25,114.25,700,114.35,250,7500,2322650
NIFTY20OCT2217400CE.NFO,14/10/2022,09:18:55,113.45,113.5,300,113.7,250,4200,2322650
NIFTY20OCT2217400CE.NFO,14/10/2022,09:18:56,113.35,113.2,50,113.35,250,5700,2322650
NIFTY20OCT2217400CE.NFO,14/10/2022,09:18:57,113.15,113.15,50,113.3,50,4450,2322650
NIFTY20OCT2217400CE.NFO,14/10/2022,09:18:58,112.35,112.45,150,112.65,400,4800,2322650
NIFTY20OCT2217400CE.NFO,14/10/2022,09:18:59,112.5,112.6,150,112.8,200,550,2322650
NIFTY20OCT2217400CE.NFO,14/10/2022,09:19:00,112.5,112.5,400,112.6,50,7400,2322650
NIFTY20OCT2217400CE.NFO,14/10/2022,09:19:01,114.2,114.3,200,114.45,350,13350,2322650
NIFTY20OCT2217400CE.NFO,14/10/2022,09:19:02,114,113.95,250,114.1,200,45600,2322650
NIFTY20OCT2217400CE.NFO,14/10/2022,09:19:03,114.6,114.4,150,114.65,550,3650,2322650
NIFTY20OCT2217400CE.NFO,14/10/2022,09:19:04,114.45,114.2,150,114.45,200,6500,2322650
NIFTY20OCT2217400CE.NFO,14/10/2022,09:19:05,114.45,114.6,200,114.75,50,7950,2322650
NIFTY20OCT2217400CE.NFO,14/10/2022,09:19:06,114.85,114.7,100,114.9,200,8750,2322650
NIFTY20OCT2217400CE.NFO,14/10/2022,09:19:07,115.05,115.05,150,115.2,150,6350,2322650
NIFTY20OCT2217400CE.NFO,14/10/2022,09:19:08,115.15,115.3,100,115.4,50,19250,2322650
NIFTY20OCT2217400CE.NFO,14/10/2022,09:19:09,115.1,114.95,450,115.15,200,7400,2322650
NIFTY20OCT2217400CE.NFO,14/10/2022,09:19:10,115,114.8,250,115,200,8950,2322650
NIFTY20OCT2217400CE.NFO,14/10/2022,09:19:11,114.8,114.55,300,114.75,50,9200,2322650
NIFTY20OCT2217400CE.NFO,14/10/2022,09:19:12,114.3,114.3,50,114.45,300,7050,2322650
NIFTY20OCT2217400CE.NFO,14/10/2022,09:19:13,114.2,114.15,50,114.3,150,650,2322650
NIFTY20OCT2217400CE.NFO,14/10/2022,09:19:14,113.55,113.75,300,113.9,150,6450,2322650
NIFTY20OCT2217400CE.NFO,14/10/2022,09:19:15,113.7,113.45,150,113.6,300,2200,2322650
NIFTY20OCT2217400CE.NFO,14/10/2022,09:19:16,113.1,112.9,350,113.1,450,4900,2322650
NIFTY20OCT2217400CE.NFO,14/10/2022,09:19:17,112.8,112.8,500,112.9,50,3900,2322650
NIFTY20OCT2217400CE.NFO,14/10/2022,09:19:18,113.1,113.2,500,113.3,100,4000,2322650
NIFTY20OCT2217400CE.NFO,14/10/2022,09:19:19,113.5,113.25,250,113.4,200,350,2322650
NIFTY20OCT2217400CE.NFO,14/10/2022,09:19:20,113.8,113.75,450,113.95,200,1900,2322650
NIFTY20OCT2217400CE.NFO,14/10/2022,09:19:21,113.85,113.95,50,114,200,6750,2322650
NIFTY20OCT2217400CE.NFO,14/10/2022,09:19:22,115.15,115.15,350,115.35,150,7450,2322650
NIFTY20OCT2217400CE.NFO,14/10/2022,09:19:23,113.7,113.6,50,113.7,450,5500,2322650
NIFTY20OCT2217400CE.NFO,14/10/2022,09:19:24,112.1,112.2,200,112.25,50,22200,2322650
NIFTY20OCT2217400CE.NFO,14/10/2022,09:19:25,112.55,112.5,50,112.65,100,6800,2322650
NIFTY20OCT2217400CE.NFO,14/10/2022,09:19:26,112.25,112.15,150,112.3,50,5050,2322650
NIFTY20OCT2217400CE.NFO,14/10/2022,09:19:27,112.35,112.3,200,112.5,150,250,2322650
NIFTY20OCT2217400CE.NFO,14/10/2022,09:19:28,111.75,111.65,300,111.85,250,17850,2322650
NIFTY20OCT2217400CE.NFO,14/10/2022,09:19:29,112,111.9,300,112,200,15450,2322650
NIFTY20OCT2217400CE.NFO,14/10/2022,09:19:30,111.55,111.35,300,111.5,150,13550,2322650
NIFTY20OCT2217400CE.NFO,14/10/2022,09:19:31,111.65,111.6,200,111.75,50,7750,2322650
NIFTY20OCT2217400CE.NFO,14/10/2022,09:19:32,111.7,111.5,500,111.65,300,9600,2322650
NIFTY20OCT2217400CE.NFO,14/10/2022,09:19:33,111.15,111.1,250,111.25,150,11100,2322650
NIFTY20OCT2217400CE.NFO,14/10/2022,09:19:34,110.95,111.1,1000,111.2,150,11950,2322650
NIFTY20OCT2217400CE.NFO,14/10/2022,09:19:35,111.5,111.35,500,111.45,150,7200,2322650
NIFTY20OCT2217400CE.NFO,14/10/2022,09:19:36,111.3,111.1,200,111.3,200,2850,2322650
NIFTY20OCT2217400CE.NFO,14/10/2022,09:19:37,111,110.8,350,111,150,450,2322650
NIFTY20OCT2217400CE.NFO,14/10/2022,09:19:38,111,111.1,300,111.25,50,12450,2322650
NIFTY20OCT2217400CE.NFO,14/10/2022,09:19:39,111.25,110.95,200,111.15,150,3300,2322650
NIFTY20OCT2217400CE.NFO,14/10/2022,09:19:40,111.75,111.4,200,111.6,250,5900,2322650
NIFTY20OCT2217400CE.NFO,14/10/2022,09:19:41,110.8,110.5,1050,110.7,500,12450,2322650
NIFTY20OCT2217400CE.NFO,14/10/2022,09:19:42,110.3,110.3,150,110.4,100,19300,2322650
NIFTY20OCT2217400CE.NFO,14/10/2022,09:19:43,109.75,109.7,350,109.8,150,34000,2322650
NIFTY20OCT2217400CE.NFO,14/10/2022,09:19:45,110,109.95,700,110.15,200,7200,2322650
NIFTY20OCT2217400CE.NFO,14/10/2022,09:19:46,109.55,109.4,100,109.6,600,2500,2322650
NIFTY20OCT2217400CE.NFO,14/10/2022,09:19:47,109.85,109.8,200,109.9,100,13800,2322650
NIFTY20OCT2217400CE.NFO,14/10/2022,09:19:48,110,110,300,110.2,100,7750,2322650
NIFTY20OCT2217400CE.NFO,14/10/2022,09:19:49,110.85,110.75,100,110.9,50,8100,2322650
NIFTY20OCT2217400CE.NFO,14/10/2022,09:19:50,110.85,110.75,100,110.95,50,14550,2322650
NIFTY20OCT2217400CE.NFO,14/10/2022,09:19:51,111.25,111.15,200,111.2,50,10750,2322650
NIFTY20OCT2217400CE.NFO,14/10/2022,09:19:52,111.65,111.4,350,111.55,50,2550,2322650
NIFTY20OCT2217400CE.NFO,14/10/2022,09:19:53,112.7,112.75,250,112.95,50,24800,2322650
NIFTY20OCT2217400CE.NFO,14/10/2022,09:19:55,112.9,112.95,100,113.15,300,12200,2322650
NIFTY20OCT2217400CE.NFO,14/10/2022,09:19:56,113.55,113.4,100,113.6,200,4150,2322650
NIFTY20OCT2217400CE.NFO,14/10/2022,09:19:57,114.35,114.05,150,114.2,100,8000,2322650
NIFTY20OCT2217400CE.NFO,14/10/2022,09:19:58,114.7,114.65,100,114.85,150,7500,2322650
NIFTY20OCT2217400CE.NFO,14/10/2022,09:19:59,115,114.75,200,114.95,150,11350,2322650
NIFTY20OCT2217400CE.NFO,14/10/2022,09:20:00,114.95,114.9,100,115.05,50,9800,2322650
NIFTY20OCT2217400CE.NFO,14/10/2022,09:20:01,114.2,114.1,100,114.3,100,5400,2322650
NIFTY20OCT2217400CE.NFO,14/10/2022,09:20:02,114.2,114.2,50,114.3,50,5200,2322650
NIFTY20OCT2217400CE.NFO,14/10/2022,09:20:03,114.95,115,650,115.25,150,13250,2322650
NIFTY20OCT2217400CE.NFO,14/10/2022,09:20:04,114.9,114.65,250,114.8,50,9300,2322650
NIFTY20OCT2217400CE.NFO,14/10/2022,09:20:05,113.85,113.55,50,113.7,100,23750,2322650
NIFTY20OCT2217400CE.NFO,14/10/2022,09:20:06,113.8,113.95,50,114.1,50,10300,2322650
NIFTY20OCT2217400CE.NFO,14/10/2022,09:20:07,114.2,113.95,300,114.2,900,4950,2322650
NIFTY20OCT2217400CE.NFO,14/10/2022,09:20:08,115.1,114.9,250,115.1,150,9950,2322650
NIFTY20OCT2217400CE.NFO,14/10/2022,09:20:09,115.3,115,200,115.2,250,4050,2322650
NIFTY20OCT2217400CE.NFO,14/10/2022,09:20:10,115.1,115.05,250,115.3,750,3250,2322650
NIFTY20OCT2217400CE.NFO,14/10/2022,09:20:11,115.5,115.45,100,115.55,200,12600,2322650
NIFTY20OCT2217400CE.NFO,14/10/2022,09:20:12,115.75,115.75,100,115.95,200,15950,2322650
NIFTY20OCT2217400CE.NFO,14/10/2022,09:20:13,115.3,115.15,100,115.3,150,15600,2322650
NIFTY20OCT2217400CE.NFO,14/10/2022,09:20:14,115.8,115.8,150,116,4150,9200,2322650
NIFTY20OCT2217400CE.NFO,14/10/2022,09:20:15,116,115.9,300,116,3750,1550,2322650
NIFTY20OCT2217400CE.NFO,14/10/2022,09:20:16,115.55,115.35,250,115.55,100,8400,2322650
NIFTY20OCT2217400CE.NFO,14/10/2022,09:20:17,115.15,115,200,115.1,50,850,2322650
NIFTY20OCT2217400CE.NFO,14/10/2022,09:20:18,115.55,115.45,150,115.6,50,15200,2322650
NIFTY20OCT2217400CE.NFO,14/10/2022,09:20:19,115.95,115.75,150,115.95,200,6250,2437650
NIFTY20OCT2217400CE.NFO,14/10/2022,09:20:20,116.15,116.05,150,116.25,50,4650,2437650
NIFTY20OCT2217400CE.NFO,14/10/2022,09:20:21,116.25,116.1,100,116.3,200,3850,2437650
NIFTY20OCT2217400CE.NFO,14/10/2022,09:20:22,115.3,115.3,450,115.5,100,6100,2437650
NIFTY20OCT2217400CE.NFO,14/10/2022,09:20:23,115.7,115.55,150,115.8,200,2450,2437650
NIFTY20OCT2217400CE.NFO,14/10/2022,09:20:24,115.5,115.3,100,115.5,100,7050,2437650
NIFTY20OCT2217400CE.NFO,14/10/2022,09:20:25,115.5,115.45,300,115.65,150,200,2437650
NIFTY20OCT2217400CE.NFO,14/10/2022,09:20:26,114.65,114.45,150,114.65,500,7350,2437650
NIFTY20OCT2217400CE.NFO,14/10/2022,09:20:27,114.75,114.45,250,114.7,200,6650,2437650
NIFTY20OCT2217400CE.NFO,14/10/2022,09:20:28,114.75,114.7,300,114.9,50,2400,2437650
NIFTY20OCT2217400CE.NFO,14/10/2022,09:20:29,114.75,114.8,350,114.95,100,2950,2437650
NIFTY20OCT2217400CE.NFO,14/10/2022,09:20:30,115.05,114.85,100,115.05,100,2700,2437650
NIFTY20OCT2217400CE.NFO,14/10/2022,09:20:31,114.9,114.7,150,114.9,50,9300,2437650
NIFTY20OCT2217400CE.NFO,14/10/2022,09:20:32,114.2,114,50,114.15,200,7400,2437650
NIFTY20OCT2217400CE.NFO,14/10/2022,09:20:33,114,114.05,50,114.2,50,7850,2437650
NIFTY20OCT2217400CE.NFO,14/10/2022,09:20:34,113.55,113.35,50,113.55,150,5400,2437650
NIFTY20OCT2217400CE.NFO,14/10/2022,09:20:36,113.1,112.9,300,113.15,200,7050,2437650
NIFTY20OCT2217400CE.NFO,14/10/2022,09:20:37,113.15,113,100,113.2,50,5200,2437650
NIFTY20OCT2217400CE.NFO,14/10/2022,09:20:38,112.85,113.05,50,113.2,100,1800,2437650
NIFTY20OCT2217400CE.NFO,14/10/2022,09:20:39,113.15,112.85,50,113,50,4800,2437650
NIFTY20OCT2217400CE.NFO,14/10/2022,09:20:40,113.15,112.95,150,113.15,150,4450,2437650
NIFTY20OCT2217400CE.NFO,14/10/2022,09:20:41,113.5,113.4,750,113.6,50,400,2437650
NIFTY20OCT2217400CE.NFO,14/10/2022,09:20:42,113.9,113.85,350,114.05,350,7050,2437650
NIFTY20OCT2217400CE.NFO,14/10/2022,09:20:43,114.15,113.75,250,114,150,600,2437650
NIFTY20OCT2217400CE.NFO,14/10/2022,09:20:44,113.35,113.2,200,113.35,150,3700,2437650
NIFTY20OCT2217400CE.NFO,14/10/2022,09:20:45,113.75,113.8,100,113.85,350,3000,2437650
NIFTY20OCT2217400CE.NFO,14/10/2022,09:20:46,114.1,113.85,100,114.05,50,900,2437650
NIFTY20OCT2217400CE.NFO,14/10/2022,09:20:47,114,113.95,150,114,50,3200,2437650
NIFTY20OCT2217400CE.NFO,14/10/2022,09:20:48,114.1,114,300,114.25,450,1750,2437650
NIFTY20OCT2217400CE.NFO,14/10/2022,09:20:49,114.35,114.05,100,114.25,100,3150,2437650
NIFTY20OCT2217400CE.NFO,14/10/2022,09:20:50,114.5,114.6,50,114.8,50,5150,2437650
NIFTY20OCT2217400CE.NFO,14/10/2022,09:20:51,114.75,114.6,100,114.8,100,1600,2437650
NIFTY20OCT2217400CE.NFO,14/10/2022,09:20:52,114.55,114.5,50,114.7,50,2050,2437650
NIFTY20OCT2217400CE.NFO,14/10/2022,09:20:53,114.55,114.35,100,114.55,50,3600,2437650
NIFTY20OCT2217400CE.NFO,14/10/2022,09:20:54,114.6,114.5,50,114.65,300,6500,2437650
NIFTY20OCT2217400CE.NFO,14/10/2022,09:20:56,115.65,115.5,50,115.7,50,6350,2437650
NIFTY20OCT2217400CE.NFO,14/10/2022,09:20:57,114.6,114.45,50,114.6,250,4200,2437650
NIFTY20OCT2217400CE.NFO,14/10/2022,09:20:58,114.8,114.65,50,114.8,250,10150,2437650
NIFTY20OCT2217400CE.NFO,14/10/2022,09:20:59,113.5,113.3,100,113.5,150,5600,2437650
NIFTY20OCT2217400CE.NFO,14/10/2022,09:21:00,113.85,113.5,300,113.7,150,4250,2437650
NIFTY20OCT2217400CE.NFO,14/10/2022,09:21:01,113.35,113.25,300,113.5,450,1950,2437650
NIFTY20OCT2217400CE.NFO,14/10/2022,09:21:02,113.35,113.15,50,113.35,1000,3850,2437650
NIFTY20OCT2217400CE.NFO,14/10/2022,09:21:04,112.9,112.85,650,113.1,100,6900,2437650
NIFTY20OCT2217400CE.NFO,14/10/2022,09:21:05,112.05,112.05,50,112.2,50,4800,2437650
NIFTY20OCT2217400CE.NFO,14/10/2022,09:21:05,111.9,112,50,112.15,550,5750,2437650
NIFTY20OCT2217400CE.NFO,14/10/2022,09:21:06,111.4,111.4,200,111.55,100,4350,2437650
NIFTY20OCT2217400CE.NFO,14/10/2022,09:21:07,111,111.05,100,111.25,1100,5250,2437650
NIFTY20OCT2217400CE.NFO,14/10/2022,09:21:08,110.5,110.45,200,110.65,200,8800,2437650
NIFTY20OCT2217400CE.NFO,14/10/2022,09:21:10,110.4,110.25,450,110.45,250,4900,2437650
NIFTY20OCT2217400CE.NFO,14/10/2022,09:21:11,110.25,110.25,50,110.45,50,26900,2437650
NIFTY20OCT2217400CE.NFO,14/10/2022,09:21:12,109.95,109.7,100,109.85,50,7200,2437650
NIFTY20OCT2217400CE.NFO,14/10/2022,09:21:13,109.7,109.6,100,109.7,50,5500,2437650
NIFTY20OCT2217400CE.NFO,14/10/2022,09:21:14,110.5,110.45,50,110.65,50,5400,2437650
NIFTY20OCT2217400CE.NFO,14/10/2022,09:21:15,110.85,110.65,50,110.85,200,1950,2437650
NIFTY20OCT2217400CE.NFO,14/10/2022,09:21:16,111.35,111.2,150,111.4,100,2600,2437650
NIFTY20OCT2217400CE.NFO,14/10/2022,09:21:17,110.85,110.75,200,110.9,100,1250,2437650
NIFTY20OCT2217400CE.NFO,14/10/2022,09:21:19,110.65,110.75,100,110.9,100,2700,2437650
NIFTY20OCT2217400CE.NFO,14/10/2022,09:21:19,110.7,110.65,150,110.8,300,350,2437650
NIFTY20OCT2217400CE.NFO,14/10/2022,09:21:20,110.5,110.4,750,110.5,300,4050,2437650
NIFTY20OCT2217400CE.NFO,14/10/2022,09:21:21,110.4,110.45,200,110.65,100,5050,2437650
NIFTY20OCT2217400CE.NFO,14/10/2022,09:21:22,111.05,110.85,50,111.1,350,5250,2437650
NIFTY20OCT2217400CE.NFO,14/10/2022,09:21:24,110.85,110.8,250,111,150,3350,2437650
NIFTY20OCT2217400CE.NFO,14/10/2022,09:21:24,111,110.85,50,111.05,50,200,2437650
NIFTY20OCT2217400CE.NFO,14/10/2022,09:21:25,110.85,110.75,250,110.95,100,6500,2437650
NIFTY20OCT2217400CE.NFO,14/10/2022,09:21:26,110.55,110.35,250,110.55,650,5000,2437650
NIFTY20OCT2217400CE.NFO,14/10/2022,09:21:27,111.3,111.05,200,111.25,50,15150,2437650
NIFTY20OCT2217400CE.NFO,14/10/2022,09:21:28,111.35,111.15,100,111.3,700,4400,2437650
NIFTY20OCT2217400CE.NFO,14/10/2022,09:21:29,110.8,110.75,200,110.9,550,6200,2437650
NIFTY20OCT2217400CE.NFO,14/10/2022,09:21:30,110.85,110.75,100,110.85,300,1100,2437650
NIFTY20OCT2217400CE.NFO,14/10/2022,09:21:31,112.15,112.1,250,112.3,50,15500,2437650
NIFTY20OCT2217400CE.NFO,14/10/2022,09:21:32,111.55,111.45,100,111.6,550,8600,2437650
NIFTY20OCT2217400CE.NFO,14/10/2022,09:21:33,111.45,111.45,100,111.55,550,1800,2437650
NIFTY20OCT2217400CE.NFO,14/10/2022,09:21:34,110.45,110.25,400,110.45,150,12400,2437650
NIFTY20OCT2217400CE.NFO,14/10/2022,09:21:35,109.95,109.9,250,110.1,350,12250,2437650
NIFTY20OCT2217400CE.NFO,14/10/2022,09:21:36,110,109.9,50,109.95,50,2900,2437650
NIFTY20OCT2217400CE.NFO,14/10/2022,09:21:38,110.1,109.9,50,110.1,150,6400,2437650
NIFTY20OCT2217400CE.NFO,14/10/2022,09:21:38,109.55,109.55,1300,109.75,350,1350,2437650
NIFTY20OCT2217400CE.NFO,14/10/2022,09:21:39,109.6,109.4,100,109.6,450,3650,2437650
NIFTY20OCT2217400CE.NFO,14/10/2022,09:21:40,109.4,109.35,200,109.6,50,4150,2437650
NIFTY20OCT2217400CE.NFO,14/10/2022,09:21:41,108.55,108.55,750,108.75,100,19350,2437650
NIFTY20OCT2217400CE.NFO,14/10/2022,09:21:42,108.4,108.4,250,108.6,100,12600,2437650
NIFTY20OCT2217400CE.NFO,14/10/2022,09:21:43,108.6,108.65,50,108.8,100,11550,2437650
NIFTY20OCT2217400CE.NFO,14/10/2022,09:21:44,108.4,108.3,500,108.5,50,2950,2437650
NIFTY20OCT2217400CE.NFO,14/10/2022,09:21:46,108.5,108.25,150,108.45,100,6800,2437650
NIFTY20OCT2217400CE.NFO,14/10/2022,09:21:47,107.45,107.5,150,107.65,50,10950,2437650
NIFTY20OCT2217400CE.NFO,14/10/2022,09:21:47,107.4,107.5,150,107.65,50,0,2437650
NIFTY20OCT2217400CE.NFO,14/10/2022,09:21:48,106.7,106.65,100,106.8,100,10650,2437650
NIFTY20OCT2217400CE.NFO,14/10/2022,09:21:48,106.6,106.65,100,106.8,100,0,2437650
NIFTY20OCT2217400CE.NFO,14/10/2022,09:21:49,106.7,106.65,100,106.9,150,7100,2437650
NIFTY20OCT2217400CE.NFO,14/10/2022,09:21:49,106.4,106.65,100,106.9,150,0,2437650
NIFTY20OCT2217400CE.NFO,14/10/2022,09:21:50,106.9,106.85,100,107,150,11550,2437650
NIFTY20OCT2217400CE.NFO,14/10/2022,09:21:50,106.25,106.85,100,107,150,0,2437650
NIFTY20OCT2217400CE.NFO,14/10/2022,09:21:51,106.95,106.9,500,107.05,150,5000,2437650
NIFTY20OCT2217400CE.NFO,14/10/2022,09:21:52,107.45,107.15,50,107.3,50,9700,2437650
NIFTY20OCT2217400CE.NFO,14/10/2022,09:21:53,107.2,107.05,50,107.2,350,9100,2437650
NIFTY20OCT2217400CE.NFO,14/10/2022,09:21:55,106.4,106.2,100,106.4,700,7850,2437650
NIFTY20OCT2217400CE.NFO,14/10/2022,09:21:55,106.2,106.2,100,106.4,700,0,2437650
NIFTY20OCT2217400CE.NFO,14/10/2022,09:21:56,106.4,106.4,100,106.6,500,5600,2437650
NIFTY20OCT2217400CE.NFO,14/10/2022,09:21:57,106.5,106.5,150,106.7,50,2100,2437650
NIFTY20OCT2217400CE.NFO,14/10/2022,09:21:58,106.75,106.75,150,106.8,50,6250,2437650
NIFTY20OCT2217400CE.NFO,14/10/2022,09:21:59,107.2,107.15,50,107.35,400,4800,2437650
NIFTY20OCT2217400CE.NFO,14/10/2022,09:22:00,107.3,107.15,50,107.3,200,8550,2437650
NIFTY20OCT2217400CE.NFO,14/10/2022,09:22:01,107.3,107.2,50,107.3,50,6950,2437650
NIFTY20OCT2217400CE.NFO,14/10/2022,09:22:02,105.35,105.35,200,105.4,50,29550,2437650
NIFTY20OCT2217400CE.NFO,14/10/2022,09:22:02,105.35,105.35,200,105.4,50,0,2437650
NIFTY20OCT2217400CE.NFO,14/10/2022,09:22:04,104.55,104.45,50,104.6,50,26900,2437650
NIFTY20OCT2217400CE.NFO,14/10/2022,09:22:04,104.15,104.45,50,104.6,50,0,2437650
NIFTY20OCT2217400CE.NFO,14/10/2022,09:22:05,104.9,104.8,100,104.95,350,8800,2437650
NIFTY20OCT2217400CE.NFO,14/10/2022,09:22:06,104.7,104.7,300,104.85,400,10100,2437650
NIFTY20OCT2217400CE.NFO,14/10/2022,09:22:07,104.85,104.85,350,105.05,300,18200,2437650
NIFTY20OCT2217400CE.NFO,14/10/2022,09:22:08,103.65,103.5,50,103.65,350,17100,2437650
NIFTY20OCT2217400CE.NFO,14/10/2022,09:22:08,103.2,103.5,50,103.65,350,0,2437650
NIFTY20OCT2217400CE.NFO,14/10/2022,09:22:09,103.2,103.2,50,103.4,100,5900,2437650
NIFTY20OCT2217400CE.NFO,14/10/2022,09:22:11,103.05,102.95,50,103,150,10950,2437650
NIFTY20OCT2217400CE.NFO,14/10/2022,09:22:11,102.8,102.95,50,103,150,0,2437650
NIFTY20OCT2217400CE.NFO,14/10/2022,09:22:12,102.85,102.75,100,102.95,50,10950,2437650
NIFTY20OCT2217400CE.NFO,14/10/2022,09:22:12,102.5,102.75,100,102.95,50,0,2437650
NIFTY20OCT2217400CE.NFO,14/10/2022,09:22:13,102.45,102.4,100,102.6,100,8250,2437650
NIFTY20OCT2217400CE.NFO,14/10/2022,09:22:13,102.35,102.4,100,102.6,100,0,2437650
NIFTY20OCT2217400CE.NFO,14/10/2022,09:22:14,102.3,102.3,2000,102.35,1800,9400,2437650
NIFTY20OCT2217400CE.NFO,14/10/2022,09:22:14,102.3,102.3,2000,102.35,1800,0,2437650
NIFTY20OCT2217400CE.NFO,14/10/2022,09:22:15,102.2,102.2,250,102.4,50,14250,2437650
NIFTY20OCT2217400CE.NFO,14/10/2022,09:22:15,102,102.2,250,102.4,50,0,2437650
NIFTY20OCT2217400CE.NFO,14/10/2022,09:22:16,102.5,102.3,100,102.5,100,9550,2437650
NIFTY20OCT2217400CE.NFO,14/10/2022,09:22:17,102.15,102,50,102.1,100,28600,2437650
NIFTY20OCT2217400CE.NFO,14/10/2022,09:22:17,101.6,102,50,102.1,100,0,2437650
NIFTY20OCT2217400CE.NFO,14/10/2022,09:22:19,102.15,101.95,150,102.15,50,10950,2437650
NIFTY20OCT2217400CE.NFO,14/10/2022,09:22:20,102.3,102.2,100,102.35,2150,8900,2437650
NIFTY20OCT2217400CE.NFO,14/10/2022,09:22:20,101.55,102.2,100,102.35,2150,0,2437650
NIFTY20OCT2217400CE.NFO,14/10/2022,09:22:20,102.2,102.2,200,102.4,200,3900,2437650
NIFTY20OCT2217400CE.NFO,14/10/2022,09:22:21,102.45,102.5,100,102.65,200,9250,2437650
NIFTY20OCT2217400CE.NFO,14/10/2022,09:22:22,102.9,102.75,50,102.9,200,11950,2437650
NIFTY20OCT2217400CE.NFO,14/10/2022,09:22:23,103.2,103.25,200,103.45,100,10750,2437650
NIFTY20OCT2217400CE.NFO,14/10/2022,09:22:24,103.35,103.3,100,103.45,50,8900,2437650
NIFTY20OCT2217400CE.NFO,14/10/2022,09:22:25,103.65,103.4,150,103.6,50,8100,2437650
NIFTY20OCT2217400CE.NFO,14/10/2022,09:22:27,103.65,103.35,50,103.55,200,10200,2437650
NIFTY20OCT2217400CE.NFO,14/10/2022,09:22:27,103.5,103.3,450,103.5,1750,250,2437650
NIFTY20OCT2217400CE.NFO,14/10/2022,09:22:28,103.5,103.5,50,103.7,300,8750,2437650
NIFTY20OCT2217400CE.NFO,14/10/2022,09:22:29,103.5,103.45,250,103.7,500,5150,2437650
NIFTY20OCT2217400CE.NFO,14/10/2022,09:22:30,103.95,103.95,50,104.15,200,7550,2437650
NIFTY20OCT2217400CE.NFO,14/10/2022,09:22:31,103.95,103.85,300,104.1,50,7750,2437650
NIFTY20OCT2217400CE.NFO,14/10/2022,09:22:32,103.95,103.75,100,103.95,100,7900,2437650
NIFTY20OCT2217400CE.NFO,14/10/2022,09:22:33,103.95,103.75,300,103.95,50,10800,2437650
NIFTY20OCT2217400CE.NFO,14/10/2022,09:22:35,104.45,104.4,300,104.6,150,9500,2437650
NIFTY20OCT2217400CE.NFO,14/10/2022,09:22:35,104.15,104.15,100,104.35,100,950,2437650
NIFTY20OCT2217400CE.NFO,14/10/2022,09:22:36,104.3,104.15,100,104.35,250,16800,2437650
NIFTY20OCT2217400CE.NFO,14/10/2022,09:22:37,104.2,104.3,100,104.5,50,14200,2437650
NIFTY20OCT2217400CE.NFO,14/10/2022,09:22:38,105.25,105.3,200,105.5,200,15950,2437650
NIFTY20OCT2217400CE.NFO,14/10/2022,09:22:39,105.4,105.2,100,105.45,650,6750,2437650
NIFTY20OCT2217400CE.NFO,14/10/2022,09:22:40,105.65,105.45,200,105.65,250,10050,2437650
NIFTY20OCT2217400CE.NFO,14/10/2022,09:22:42,105.5,105.25,700,105.45,100,9450,2437650
NIFTY20OCT2217400CE.NFO,14/10/2022,09:22:43,105.75,105.6,100,105.8,550,13550,2437650
NIFTY20OCT2217400CE.NFO,14/10/2022,09:22:44,105.7,105.6,100,105.7,1700,4700,2437650
NIFTY20OCT2217400CE.NFO,14/10/2022,09:22:45,105.75,105.55,50,105.7,150,3800,2437650
NIFTY20OCT2217400CE.NFO,14/10/2022,09:22:46,105.5,105.25,250,105.4,50,11700,2437650
NIFTY20OCT2217400CE.NFO,14/10/2022,09:22:47,105,105.05,50,105.2,950,13000,2437650
NIFTY20OCT2217400CE.NFO,14/10/2022,09:22:48,105.35,105.15,50,105.35,300,6300,2437650
NIFTY20OCT2217400CE.NFO,14/10/2022,09:22:49,104.65,104.45,300,104.65,100,6700,2437650
NIFTY20OCT2217400CE.NFO,14/10/2022,09:22:50,103.75,103.7,150,103.8,50,15600,2437650
NIFTY20OCT2217400CE.NFO,14/10/2022,09:22:51,103.5,103.55,300,103.65,250,12350,2437650
NIFTY20OCT2217400CE.NFO,14/10/2022,09:22:52,104.2,104,100,104.15,50,4250,2437650
NIFTY20OCT2217400CE.NFO,14/10/2022,09:22:53,103.95,103.95,400,104.15,100,7150,2437650
NIFTY20OCT2217400CE.NFO,14/10/2022,09:22:55,103.8,103.65,100,103.9,850,1800,2437650
NIFTY20OCT2217400CE.NFO,14/10/2022,09:22:56,104.05,103.8,100,104,250,5100,2437650
NIFTY20OCT2217400CE.NFO,14/10/2022,09:22:56,103.75,103.85,50,104,200,1150,2437650
NIFTY20OCT2217400CE.NFO,14/10/2022,09:22:57,103.65,103.65,750,103.85,50,6150,2437650
NIFTY20OCT2217400CE.NFO,14/10/2022,09:22:58,103.6,103.55,350,103.75,100,3500,2437650
NIFTY20OCT2217400CE.NFO,14/10/2022,09:22:59,103.85,103.7,200,103.85,1250,9000,2437650
NIFTY20OCT2217400CE.NFO,14/10/2022,09:23:01,103.6,103.45,50,103.6,50,10800,2437650
NIFTY20OCT2217400CE.NFO,14/10/2022,09:23:02,103.4,103.15,100,103.25,50,12000,2437650
NIFTY20OCT2217400CE.NFO,14/10/2022,09:23:03,103.65,103.6,100,103.8,1000,7600,2437650
NIFTY20OCT2217400CE.NFO,14/10/2022,09:23:03,103.65,103.25,100,103.45,300,1300,2437650
NIFTY20OCT2217400CE.NFO,14/10/2022,09:23:04,102.8,102.8,100,103,150,10900,2437650
NIFTY20OCT2217400CE.NFO,14/10/2022,09:23:06,103.4,103.15,100,103.4,300,7100,2437650
NIFTY20OCT2217400CE.NFO,14/10/2022,09:23:07,102.45,102.35,50,102.45,100,4500,2437650
NIFTY20OCT2217400CE.NFO,14/10/2022,09:23:08,102.35,102.15,150,102.25,50,8850,2437650
NIFTY20OCT2217400CE.NFO,14/10/2022,09:23:09,102,101.9,950,102.05,50,5450,2437650
NIFTY20OCT2217400CE.NFO,14/10/2022,09:23:10,102.5,102.55,250,102.7,50,8000,2437650
NIFTY20OCT2217400CE.NFO,14/10/2022,09:23:11,102.15,102.1,100,102.25,50,5050,2437650
NIFTY20OCT2217400CE.NFO,14/10/2022,09:23:11,102.2,101.95,200,102.15,150,500,2437650
NIFTY20OCT2217400CE.NFO,14/10/2022,09:23:12,102.4,102.25,100,102.4,150,6500,2437650
NIFTY20OCT2217400CE.NFO,14/10/2022,09:23:13,102.2,102,700,102.25,300,2150,2437650
NIFTY20OCT2217400CE.NFO,14/10/2022,09:23:14,101.85,101.85,100,102.05,200,5350,2437650
NIFTY20OCT2217400CE.NFO,14/10/2022,09:23:15,101.9,101.85,150,102,400,1900,2437650
NIFTY20OCT2217400CE.NFO,14/10/2022,09:23:17,101.95,101.8,600,102,350,7450,2437650
NIFTY20OCT2217400CE.NFO,14/10/2022,09:23:18,101.7,101.65,900,101.75,100,13250,2650700
NIFTY20OCT2217400CE.NFO,14/10/2022,09:23:18,102.05,101.95,50,102.1,150,1550,2650700
NIFTY20OCT2217400CE.NFO,14/10/2022,09:23:19,102.3,102.3,100,102.4,150,4800,2650700
NIFTY20OCT2217400CE.NFO,14/10/2022,09:23:20,102.75,102.7,1700,102.9,100,9700,2650700
NIFTY20OCT2217400CE.NFO,14/10/2022,09:23:22,102.8,102.65,50,102.8,250,13750,2650700
NIFTY20OCT2217400CE.NFO,14/10/2022,09:23:23,103.4,103.35,750,103.55,100,4000,2650700
NIFTY20OCT2217400CE.NFO,14/10/2022,09:23:24,103,102.9,50,103.05,200,4450,2650700
NIFTY20OCT2217400CE.NFO,14/10/2022,09:23:25,102.55,102.5,100,102.65,100,3100,2650700
NIFTY20OCT2217400CE.NFO,14/10/2022,09:23:26,102.7,102.45,50,102.65,100,8600,2650700
NIFTY20OCT2217400CE.NFO,14/10/2022,09:23:27,102.25,102.15,200,102.25,50,2850,2650700
NIFTY20OCT2217400CE.NFO,14/10/2022,09:23:28,101.75,101.8,100,102,850,9300,2650700
NIFTY20OCT2217400CE.NFO,14/10/2022,09:23:30,101.95,101.75,50,101.9,150,7100,2650700
NIFTY20OCT2217400CE.NFO,14/10/2022,09:23:31,101.75,101.7,100,101.75,100,7300,2650700
NIFTY20OCT2217400CE.NFO,14/10/2022,09:23:31,101.45,101.7,100,101.75,100,0,2650700
NIFTY20OCT2217400CE.NFO,14/10/2022,09:23:31,101.85,101.75,50,101.9,50,1400,2650700
NIFTY20OCT2217400CE.NFO,14/10/2022,09:23:32,101.95,101.9,50,101.95,1150,4000,2650700
NIFTY20OCT2217400CE.NFO,14/10/2022,09:23:33,102.8,102.85,100,103.05,300,19750,2650700
NIFTY20OCT2217400CE.NFO,14/10/2022,09:23:35,102.35,102.35,200,102.55,50,12000,2650700
NIFTY20OCT2217400CE.NFO,14/10/2022,09:23:36,102.2,102,850,102.15,300,11850,2650700
NIFTY20OCT2217400CE.NFO,14/10/2022,09:23:36,102.15,102.2,100,102.35,50,450,2650700
NIFTY20OCT2217400CE.NFO,14/10/2022,09:23:37,102.55,102.35,50,102.45,50,1700,2650700
NIFTY20OCT2217400CE.NFO,14/10/2022,09:23:38,102.2,102.1,200,102.15,50,8300,2650700
NIFTY20OCT2217400CE.NFO,14/10/2022,09:23:40,101.75,101.65,350,101.75,150,7050,2650700
NIFTY20OCT2217400CE.NFO,14/10/2022,09:23:41,101.75,101.65,50,101.8,100,4250,2650700
NIFTY20OCT2217400CE.NFO,14/10/2022,09:23:41,101.9,101.65,250,101.85,100,10900,2650700
NIFTY20OCT2217400CE.NFO,14/10/2022,09:23:43,101.85,101.85,100,102,50,5650,2650700
NIFTY20OCT2217400CE.NFO,14/10/2022,09:23:43,101.3,101.85,100,102,50,0,2650700
NIFTY20OCT2217400CE.NFO,14/10/2022,09:23:44,101.55,101.55,100,101.7,50,7400,2650700
NIFTY20OCT2217400CE.NFO,14/10/2022,09:23:44,101.2,101.55,100,101.7,50,0,2650700
NIFTY20OCT2217400CE.NFO,14/10/2022,09:23:45,101.8,101.6,150,101.8,100,3450,2650700
NIFTY20OCT2217400CE.NFO,14/10/2022,09:23:45,101.85,101.9,450,102.1,100,1600,2650700
NIFTY20OCT2217400CE.NFO,14/10/2022,09:23:46,102.15,102.1,200,102.2,50,3100,2650700
NIFTY20OCT2217400CE.NFO,14/10/2022,09:23:47,101.9,101.85,1050,102,50,6050,2650700
NIFTY20OCT2217400CE.NFO,14/10/2022,09:23:49,100.85,100.8,350,101,50,17050,2650700
NIFTY20OCT2217400CE.NFO,14/10/2022,09:23:49,100.75,100.8,350,101,50,0,2650700
NIFTY20OCT2217400CE.NFO,14/10/2022,09:23:50,100.7,100.55,50,100.65,50,7700,2650700
NIFTY20OCT2217400CE.NFO,14/10/2022,09:23:50,100.35,100.55,50,100.65,50,0,2650700
NIFTY20OCT2217400CE.NFO,14/10/2022,09:23:51,100.9,100.95,50,101.1,50,7200,2650700
NIFTY20OCT2217400CE.NFO,14/10/2022,09:23:52,100.45,100.5,50,100.7,250,7250,2650700
NIFTY20OCT2217400CE.NFO,14/10/2022,09:23:52,100.5,100.45,50,100.6,250,2200,2650700
NIFTY20OCT2217400CE.NFO,14/10/2022,09:23:53,100.6,100.5,50,100.65,100,3650,2650700
NIFTY20OCT2217400CE.NFO,14/10/2022,09:23:53,100.3,100.5,50,100.65,100,0,2650700
NIFTY20OCT2217400CE.NFO,14/10/2022,09:23:54,100,100,20400,100.05,600,26850,2650700
NIFTY20OCT2217400CE.NFO,14/10/2022,09:23:54,100,100,20400,100.05,600,0,2650700
NIFTY20OCT2217400CE.NFO,14/10/2022,09:23:55,99.6,99.5,50,99.6,350,24300,2650700
NIFTY20OCT2217400CE.NFO,14/10/2022,09:23:55,99.45,99.5,50,99.6,350,0,2650700
NIFTY20OCT2217400CE.NFO,14/10/2022,09:23:57,99.4,99.2,50,99.4,200,9700,2650700
NIFTY20OCT2217400CE.NFO,14/10/2022,09:23:57,99.15,99.2,50,99.4,200,0,2650700
NIFTY20OCT2217400CE.NFO,14/10/2022,09:23:58,99.05,99.05,100,99.2,250,7950,2650700
NIFTY20OCT2217400CE.NFO,14/10/2022,09:23:58,99,99.05,100,99.2,250,0,2650700
NIFTY20OCT2217400CE.NFO,14/10/2022,09:23:59,98.9,98.9,200,99.15,200,8950,2650700
NIFTY20OCT2217400CE.NFO,14/10/2022,09:23:59,98.85,98.9,200,99.15,200,0,2650700
NIFTY20OCT2217400CE.NFO,14/10/2022,09:24:00,98.75,98.65,50,98.8,150,7550,2650700
NIFTY20OCT2217400CE.NFO,14/10/2022,09:24:00,98.6,98.65,50,98.8,150,0,2650700
NIFTY20OCT2217400CE.NFO,14/10/2022,09:24:00,98.45,98.65,50,98.75,50,1450,2650700
NIFTY20OCT2217400CE.NFO,14/10/2022,09:24:00,98.45,98.65,50,98.75,50,0,2650700
NIFTY20OCT2217400CE.NFO,14/10/2022,09:24:01,99.05,99.05,50,99.2,200,8600,2650700
NIFTY20OCT2217400CE.NFO,14/10/2022,09:24:02,98.95,99.05,50,99.15,100,3050,2650700
NIFTY20OCT2217400CE.NFO,14/10/2022,09:24:03,99.6,99.45,150,99.65,50,13000,2650700
NIFTY20OCT2217400CE.NFO,14/10/2022,09:24:04,100.2,100.1,100,100.2,50,16950,2650700
NIFTY20OCT2217400CE.NFO,14/10/2022,09:24:06,101.4,101.2,100,101.4,50,8900,2650700
NIFTY20OCT2217400CE.NFO,14/10/2022,09:24:07,101.1,100.9,50,101.1,200,7450,2650700
NIFTY20OCT2217400CE.NFO,14/10/2022,09:24:08,101.3,101.25,50,101.45,50,6050,2650700
NIFTY20OCT2217400CE.NFO,14/10/2022,09:24:09,101.85,101.8,100,102.05,350,10050,2650700
NIFTY20OCT2217400CE.NFO,14/10/2022,09:24:09,101.55,101.45,250,101.65,50,2000,2650700
NIFTY20OCT2217400CE.NFO,14/10/2022,09:24:10,102.25,102.2,200,102.4,650,8900,2650700
NIFTY20OCT2217400CE.NFO,14/10/2022,09:24:12,103.35,103.1,100,103.3,50,10100,2650700
NIFTY20OCT2217400CE.NFO,14/10/2022,09:24:13,103.1,102.8,100,103,100,4150,2650700
NIFTY20OCT2217400CE.NFO,14/10/2022,09:24:14,102.8,102.75,100,103,150,7500,2650700
NIFTY20OCT2217400CE.NFO,14/10/2022,09:24:15,103.8,103.8,100,104,100,16750,2650700
NIFTY20OCT2217400CE.NFO,14/10/2022,09:24:16,103.9,103.85,100,104.05,50,6750,2650700
NIFTY20OCT2217400CE.NFO,14/10/2022,09:24:17,104.9,104.8,150,104.95,50,9400,2650700
NIFTY20OCT2217400CE.NFO,14/10/2022,09:24:19,104.85,104.65,100,104.85,100,12400,2650700
NIFTY20OCT2217400CE.NFO,14/10/2022,09:24:19,105,104.95,100,105,800,9000,2650700
NIFTY20OCT2217400CE.NFO,14/10/2022,09:24:21,104.65,104.4,50,104.55,50,14900,2650700
NIFTY20OCT2217400CE.NFO,14/10/2022,09:24:22,104.05,104,350,104.05,50,8300,2650700
NIFTY20OCT2217400CE.NFO,14/10/2022,09:24:23,103.55,103.35,200,103.55,450,10650,2650700
NIFTY20OCT2217400CE.NFO,14/10/2022,09:24:24,103.2,103.05,50,103.2,200,10800,2650700
NIFTY20OCT2217400CE.NFO,14/10/2022,09:24:24,103.75,103.7,50,103.75,50,2350,2650700
NIFTY20OCT2217400CE.NFO,14/10/2022,09:24:25,103.1,103,150,103.2,200,8050,2650700
NIFTY20OCT2217400CE.NFO,14/10/2022,09:24:27,103.25,103.25,600,103.45,50,4800,2650700
NIFTY20OCT2217400CE.NFO,14/10/2022,09:24:28,104.35,104.3,100,104.5,100,3100,2650700
NIFTY20OCT2217400CE.NFO,14/10/2022,09:24:29,103.35,103.25,400,103.35,50,1300,2650700
NIFTY20OCT2217400CE.NFO,14/10/2022,09:24:30,102.35,102.3,50,102.4,400,10200,2650700
NIFTY20OCT2217400CE.NFO,14/10/2022,09:24:31,102.65,102.45,50,102.6,150,2650,2650700
NIFTY20OCT2217400CE.NFO,14/10/2022,09:24:31,102.2,102.15,250,102.35,50,1000,2650700
NIFTY20OCT2217400CE.NFO,14/10/2022,09:24:32,102.6,102.5,100,102.7,1250,4600,2650700
NIFTY20OCT2217400CE.NFO,14/10/2022,09:24:33,102.75,102.7,250,102.95,200,3400,2650700
NIFTY20OCT2217400CE.NFO,14/10/2022,09:24:34,102.7,102.5,200,102.75,1100,5450,2650700
NIFTY20OCT2217400CE.NFO,14/10/2022,09:24:35,103.2,103.1,50,103.25,50,3800,2650700
NIFTY20OCT2217400CE.NFO,14/10/2022,09:24:37,104.05,104.15,150,104.3,50,7400,2650700
NIFTY20OCT2217400CE.NFO,14/10/2022,09:24:38,103.7,103.5,100,103.7,100,3100,2650700
NIFTY20OCT2217400CE.NFO,14/10/2022,09:24:39,103.95,103.75,100,103.95,400,3900,2650700
NIFTY20OCT2217400CE.NFO,14/10/2022,09:24:40,103.7,103.45,100,103.6,200,2650,2650700
NIFTY20OCT2217400CE.NFO,14/10/2022,09:24:40,103.3,103.25,450,103.3,300,6100,2650700
NIFTY20OCT2217400CE.NFO,14/10/2022,09:24:41,102.65,102.6,200,102.8,250,10050,2650700
NIFTY20OCT2217400CE.NFO,14/10/2022,09:24:42,102.75,102.4,100,102.6,650,800,2650700
NIFTY20OCT2217400CE.NFO,14/10/2022,09:24:43,102.45,102.25,100,102.4,300,6550,2650700
NIFTY20OCT2217400CE.NFO,14/10/2022,09:24:45,102.3,102.1,100,102.3,100,8550,2650700
NIFTY20OCT2217400CE.NFO,14/10/2022,09:24:46,102.15,102.05,50,102.2,50,1200,2650700
NIFTY20OCT2217400CE.NFO,14/10/2022,09:24:47,102.1,101.95,50,102.15,100,5750,2650700
NIFTY20OCT2217400CE.NFO,14/10/2022,09:24:47,102,102,100,102.15,1250,350,2650700
NIFTY20OCT2217400CE.NFO,14/10/2022,09:24:48,102.45,102.35,150,102.55,50,5500,2650700
NIFTY20OCT2217400CE.NFO,14/10/2022,09:24:49,102.7,102.5,50,102.7,150,1200,2650700
NIFTY20OCT2217400CE.NFO,14/10/2022,09:24:50,102.4,102.25,650,102.45,200,2800,2650700
NIFTY20OCT2217400CE.NFO,14/10/2022,09:24:51,102,101.85,50,102,350,3400,2650700
NIFTY20OCT2217400CE.NFO,14/10/2022,09:24:53,101.4,101.4,550,101.45,50,3150,2650700
NIFTY20OCT2217400CE.NFO,14/10/2022,09:24:54,100.4,100.4,100,100.55,150,53250,2650700
NIFTY20OCT2217400CE.NFO,14/10/2022,09:24:55,100.3,100.15,50,100.3,250,1150,2650700
NIFTY20OCT2217400CE.NFO,14/10/2022,09:24:57,101.05,101,450,101.2,150,5350,2650700
NIFTY20OCT2217400CE.NFO,14/10/2022,09:24:58,100.55,100.25,150,100.3,50,3450,2650700
NIFTY20OCT2217400CE.NFO,14/10/2022,09:24:59,100.4,100.35,50,100.5,700,5350,2650700
NIFTY20OCT2217400CE.NFO,14/10/2022,09:25:00,100,100.05,100,100.25,50,6550,2650700
NIFTY20OCT2217400CE.NFO,14/10/2022,09:25:02,100.3,100.25,250,100.45,50,2650,2650700
NIFTY20OCT2217400CE.NFO,14/10/2022,09:25:03,100.7,100.65,200,100.8,200,6050,2650700
NIFTY20OCT2217400CE.NFO,14/10/2022,09:25:04,100.55,100.4,100,100.6,800,4850,2650700
NIFTY20OCT2217400CE.NFO,14/10/2022,09:25:05,99.75,99.7,100,99.85,150,7200,2650700
NIFTY20OCT2217400CE.NFO,14/10/2022,09:25:06,99.95,99.95,50,100.1,50,2900,2650700
NIFTY20OCT2217400CE.NFO,14/10/2022,09:25:07,101.35,101.45,200,101.65,500,8850,2650700
NIFTY20OCT2217400CE.NFO,14/10/2022,09:25:08,100.9,100.8,200,100.95,50,5750,2650700
NIFTY20OCT2217400CE.NFO,14/10/2022,09:25:09,100.3,100.1,100,100.25,200,5100,2650700
NIFTY20OCT2217400CE.NFO,14/10/2022,09:25:10,100.7,100.65,100,100.75,100,6900,2650700
NIFTY20OCT2217400CE.NFO,14/10/2022,09:25:11,101.05,100.85,200,101.05,100,5900,2650700
NIFTY20OCT2217400CE.NFO,14/10/2022,09:25:13,100.75,100.75,250,100.9,200,6300,2650700
NIFTY20OCT2217400CE.NFO,14/10/2022,09:25:14,100.8,100.7,50,100.8,50,3850,2650700
NIFTY20OCT2217400CE.NFO,14/10/2022,09:25:15,100.6,100.6,300,100.75,50,19800,2650700
NIFTY20OCT2217400CE.NFO,14/10/2022,09:25:16,100.05,100.05,1200,100.25,150,32400,2650700
NIFTY20OCT2217400CE.NFO,14/10/2022,09:25:17,99.6,99.5,300,99.6,50,12750,2650700
NIFTY20OCT2217400CE.NFO,14/10/2022,09:25:19,100.35,100.1,50,100.25,200,3050,2650700
NIFTY20OCT2217400CE.NFO,14/10/2022,09:25:20,100.05,99.8,50,99.95,100,2100,2650700
NIFTY20OCT2217400CE.NFO,14/10/2022,09:25:21,100.1,99.95,100,100.15,750,3500,2650700
NIFTY20OCT2217400CE.NFO,14/10/2022,09:25:22,99.95,99.95,250,100.1,50,1550,2650700
NIFTY20OCT2217400CE.NFO,14/10/2022,09:25:23,100.15,100,150,100.2,50,7550,2650700
NIFTY20OCT2217400CE.NFO,14/10/2022,09:25:23,100.25,100,100,100.15,1850,200,2650700
NIFTY20OCT2217400CE.NFO,14/10/2022,09:25:24,100.05,99.95,100,100.05,100,3450,2650700
NIFTY20OCT2217400CE.NFO,14/10/2022,09:25:25,100.05,100,1500,100.25,350,3350,2650700
NIFTY20OCT2217400CE.NFO,14/10/2022,09:25:26,100.2,100.1,100,100.2,50,5500,2650700
NIFTY20OCT2217400CE.NFO,14/10/2022,09:25:28,99.55,99.65,150,99.7,50,5350,2650700
NIFTY20OCT2217400CE.NFO,14/10/2022,09:25:29,99.5,99.35,50,99.55,300,3100,2650700
NIFTY20OCT2217400CE.NFO,14/10/2022,09:25:30,99.55,99.5,150,99.65,50,1650,2650700
NIFTY20OCT2217400CE.NFO,14/10/2022,09:25:31,99.6,99.6,50,99.8,200,2100,2650700
NIFTY20OCT2217400CE.NFO,14/10/2022,09:25:31,99.95,99.85,100,99.95,50,3600,2650700
NIFTY20OCT2217400CE.NFO,14/10/2022,09:25:33,100.55,100.5,350,100.7,150,14950,2650700
NIFTY20OCT2217400CE.NFO,14/10/2022,09:25:34,101.15,101.15,50,101.2,50,11050,2650700
NIFTY20OCT2217400CE.NFO,14/10/2022,09:25:35,101.45,101.3,50,101.45,50,2450,2650700
NIFTY20OCT2217400CE.NFO,14/10/2022,09:25:35,101.6,101.35,50,101.45,50,6150,2650700
NIFTY20OCT2217400CE.NFO,14/10/2022,09:25:36,101.85,101.8,200,101.9,100,3100,2650700
NIFTY20OCT2217400CE.NFO,14/10/2022,09:25:38,102.35,102.45,200,102.6,50,11050,2650700
NIFTY20OCT2217400CE.NFO,14/10/2022,09:25:39,102.75,102.55,200,102.7,150,5300,2650700
NIFTY20OCT2217400CE.NFO,14/10/2022,09:25:40,103.05,103.05,50,103.25,100,14350,2650700
NIFTY20OCT2217400CE.NFO,14/10/2022,09:25:40,103.45,103.05,50,103.25,100,4400,2650700
NIFTY20OCT2217400CE.NFO,14/10/2022,09:25:41,102.4,102.45,50,102.5,50,7850,2650700
NIFTY20OCT2217400CE.NFO,14/10/2022,09:25:42,103.15,103,250,103.15,1300,5700,2650700
NIFTY20OCT2217400CE.NFO,14/10/2022,09:25:44,102.45,102.3,100,102.5,300,9700,2650700
NIFTY20OCT2217400CE.NFO,14/10/2022,09:25:45,102.35,102.2,50,102.4,450,7050,2650700
NIFTY20OCT2217400CE.NFO,14/10/2022,09:25:46,101.8,101.6,100,101.8,100,19550,2650700
NIFTY20OCT2217400CE.NFO,14/10/2022,09:25:47,102.1,102,100,102.15,100,9450,2650700
NIFTY20OCT2217400CE.NFO,14/10/2022,09:25:48,102.1,102.15,150,102.35,300,5100,2650700
NIFTY20OCT2217400CE.NFO,14/10/2022,09:25:49,103.15,103,100,103.15,100,5900,2650700
NIFTY20OCT2217400CE.NFO,14/10/2022,09:25:49,103.05,103,400,103.15,50,550,2650700
NIFTY20OCT2217400CE.NFO,14/10/2022,09:25:50,103.5,103.55,100,103.65,50,8250,2650700
NIFTY20OCT2217400CE.NFO,14/10/2022,09:25:52,103.85,103.65,100,103.85,350,7500,2650700
NIFTY20OCT2217400CE.NFO,14/10/2022,09:25:53,104.05,103.95,50,104.15,650,7650,2650700
NIFTY20OCT2217400CE.NFO,14/10/2022,09:25:54,104.5,104.15,50,104.35,300,14000,2650700
NIFTY20OCT2217400CE.NFO,14/10/2022,09:25:54,104.55,104.25,50,104.5,250,2250,2650700
NIFTY20OCT2217400CE.NFO,14/10/2022,09:25:55,104,104,250,104.1,150,4500,2650700
NIFTY20OCT2217400CE.NFO,14/10/2022,09:25:56,104.05,103.8,200,104,900,1900,2650700
NIFTY20OCT2217400CE.NFO,14/10/2022,09:25:58,104,104,200,104.2,100,5350,2650700
NIFTY20OCT2217400CE.NFO,14/10/2022,09:25:59,103.5,103.5,500,103.6,200,3750,2650700
NIFTY20OCT2217400CE.NFO,14/10/2022,09:26:00,103.85,103.65,150,103.75,50,3800,2650700
NIFTY20OCT2217400CE.NFO,14/10/2022,09:26:01,104.2,104.25,300,104.3,50,7050,2650700
NIFTY20OCT2217400CE.NFO,14/10/2022,09:26:02,104.55,104.4,100,104.6,50,5350,2650700
NIFTY20OCT2217400CE.NFO,14/10/2022,09:26:03,104.4,104.15,50,104.35,50,3400,2650700
NIFTY20OCT2217400CE.NFO,14/10/2022,09:26:04,103.55,103.5,100,103.6,50,3450,2650700
NIFTY20OCT2217400CE.NFO,14/10/2022,09:26:05,103.9,103.6,50,103.8,450,5650,2650700
NIFTY20OCT2217400CE.NFO,14/10/2022,09:26:07,102.95,102.85,50,102.95,50,8950,2650700
NIFTY20OCT2217400CE.NFO,14/10/2022,09:26:08,103.4,103.25,50,103.3,50,3300,2650700
NIFTY20OCT2217400CE.NFO,14/10/2022,09:26:09,103.6,103.55,200,103.75,100,2550,2650700
NIFTY20OCT2217400CE.NFO,14/10/2022,09:26:10,103.2,103.15,50,103.2,150,5100,2650700
NIFTY20OCT2217400CE.NFO,14/10/2022,09:26:11,104.3,104.25,100,104.35,50,8250,2650700
NIFTY20OCT2217400CE.NFO,14/10/2022,09:26:11,104.5,104.4,250,104.55,50,3300,2650700
NIFTY20OCT2217400CE.NFO,14/10/2022,09:26:12,104.05,103.95,100,104.05,50,2050,2650700
NIFTY20OCT2217400CE.NFO,14/10/2022,09:26:13,103.8,103.85,150,104,50,3900,2650700
NIFTY20OCT2217400CE.NFO,14/10/2022,09:26:15,103.7,103.7,100,103.9,700,5150,2650700
NIFTY20OCT2217400CE.NFO,14/10/2022,09:26:16,103.6,103.4,50,103.55,100,2400,2650700
NIFTY20OCT2217400CE.NFO,14/10/2022,09:26:17,104,104.1,200,104.3,100,3600,2650700
NIFTY20OCT2217400CE.NFO,14/10/2022,09:26:18,104,103.9,300,104.1,100,7100,2650700
NIFTY20OCT2217400CE.NFO,14/10/2022,09:26:19,103.45,103.4,50,103.55,100,900,2843900
NIFTY20OCT2217400CE.NFO,14/10/2022,09:26:19,103.65,103.35,300,103.5,300,150,2843900
NIFTY20OCT2217400CE.NFO,14/10/2022,09:26:20,103.55,103.3,50,103.45,200,3800,2843900
NIFTY20OCT2217400CE.NFO,14/10/2022,09:26:21,102.75,102.6,200,102.8,50,9700,2843900
NIFTY20OCT2217400CE.NFO,14/10/2022,09:26:22,103,102.7,50,102.9,200,2750,2843900
NIFTY20OCT2217400CE.NFO,14/10/2022,09:26:24,103.1,103.05,50,103.25,350,2450,2843900
NIFTY20OCT2217400CE.NFO,14/10/2022,09:26:25,103.75,103.75,100,103.85,50,4050,2843900
NIFTY20OCT2217400CE.NFO,14/10/2022,09:26:26,104,103.85,700,103.95,50,5000,2843900
NIFTY20OCT2217400CE.NFO,14/10/2022,09:26:27,103.9,103.7,100,103.85,50,4900,2843900
NIFTY20OCT2217400CE.NFO,14/10/2022,09:26:27,103.85,103.65,700,103.85,50,250,2843900
NIFTY20OCT2217400CE.NFO,14/10/2022,09:26:28,103.55,103.55,50,103.6,100,2450,2843900
NIFTY20OCT2217400CE.NFO,14/10/2022,09:26:29,103.5,103.5,400,103.55,50,1300,2843900
NIFTY20OCT2217400CE.NFO,14/10/2022,09:26:31,103.4,103.25,700,103.45,100,1550,2843900
NIFTY20OCT2217400CE.NFO,14/10/2022,09:26:32,103.75,103.6,1800,103.75,50,2500,2843900
NIFTY20OCT2217400CE.NFO,14/10/2022,09:26:33,103.9,103.8,200,104,3950,3250,2843900
NIFTY20OCT2217400CE.NFO,14/10/2022,09:26:33,103.9,103.65,300,103.9,750,600,2843900
NIFTY20OCT2217400CE.NFO,14/10/2022,09:26:34,103.55,103.55,50,103.7,50,5600,2843900
NIFTY20OCT2217400CE.NFO,14/10/2022,09:26:35,103.75,103.85,200,104,1250,2850,2843900
NIFTY20OCT2217400CE.NFO,14/10/2022,09:26:36,103.8,103.8,50,103.9,100,1800,2843900
NIFTY20OCT2217400CE.NFO,14/10/2022,09:26:37,103.8,103.65,450,103.8,50,1750,2843900
NIFTY20OCT2217400CE.NFO,14/10/2022,09:26:39,103.55,103.6,600,103.7,50,4050,2843900
NIFTY20OCT2217400CE.NFO,14/10/2022,09:26:40,103.7,103.7,50,103.85,100,13800,2843900
NIFTY20OCT2217400CE.NFO,14/10/2022,09:26:41,104.15,104,50,104.1,50,4300,2843900
NIFTY20OCT2217400CE.NFO,14/10/2022,09:26:41,104,103.95,150,104.15,250,2700,2843900
NIFTY20OCT2217400CE.NFO,14/10/2022,09:26:42,104,103.85,50,104,100,5500,2843900
NIFTY20OCT2217400CE.NFO,14/10/2022,09:26:43,104.15,104.05,250,104.15,50,2250,2843900
NIFTY20OCT2217400CE.NFO,14/10/2022,09:26:45,104.3,104.4,250,104.5,50,11700,2843900
NIFTY20OCT2217400CE.NFO,14/10/2022,09:26:46,104.2,104.2,200,104.3,150,3700,2843900
NIFTY20OCT2217400CE.NFO,14/10/2022,09:26:47,104.15,103.9,250,104.05,50,3650,2843900
NIFTY20OCT2217400CE.NFO,14/10/2022,09:26:47,104,104,100,104.1,50,300,2843900
NIFTY20OCT2217400CE.NFO,14/10/2022,09:26:48,104.55,104.45,200,104.55,50,4650,2843900
NIFTY20OCT2217400CE.NFO,14/10/2022,09:26:49,104.45,104.45,250,104.65,250,4500,2843900
NIFTY20OCT2217400CE.NFO,14/10/2022,09:26:50,104.75,104.7,150,104.85,250,7500,2843900
NIFTY20OCT2217400CE.NFO,14/10/2022,09:26:52,104.7,104.45,1050,104.6,550,7100,2843900
NIFTY20OCT2217400CE.NFO,14/10/2022,09:26:53,104.1,103.95,200,104.1,50,9100,2843900
NIFTY20OCT2217400CE.NFO,14/10/2022,09:26:54,103.95,103.75,150,103.9,250,2550,2843900
NIFTY20OCT2217400CE.NFO,14/10/2022,09:26:55,103.6,103.7,100,103.9,100,9150,2843900
NIFTY20OCT2217400CE.NFO,14/10/2022,09:26:56,104.05,104.05,150,104.25,100,4700,2843900
NIFTY20OCT2217400CE.NFO,14/10/2022,09:26:56,104.2,104.15,350,104.35,50,700,2843900
NIFTY20OCT2217400CE.NFO,14/10/2022,09:26:57,104.05,104.05,250,104.25,250,2050,2843900
NIFTY20OCT2217400CE.NFO,14/10/2022,09:26:59,104.3,104.3,450,104.45,400,2800,2843900
NIFTY20OCT2217400CE.NFO,14/10/2022,09:27:00,104.45,104.4,50,104.5,50,2050,2843900
NIFTY20OCT2217400CE.NFO,14/10/2022,09:27:00,103.9,104,50,104.15,100,3150,2843900
NIFTY20OCT2217400CE.NFO,14/10/2022,09:27:01,104.05,103.9,50,104.05,50,6000,2843900
NIFTY20OCT2217400CE.NFO,14/10/2022,09:27:02,104.4,104.2,300,104.4,150,5950,2843900
NIFTY20OCT2217400CE.NFO,14/10/2022,09:27:03,103.85,103.7,50,103.85,50,5750,2843900
NIFTY20OCT2217400CE.NFO,14/10/2022,09:27:05,103.3,103.2,100,103.35,50,1950,2843900
NIFTY20OCT2217400CE.NFO,14/10/2022,09:27:06,102.65,102.6,100,102.8,200,14800,2843900
NIFTY20OCT2217400CE.NFO,14/10/2022,09:27:07,102.9,102.7,100,102.9,200,4600,2843900
NIFTY20OCT2217400CE.NFO,14/10/2022,09:27:08,103.85,103.85,50,104.05,50,10750,2843900
NIFTY20OCT2217400CE.NFO,14/10/2022,09:27:08,103.95,103.95,100,104.15,100,150,2843900
NIFTY20OCT2217400CE.NFO,14/10/2022,09:27:09,104.6,104.55,400,104.65,50,4150,2843900
NIFTY20OCT2217400CE.NFO,14/10/2022,09:27:10,104.8,104.65,100,104.8,100,3300,2843900
NIFTY20OCT2217400CE.NFO,14/10/2022,09:27:12,103.8,103.85,100,104,150,5200,2843900
NIFTY20OCT2217400CE.NFO,14/10/2022,09:27:13,103.75,103.7,150,103.85,100,1500,2843900
NIFTY20OCT2217400CE.NFO,14/10/2022,09:27:14,103,102.9,100,103,50,4950,2843900
NIFTY20OCT2217400CE.NFO,14/10/2022,09:27:15,102.05,102,50,102.05,200,11100,2843900
NIFTY20OCT2217400CE.NFO,14/10/2022,09:27:16,102.9,102.85,200,102.95,50,2450,2843900
NIFTY20OCT2217400CE.NFO,14/10/2022,09:27:17,102.55,102.3,50,102.45,50,4950,2843900
NIFTY20OCT2217400CE.NFO,14/10/2022,09:27:18,103.05,103.1,200,103.3,250,1500,2843900
NIFTY20OCT2217400CE.NFO,14/10/2022,09:27:18,103.5,103,50,103.2,150,650,2843900
NIFTY20OCT2217400CE.NFO,14/10/2022,09:27:20,103.35,103.2,250,103.45,100,3950,2843900
NIFTY20OCT2217400CE.NFO,14/10/2022,09:27:21,103.45,103.3,100,103.5,200,1700,2843900
NIFTY20OCT2217400CE.NFO,14/10/2022,09:27:22,103.05,103,200,103.2,100,1450,2843900
NIFTY20OCT2217400CE.NFO,14/10/2022,09:27:23,102.7,102.75,150,102.95,150,650,2843900
NIFTY20OCT2217400CE.NFO,14/10/2022,09:27:23,102.9,102.7,100,102.9,150,2100,2843900
NIFTY20OCT2217400CE.NFO,14/10/2022,09:27:24,102.6,102.6,350,102.8,100,1200,2843900
NIFTY20OCT2217400CE.NFO,14/10/2022,09:27:25,102.3,102.3,150,102.5,50,3300,2843900
NIFTY20OCT2217400CE.NFO,14/10/2022,09:27:27,102.5,102.3,100,102.45,100,3700,2843900
NIFTY20OCT2217400CE.NFO,14/10/2022,09:27:28,102.4,102.2,50,102.4,750,3100,2843900
NIFTY20OCT2217400CE.NFO,14/10/2022,09:27:29,102.15,102,800,102.15,50,2900,2843900
NIFTY20OCT2217400CE.NFO,14/10/2022,09:27:29,102,102,1150,102.15,100,50,2843900
NIFTY20OCT2217400CE.NFO,14/10/2022,09:27:30,102.4,102,250,102.15,150,3600,2843900
NIFTY20OCT2217400CE.NFO,14/10/2022,09:27:31,101.9,101.95,100,102,50,1200,2843900
NIFTY20OCT2217400CE.NFO,14/10/2022,09:27:33,102,101.9,200,102,50,3050,2843900
NIFTY20OCT2217400CE.NFO,14/10/2022,09:27:34,102.3,102.1,100,102.3,750,3900,2843900
NIFTY20OCT2217400CE.NFO,14/10/2022,09:27:35,102.15,102.15,300,102.35,100,650,2843900
NIFTY20OCT2217400CE.NFO,14/10/2022,09:27:36,102.1,102.1,50,102.25,100,2300,2843900
NIFTY20OCT2217400CE.NFO,14/10/2022,09:27:37,102.25,102.1,50,102.2,50,700,2843900
NIFTY20OCT2217400CE.NFO,14/10/2022,09:27:37,101.85,101.8,50,102,1550,2300,2843900
NIFTY20OCT2217400CE.NFO,14/10/2022,09:27:39,102.15,101.85,250,102.05,50,1450,2843900
NIFTY20OCT2217400CE.NFO,14/10/2022,09:27:39,102.45,102.3,150,102.45,50,2400,2843900
NIFTY20OCT2217400CE.NFO,14/10/2022,09:27:40,102.7,102.55,350,102.75,150,1750,2843900
NIFTY20OCT2217400CE.NFO,14/10/2022,09:27:41,102.95,102.95,150,103,2750,1000,2843900
NIFTY20OCT2217400CE.NFO,14/10/2022,09:27:43,103.2,103.2,100,103.3,50,4850,2843900
NIFTY20OCT2217400CE.NFO,14/10/2022,09:27:44,103.5,103.3,250,103.45,150,650,2843900
NIFTY20OCT2217400CE.NFO,14/10/2022,09:27:45,103.15,103.15,100,103.35,100,2500,2843900
NIFTY20OCT2217400CE.NFO,14/10/2022,09:27:46,103.25,103.3,50,103.45,200,2350,2843900
NIFTY20OCT2217400CE.NFO,14/10/2022,09:27:47,103.7,103.9,100,104,50,9300,2843900
NIFTY20OCT2217400CE.NFO,14/10/2022,09:27:47,104.05,104,150,104.15,100,250,2843900
NIFTY20OCT2217400CE.NFO,14/10/2022,09:27:48,103.9,103.7,150,103.85,150,2850,2843900
NIFTY20OCT2217400CE.NFO,14/10/2022,09:27:49,103.95,104.1,150,104.25,650,3800,2843900
NIFTY20OCT2217400CE.NFO,14/10/2022,09:27:51,104.6,104.5,100,104.65,500,5800,2843900
NIFTY20OCT2217400CE.NFO,14/10/2022,09:27:52,104.75,104.55,200,104.75,100,3250,2843900
NIFTY20OCT2217400CE.NFO,14/10/2022,09:27:53,105.1,105.1,100,105.3,400,23500,2843900
NIFTY20OCT2217400CE.NFO,14/10/2022,09:27:54,104.95,104.95,50,105,2200,4200,2843900
NIFTY20OCT2217400CE.NFO,14/10/2022,09:27:54,105,104.95,500,105,1500,950,2843900
NIFTY20OCT2217400CE.NFO,14/10/2022,09:27:56,104.95,104.95,100,105.15,250,4350,2843900
NIFTY20OCT2217400CE.NFO,14/10/2022,09:27:57,104.9,104.9,50,104.95,150,4650,2843900
NIFTY20OCT2217400CE.NFO,14/10/2022,09:27:58,103,103.05,100,103.2,50,10050,2843900
NIFTY20OCT2217400CE.NFO,14/10/2022,09:27:59,103.25,103.3,50,103.45,250,5250,2843900
NIFTY20OCT2217400CE.NFO,14/10/2022,09:28:00,103.3,103.25,50,103.35,50,4100,2843900
NIFTY20OCT2217400CE.NFO,14/10/2022,09:28:01,103.45,103.3,50,103.45,50,1300,2843900
NIFTY20OCT2217400CE.NFO,14/10/2022,09:28:02,103.55,103.45,100,103.55,50,3300,2843900
NIFTY20OCT2217400CE.NFO,14/10/2022,09:28:03,103.25,103.2,100,103.35,200,5050,2843900
NIFTY20OCT2217400CE.NFO,14/10/2022,09:28:04,104,103.75,100,103.9,300,2250,2843900
NIFTY20OCT2217400CE.NFO,14/10/2022,09:28:04,104,103.8,250,103.95,100,500,2843900
NIFTY20OCT2217400CE.NFO,14/10/2022,09:28:06,104.4,104.6,100,104.65,250,2650,2843900
NIFTY20OCT2217400CE.NFO,14/10/2022,09:28:07,105,104.95,50,105,450,7450,2843900
NIFTY20OCT2217400CE.NFO,14/10/2022,09:28:08,104.65,104.7,250,104.9,350,5550,2843900
NIFTY20OCT2217400CE.NFO,14/10/2022,09:28:09,104.65,104.45,150,104.6,200,3950,2843900
NIFTY20OCT2217400CE.NFO,14/10/2022,09:28:10,104.2,104,550,104.15,50,1550,2843900
NIFTY20OCT2217400CE.NFO,14/10/2022,09:28:11,103.8,103.6,200,103.85,400,2350,2843900
NIFTY20OCT2217400CE.NFO,14/10/2022,09:28:12,104.25,104.05,300,104.25,150,3400,2843900
NIFTY20OCT2217400CE.NFO,14/10/2022,09:28:12,104.05,104,650,104.15,150,450,2843900
NIFTY20OCT2217400CE.NFO,14/10/2022,09:28:14,104.65,104.55,50,104.65,100,1800,2843900
NIFTY20OCT2217400CE.NFO,14/10/2022,09:28:15,104.6,104.6,700,104.75,1300,1950,2843900
NIFTY20OCT2217400CE.NFO,14/10/2022,09:28:16,104.5,104.35,250,104.5,50,2000,2843900
NIFTY20OCT2217400CE.NFO,14/10/2022,09:28:17,104.3,104.25,50,104.3,200,3650,2843900
NIFTY20OCT2217400CE.NFO,14/10/2022,09:28:18,104.2,104,250,104.2,200,2250,2843900
NIFTY20OCT2217400CE.NFO,14/10/2022,09:28:19,104.1,104,300,104.15,200,900,2843900
NIFTY20OCT2217400CE.NFO,14/10/2022,09:28:20,103.95,103.95,150,104.1,200,3250,2843900
NIFTY20OCT2217400CE.NFO,14/10/2022,09:28:21,103.9,103.85,350,104.05,150,3650,2843900
NIFTY20OCT2217400CE.NFO,14/10/2022,09:28:22,103.8,103.7,50,103.75,200,2600,2843900
NIFTY20OCT2217400CE.NFO,14/10/2022,09:28:23,103.8,103.65,50,103.85,250,550,2843900
NIFTY20OCT2217400CE.NFO,14/10/2022,09:28:24,103.5,103.25,200,103.45,100,2550,2843900
NIFTY20OCT2217400CE.NFO,14/10/2022,09:28:25,103.45,103.2,50,103.4,50,1350,2843900
NIFTY20OCT2217400CE.NFO,14/10/2022,09:28:26,103.15,103.15,50,103.25,100,3000,2843900
NIFTY20OCT2217400CE.NFO,14/10/2022,09:28:27,102.4,102.35,100,102.5,150,5900,2843900
NIFTY20OCT2217400CE.NFO,14/10/2022,09:28:27,102.4,102.35,100,102.5,200,1850,2843900
NIFTY20OCT2217400CE.NFO,14/10/2022,09:28:29,102.75,102.6,50,102.65,50,1500,2843900
NIFTY20OCT2217400CE.NFO,14/10/2022,09:28:30,102.5,102.5,50,102.65,250,3850,2843900
NIFTY20OCT2217400CE.NFO,14/10/2022,09:28:31,102.8,102.55,800,102.75,100,1750,2843900
NIFTY20OCT2217400CE.NFO,14/10/2022,09:28:31,103,102.9,150,103.1,50,500,2843900
NIFTY20OCT2217400CE.NFO,14/10/2022,09:28:33,103.2,102.95,50,103.1,150,5800,2843900
NIFTY20OCT2217400CE.NFO,14/10/2022,09:28:34,103.25,103.2,250,103.4,300,650,2843900
NIFTY20OCT2217400CE.NFO,14/10/2022,09:28:35,102.95,102.95,100,103.15,150,1700,2843900
NIFTY20OCT2217400CE.NFO,14/10/2022,09:28:35,103,103,3000,103.1,100,500,2843900
NIFTY20OCT2217400CE.NFO,14/10/2022,09:28:37,103.15,103,200,103.2,450,7200,2843900
NIFTY20OCT2217400CE.NFO,14/10/2022,09:28:38,103,103,50,103.1,200,950,2843900
NIFTY20OCT2217400CE.NFO,14/10/2022,09:28:39,102.9,102.9,100,103.1,50,1300,2843900
NIFTY20OCT2217400CE.NFO,14/10/2022,09:28:40,102.75,102.65,50,102.75,150,1150,2843900
NIFTY20OCT2217400CE.NFO,14/10/2022,09:28:41,102.85,102.65,50,102.8,50,2900,2843900
NIFTY20OCT2217400CE.NFO,14/10/2022,09:28:42,103,103.2,150,103.35,100,1450,2843900
NIFTY20OCT2217400CE.NFO,14/10/2022,09:28:43,104,103.95,50,104,3000,2000,2843900
NIFTY20OCT2217400CE.NFO,14/10/2022,09:28:44,103.8,103.75,150,103.8,950,4850,2843900
NIFTY20OCT2217400CE.NFO,14/10/2022,09:28:45,103.5,103.35,150,103.55,150,750,2843900
NIFTY20OCT2217400CE.NFO,14/10/2022,09:28:46,103.7,103.65,50,103.8,900,550,2843900
NIFTY20OCT2217400CE.NFO,14/10/2022,09:28:47,103.25,103.4,50,103.5,50,2250,2843900
NIFTY20OCT2217400CE.NFO,14/10/2022,09:28:47,103.45,103.2,100,103.3,50,250,2843900
NIFTY20OCT2217400CE.NFO,14/10/2022,09:28:48,104,104.15,200,104.35,300,2550,2843900
NIFTY20OCT2217400CE.NFO,14/10/2022,09:28:49,104,103.85,250,104,500,2200,2843900
NIFTY20OCT2217400CE.NFO,14/10/2022,09:28:51,103.85,103.75,50,103.85,50,1900,2843900
NIFTY20OCT2217400CE.NFO,14/10/2022,09:28:52,104.1,103.9,750,104.05,50,4250,2843900
NIFTY20OCT2217400CE.NFO,14/10/2022,09:28:53,104.25,104.05,100,104.25,550,350,2843900
NIFTY20OCT2217400CE.NFO,14/10/2022,09:28:54,103.95,103.8,50,104,400,4000,2843900
NIFTY20OCT2217400CE.NFO,14/10/2022,09:28:54,103.7,103.6,50,103.75,100,850,2843900
NIFTY20OCT2217400CE.NFO,14/10/2022,09:28:56,103.9,103.8,150,103.95,50,5300,2843900
NIFTY20OCT2217400CE.NFO,14/10/2022,09:28:57,104.35,104.15,50,104.35,200,2050,2843900
NIFTY20OCT2217400CE.NFO,14/10/2022,09:28:58,104.15,104,150,104.2,250,2300,2843900
NIFTY20OCT2217400CE.NFO,14/10/2022,09:28:59,104.2,104.15,50,104.35,50,650,2843900
NIFTY20OCT2217400CE.NFO,14/10/2022,09:29:00,104.45,104.3,300,104.45,50,2300,2843900
NIFTY20OCT2217400CE.NFO,14/10/2022,09:29:00,104.05,104.05,300,104.25,50,6600,2843900
NIFTY20OCT2217400CE.NFO,14/10/2022,09:29:02,104.2,104,250,104.2,50,2500,2843900
NIFTY20OCT2217400CE.NFO,14/10/2022,09:29:03,104.1,104.05,150,104.25,200,3950,2843900
NIFTY20OCT2217400CE.NFO,14/10/2022,09:29:04,104.55,104.4,700,104.6,100,4900,2843900
NIFTY20OCT2217400CE.NFO,14/10/2022,09:29:04,104.35,104.4,250,104.6,100,1350,2843900
NIFTY20OCT2217400CE.NFO,14/10/2022,09:29:06,104.3,104.1,50,104.3,300,6150,2843900
NIFTY20OCT2217400CE.NFO,14/10/2022,09:29:06,104.2,104.05,50,104.2,450,1400,2843900
NIFTY20OCT2217400CE.NFO,14/10/2022,09:29:07,103.95,103.8,200,103.95,50,1250,2843900
NIFTY20OCT2217400CE.NFO,14/10/2022,09:29:09,103.5,103.5,100,103.7,200,6950,2843900
NIFTY20OCT2217400CE.NFO,14/10/2022,09:29:09,103.25,103.25,100,103.45,100,2350,2843900
NIFTY20OCT2217400CE.NFO,14/10/2022,09:29:10,103.45,103.15,100,103.35,200,2150,2843900
NIFTY20OCT2217400CE.NFO,14/10/2022,09:29:12,102.65,102.65,200,102.85,50,14800,2843900
NIFTY20OCT2217400CE.NFO,14/10/2022,09:29:13,102.75,102.6,50,102.8,700,1100,2843900
NIFTY20OCT2217400CE.NFO,14/10/2022,09:29:14,102.8,102.65,300,102.8,500,1800,2843900
NIFTY20OCT2217400CE.NFO,14/10/2022,09:29:15,102.95,102.65,300,102.8,200,2800,2843900
NIFTY20OCT2217400CE.NFO,14/10/2022,09:29:16,102.4,102.35,50,102.5,300,3300,2843900
NIFTY20OCT2217400CE.NFO,14/10/2022,09:29:16,102.6,102.35,100,102.55,300,450,2843900
NIFTY20OCT2217400CE.NFO,14/10/2022,09:29:18,102.65,102.6,450,102.8,100,1000,2843900
NIFTY20OCT2217400CE.NFO,14/10/2022,09:29:19,102.55,102.4,100,102.6,200,1800,2843900
NIFTY20OCT2217400CE.NFO,14/10/2022,09:29:20,102.65,102.5,50,102.65,150,4800,2890950
NIFTY20OCT2217400CE.NFO,14/10/2022,09:29:21,102.65,102.55,50,102.75,250,3550,2890950
NIFTY20OCT2217400CE.NFO,14/10/2022,09:29:21,102.45,102.3,150,102.5,250,150,2890950
NIFTY20OCT2217400CE.NFO,14/10/2022,09:29:22,102.35,102.2,100,102.4,50,2650,2890950
NIFTY20OCT2217400CE.NFO,14/10/2022,09:29:24,102.1,102.1,100,102.3,50,4950,2890950
NIFTY20OCT2217400CE.NFO,14/10/2022,09:29:25,101.9,101.8,150,101.95,250,14600,2890950
NIFTY20OCT2217400CE.NFO,14/10/2022,09:29:26,101.7,101.75,100,101.9,150,3150,2890950
NIFTY20OCT2217400CE.NFO,14/10/2022,09:29:27,101.65,101.85,50,101.9,100,4150,2890950
NIFTY20OCT2217400CE.NFO,14/10/2022,09:29:28,101.8,101.75,300,101.8,650,3650,2890950
NIFTY20OCT2217400CE.NFO,14/10/2022,09:29:29,101.6,101.55,100,101.75,150,1000,2890950
NIFTY20OCT2217400CE.NFO,14/10/2022,09:29:30,101.4,101.3,2450,101.4,200,1650,2890950
NIFTY20OCT2217400CE.NFO,14/10/2022,09:29:31,102.9,102.9,100,103,1050,10400,2890950
NIFTY20OCT2217400CE.NFO,14/10/2022,09:29:32,103.9,103.8,100,103.95,250,10300,2890950
NIFTY20OCT2217400CE.NFO,14/10/2022,09:29:33,103.25,103.1,250,103.25,150,4400,2890950
NIFTY20OCT2217400CE.NFO,14/10/2022,09:29:34,103.8,103.8,150,103.95,50,1850,2890950
NIFTY20OCT2217400CE.NFO,14/10/2022,09:29:35,103.2,103,150,103.1,100,11500,2890950
NIFTY20OCT2217400CE.NFO,14/10/2022,09:29:36,102.75,102.9,50,103.1,150,600,2890950
NIFTY20OCT2217400CE.NFO,14/10/2022,09:29:37,102.85,102.65,450,102.9,750,200,2890950
NIFTY20OCT2217400CE.NFO,14/10/2022,09:29:38,102.9,102.9,650,103,100,1250,2890950
NIFTY20OCT2217400CE.NFO,14/10/2022,09:29:39,102.95,102.9,800,103.1,250,600,2890950
NIFTY20OCT2217400CE.NFO,14/10/2022,09:29:40,103.25,103.55,400,103.75,300,1300,2890950
NIFTY20OCT2217400CE.NFO,14/10/2022,09:29:41,103.5,103.35,500,103.55,250,850,2890950
NIFTY20OCT2217400CE.NFO,14/10/2022,09:29:42,103.5,103.5,600,103.7,50,5000,2890950
NIFTY20OCT2217400CE.NFO,14/10/2022,09:29:43,103.6,103.5,950,103.7,200,100,2890950
NIFTY20OCT2217400CE.NFO,14/10/2022,09:29:44,103.65,103.65,50,103.85,100,1500,2890950
NIFTY20OCT2217400CE.NFO,14/10/2022,09:29:45,103.8,103.65,150,103.85,250,1400,2890950
NIFTY20OCT2217400CE.NFO,14/10/2022,09:29:46,103.5,103.35,300,103.55,100,2050,2890950
NIFTY20OCT2217400CE.NFO,14/10/2022,09:29:47,103.8,103.7,100,103.9,200,500,2890950
NIFTY20OCT2217400CE.NFO,14/10/2022,09:29:48,104.05,103.95,50,104.15,50,5550,2890950
NIFTY20OCT2217400CE.NFO,14/10/2022,09:29:49,104.3,104.2,100,104.4,1200,3000,2890950
NIFTY20OCT2217400CE.NFO,14/10/2022,09:29:50,104.25,104.2,50,104.3,200,3000,2890950
NIFTY20OCT2217400CE.NFO,14/10/2022,09:29:51,104.25,104.35,200,104.55,100,10150,2890950
NIFTY20OCT2217400CE.NFO,14/10/2022,09:29:52,104.5,104.3,350,104.5,100,1900,2890950
NIFTY20OCT2217400CE.NFO,14/10/2022,09:29:53,104.6,104.45,300,104.65,50,800,2890950
NIFTY20OCT2217400CE.NFO,14/10/2022,09:29:54,104.4,104.3,300,104.5,200,2200,2890950
NIFTY20OCT2217400CE.NFO,14/10/2022,09:29:55,104.1,103.9,50,104,50,4050,2890950
NIFTY20OCT2217400CE.NFO,14/10/2022,09:29:56,103.2,103.15,350,103.2,50,4650,2890950
NIFTY20OCT2217400CE.NFO,14/10/2022,09:29:57,103.2,103.15,150,103.35,200,4550,2890950
NIFTY20OCT2217400CE.NFO,14/10/2022,09:29:58,103.2,103.2,100,103.35,50,0,2890950
NIFTY20OCT2217400CE.NFO,14/10/2022,09:29:59,103.35,103.3,100,103.35,200,3000,2890950
NIFTY20OCT2217400CE.NFO,14/10/2022,09:30:00,102.9,102.85,50,102.95,100,3600,2890950
NIFTY20OCT2217400CE.NFO,14/10/2022,09:30:01,102.8,102.6,200,102.8,300,5500,2890950
NIFTY20OCT2217400CE.NFO,14/10/2022,09:30:02,103.5,103.45,200,103.65,200,8500,2890950
NIFTY20OCT2217400CE.NFO,14/10/2022,09:30:03,104.45,104.45,50,104.55,500,3600,2890950
NIFTY20OCT2217400CE.NFO,14/10/2022,09:30:04,105,105,50,105.2,50,18800,2890950
NIFTY20OCT2217400CE.NFO,14/10/2022,09:30:05,105.25,105.1,100,105.2,150,3200,2890950
NIFTY20OCT2217400CE.NFO,14/10/2022,09:30:06,105.9,105.7,250,105.9,1100,12300,2890950
NIFTY20OCT2217400CE.NFO,14/10/2022,09:30:07,105.85,105.7,250,105.9,200,3100,2890950
NIFTY20OCT2217400CE.NFO,14/10/2022,09:30:08,105.85,105.75,250,106.05,750,13800,2890950
NIFTY20OCT2217400CE.NFO,14/10/2022,09:30:09,105.85,105.85,200,106.05,50,4800,2890950
NIFTY20OCT2217400CE.NFO,14/10/2022,09:30:10,106.3,106.05,150,106.25,300,700,2890950
NIFTY20OCT2217400CE.NFO,14/10/2022,09:30:11,106.15,106.15,100,106.4,200,5150,2890950
NIFTY20OCT2217400CE.NFO,14/10/2022,09:30:12,106.25,106.25,150,106.4,50,11100,2890950
NIFTY20OCT2217400CE.NFO,14/10/2022,09:30:13,105.7,105.8,350,106,150,7800,2890950
NIFTY20OCT2217400CE.NFO,14/10/2022,09:30:14,106.5,106.15,500,106.4,250,3450,2890950
NIFTY20OCT2217400CE.NFO,14/10/2022,09:30:15,106.4,106.4,150,106.6,400,3700,2890950
NIFTY20OCT2217400CE.NFO,14/10/2022,09:30:16,106.15,106.15,300,106.25,100,3800,2890950
NIFTY20OCT2217400CE.NFO,14/10/2022,09:30:17,106.4,106.35,350,106.6,200,4650,2890950
NIFTY20OCT2217400CE.NFO,14/10/2022,09:30:18,106.4,106.35,250,106.5,400,8050,2890950
NIFTY20OCT2217400CE.NFO,14/10/2022,09:30:19,106.9,106.8,250,106.9,800,2150,2890950
NIFTY20OCT2217400CE.NFO,14/10/2022,09:30:20,107.25,107.25,350,107.5,350,13900,2890950
NIFTY20OCT2217400CE.NFO,14/10/2022,09:30:21,107.85,107.6,200,107.8,350,8350,2890950
NIFTY20OCT2217400CE.NFO,14/10/2022,09:30:22,107.65,107.5,100,107.7,350,5400,2890950
NIFTY20OCT2217400CE.NFO,14/10/2022,09:30:23,107.7,107.75,300,107.95,100,12850,2890950
NIFTY20OCT2217400CE.NFO,14/10/2022,09:30:24,108.4,108.1,850,108.35,300,9600,2890950
NIFTY20OCT2217400CE.NFO,14/10/2022,09:30:25,108.4,108.25,200,108.4,100,5400,2890950
NIFTY20OCT2217400CE.NFO,14/10/2022,09:30:27,108.8,108.55,300,108.75,450,14500,2890950
NIFTY20OCT2217400CE.NFO,14/10/2022,09:30:28,108.5,108.65,350,108.85,200,15650,2890950
NIFTY20OCT2217400CE.NFO,14/10/2022,09:30:29,109,108.9,200,109.05,50,8300,2890950
NIFTY20OCT2217400CE.NFO,14/10/2022,09:30:30,109,109,100,109.1,50,11200,2890950
NIFTY20OCT2217400CE.NFO,14/10/2022,09:30:31,109.9,109.75,50,109.85,150,6450,2890950
NIFTY20OCT2217400CE.NFO,14/10/2022,09:30:32,109.9,109.65,350,109.9,1050,5000,2890950
NIFTY20OCT2217400CE.NFO,14/10/2022,09:30:33,110,109.9,150,110,12700,8350,2890950
NIFTY20OCT2217400CE.NFO,14/10/2022,09:30:34,110.1,110.05,150,110.3,600,19850,2890950
NIFTY20OCT2217400CE.NFO,14/10/2022,09:30:35,110.35,110.15,150,110.35,350,9600,2890950
NIFTY20OCT2217400CE.NFO,14/10/2022,09:30:36,110.4,110.25,150,110.4,50,7250,2890950
NIFTY20OCT2217400CE.NFO,14/10/2022,09:30:37,110.35,110.3,450,110.5,650,1900,2890950
NIFTY20OCT2217400CE.NFO,14/10/2022,09:30:38,110,109.85,250,110,950,9000,2890950
NIFTY20OCT2217400CE.NFO,14/10/2022,09:30:39,109.9,109.9,300,110.1,300,9050,2890950
NIFTY20OCT2217400CE.NFO,14/10/2022,09:30:40,109.65,109.5,550,109.7,50,13650,2890950
NIFTY20OCT2217400CE.NFO,14/10/2022,09:30:41,109.3,109.3,50,109.4,500,6000,2890950
NIFTY20OCT2217400CE.NFO,14/10/2022,09:30:42,109.35,109.4,100,109.5,200,13600,2890950
NIFTY20OCT2217400CE.NFO,14/10/2022,09:30:43,109.8,109.8,1950,110,600,8200,2890950
NIFTY20OCT2217400CE.NFO,14/10/2022,09:30:44,109.6,109.55,150,109.75,250,6700,2890950
NIFTY20OCT2217400CE.NFO,14/10/2022,09:30:45,109.7,109.7,150,109.95,450,10200,2890950
NIFTY20OCT2217400CE.NFO,14/10/2022,09:30:46,110,109.9,100,110,1500,50,2890950
NIFTY20OCT2217400CE.NFO,14/10/2022,09:30:47,110.35,110.2,200,110.35,150,8200,2890950
NIFTY20OCT2217400CE.NFO,14/10/2022,09:30:48,110.35,110.3,100,110.5,450,10050,2890950
NIFTY20OCT2217400CE.NFO,14/10/2022,09:30:49,110.65,110.4,200,110.55,50,5500,2890950
NIFTY20OCT2217400CE.NFO,14/10/2022,09:30:50,110.35,110.3,300,110.5,150,10400,2890950
NIFTY20OCT2217400CE.NFO,14/10/2022,09:30:51,110.75,110.75,50,110.85,150,6400,2890950
NIFTY20OCT2217400CE.NFO,14/10/2022,09:30:52,110.5,110.55,400,110.8,150,8300,2890950
NIFTY20OCT2217400CE.NFO,14/10/2022,09:30:53,110.35,110.15,50,110.35,50,5350,2890950
NIFTY20OCT2217400CE.NFO,14/10/2022,09:30:54,109,109,2700,109.2,150,23600,2890950
NIFTY20OCT2217400CE.NFO,14/10/2022,09:30:55,108.75,108.6,200,108.7,300,10700,2890950
NIFTY20OCT2217400CE.NFO,14/10/2022,09:30:56,108.65,108.55,100,108.75,300,5900,2890950
NIFTY20OCT2217400CE.NFO,14/10/2022,09:30:57,109.1,109.05,100,109.15,50,700,2890950
NIFTY20OCT2217400CE.NFO,14/10/2022,09:30:58,109,109,50,109.2,300,3500,2890950
NIFTY20OCT2217400CE.NFO,14/10/2022,09:30:59,109,109,50,109.2,300,2650,2890950
NIFTY20OCT2217400CE.NFO,14/10/2022,09:31:00,109.45,109.75,150,109.9,100,4000,2890950
NIFTY20OCT2217400CE.NFO,14/10/2022,09:31:01,110.55,110.4,50,110.55,50,9850,2890950
NIFTY20OCT2217400CE.NFO,14/10/2022,09:31:02,110.35,110.25,150,110.35,50,3900,2890950
NIFTY20OCT2217400CE.NFO,14/10/2022,09:31:03,110.2,110,100,110.25,350,4600,2890950
NIFTY20OCT2217400CE.NFO,14/10/2022,09:31:04,109.6,109.45,250,109.6,200,7350,2890950
NIFTY20OCT2217400CE.NFO,14/10/2022,09:31:05,109.2,109,1100,109.2,300,1250,2890950
NIFTY20OCT2217400CE.NFO,14/10/2022,09:31:06,109.4,109.2,150,109.4,50,7700,2890950
NIFTY20OCT2217400CE.NFO,14/10/2022,09:31:07,109.2,109.1,150,109.3,150,5100,2890950
NIFTY20OCT2217400CE.NFO,14/10/2022,09:31:08,109.1,109.05,50,109.25,300,6300,2890950
NIFTY20OCT2217400CE.NFO,14/10/2022,09:31:09,109.2,109.25,150,109.5,1450,5200,2890950
NIFTY20OCT2217400CE.NFO,14/10/2022,09:31:10,109.2,109.35,100,109.4,50,8150,2890950
NIFTY20OCT2217400CE.NFO,14/10/2022,09:31:11,109.95,109.85,400,110,4050,4750,2890950
NIFTY20OCT2217400CE.NFO,14/10/2022,09:31:12,109.95,109.95,150,110.1,300,12150,2890950
NIFTY20OCT2217400CE.NFO,14/10/2022,09:31:13,110.15,110.15,200,110.35,350,50,2890950
NIFTY20OCT2217400CE.NFO,14/10/2022,09:31:14,110.3,110.25,250,110.4,400,4350,2890950
NIFTY20OCT2217400CE.NFO,14/10/2022,09:31:15,110.55,110.5,250,110.7,50,2400,2890950
NIFTY20OCT2217400CE.NFO,14/10/2022,09:31:16,110.3,110.1,250,110.25,100,4600,2890950
NIFTY20OCT2217400CE.NFO,14/10/2022,09:31:17,110.45,110.25,250,110.45,50,3650,2890950
NIFTY20OCT2217400CE.NFO,14/10/2022,09:31:18,110.45,110.3,50,110.5,100,8200,2890950
NIFTY20OCT2217400CE.NFO,14/10/2022,09:31:19,110.3,110.3,250,110.45,100,4900,2890950
NIFTY20OCT2217400CE.NFO,14/10/2022,09:31:20,110.4,110.4,150,110.55,250,5850,2890950
NIFTY20OCT2217400CE.NFO,14/10/2022,09:31:21,110.9,110.55,300,110.75,300,5550,2890950
NIFTY20OCT2217400CE.NFO,14/10/2022,09:31:22,110.7,110.55,350,110.75,200,7350,2890950
NIFTY20OCT2217400CE.NFO,14/10/2022,09:31:23,110.6,110.55,300,110.65,200,100,2890950
NIFTY20OCT2217400CE.NFO,14/10/2022,09:31:24,110.55,110.5,850,110.7,150,4150,2890950
NIFTY20OCT2217400CE.NFO,14/10/2022,09:31:25,110.6,110.55,300,110.8,1200,5500,2890950
NIFTY20OCT2217400CE.NFO,14/10/2022,09:31:26,110.7,110.55,50,110.75,150,6800,2890950
NIFTY20OCT2217400CE.NFO,14/10/2022,09:31:27,110.3,110.25,150,110.35,200,3350,2890950
NIFTY20OCT2217400CE.NFO,14/10/2022,09:31:28,110.3,110.1,250,110.25,150,7250,2890950
NIFTY20OCT2217400CE.NFO,14/10/2022,09:31:29,110.05,110.1,250,110.25,150,6700,2890950
NIFTY20OCT2217400CE.NFO,14/10/2022,09:31:30,110.15,110.15,900,110.35,150,7100,2890950
NIFTY20OCT2217400CE.NFO,14/10/2022,09:31:31,110.3,110.2,150,110.4,150,8150,2890950
NIFTY20OCT2217400CE.NFO,14/10/2022,09:31:32,110.1,109.95,900,110.1,350,12450,2890950
NIFTY20OCT2217400CE.NFO,14/10/2022,09:31:33,110.1,110,50,110.1,550,6250,2890950
NIFTY20OCT2217400CE.NFO,14/10/2022,09:31:34,109.75,109.55,50,109.7,100,7450,2890950
NIFTY20OCT2217400CE.NFO,14/10/2022,09:31:35,109.6,109.45,600,109.6,350,9950,2890950
NIFTY20OCT2217400CE.NFO,14/10/2022,09:31:36,109.55,109.3,300,109.55,300,2450,2890950
NIFTY20OCT2217400CE.NFO,14/10/2022,09:31:37,109.4,109.35,100,109.55,50,5600,2890950
NIFTY20OCT2217400CE.NFO,14/10/2022,09:31:38,109.95,109.9,100,110,850,2500,2890950
NIFTY20OCT2217400CE.NFO,14/10/2022,09:31:39,110.05,110.05,150,110.2,100,9450,2890950
NIFTY20OCT2217400CE.NFO,14/10/2022,09:31:40,110.2,110,500,110.15,100,3300,2890950
NIFTY20OCT2217400CE.NFO,14/10/2022,09:31:41,110,109.8,100,109.95,50,6200,2890950
NIFTY20OCT2217400CE.NFO,14/10/2022,09:31:42,109.8,109.6,150,109.8,500,1500,2890950
NIFTY20OCT2217400CE.NFO,14/10/2022,09:31:43,109.7,109.55,450,109.8,250,4950,2890950
NIFTY20OCT2217400CE.NFO,14/10/2022,09:31:44,109.7,109.55,50,109.75,250,1050,2890950
NIFTY20OCT2217400CE.NFO,14/10/2022,09:31:45,109.85,109.85,250,110,1350,4750,2890950
NIFTY20OCT2217400CE.NFO,14/10/2022,09:31:46,109.75,109.75,50,109.95,100,3550,2890950
NIFTY20OCT2217400CE.NFO,14/10/2022,09:31:47,109.45,109.4,150,109.6,450,2550,2890950
NIFTY20OCT2217400CE.NFO,14/10/2022,09:31:48,109.6,109.45,350,109.6,100,4300,2890950
NIFTY20OCT2217400CE.NFO,14/10/2022,09:31:49,109.5,109.4,350,109.6,50,2750,2890950
NIFTY20OCT2217400CE.NFO,14/10/2022,09:31:50,109.65,109.35,650,109.6,200,2000,2890950
NIFTY20OCT2217400CE.NFO,14/10/2022,09:31:51,110,109.9,50,110,950,7150,2890950
NIFTY20OCT2217400CE.NFO,14/10/2022,09:31:52,109.75,109.7,250,109.75,1000,4200,2890950
NIFTY20OCT2217400CE.NFO,14/10/2022,09:31:53,109.9,109.75,150,109.9,50,3450,2890950
NIFTY20OCT2217400CE.NFO,14/10/2022,09:31:54,109.4,109.15,450,109.4,750,6600,2890950
NIFTY20OCT2217400CE.NFO,14/10/2022,09:31:55,109.25,109,7150,109.2,250,1750,2890950
NIFTY20OCT2217400CE.NFO,14/10/2022,09:31:56,108.55,108.35,250,108.55,300,16600,2890950
NIFTY20OCT2217400CE.NFO,14/10/2022,09:31:57,108.65,108.5,50,108.65,100,2150,2890950
NIFTY20OCT2217400CE.NFO,14/10/2022,09:31:58,108.9,108.9,350,109.15,200,6250,2890950
NIFTY20OCT2217400CE.NFO,14/10/2022,09:31:59,109.15,108.95,300,109.15,300,3800,2890950
NIFTY20OCT2217400CE.NFO,14/10/2022,09:32:00,109.6,109.4,100,109.6,250,4200,2890950
NIFTY20OCT2217400CE.NFO,14/10/2022,09:32:01,109.1,108.95,100,109.15,350,4750,2890950
NIFTY20OCT2217400CE.NFO,14/10/2022,09:32:02,109.35,109.05,450,109.3,200,2800,2890950
NIFTY20OCT2217400CE.NFO,14/10/2022,09:32:03,109.5,109.4,50,109.6,2600,2700,2890950
NIFTY20OCT2217400CE.NFO,14/10/2022,09:32:04,109.45,109.5,50,109.7,100,5800,2890950
NIFTY20OCT2217400CE.NFO,14/10/2022,09:32:05,109.75,109.5,200,109.75,550,1250,2890950
NIFTY20OCT2217400CE.NFO,14/10/2022,09:32:06,109.45,109.35,250,109.45,50,1750,2890950
NIFTY20OCT2217400CE.NFO,14/10/2022,09:32:07,109.6,109.3,950,109.55,300,3450,2890950
NIFTY20OCT2217400CE.NFO,14/10/2022,09:32:08,109.25,109.05,100,109.25,50,6650,2890950
NIFTY20OCT2217400CE.NFO,14/10/2022,09:32:09,109.75,109.5,250,109.75,50,3850,2890950
NIFTY20OCT2217400CE.NFO,14/10/2022,09:32:10,109.55,109.3,300,109.5,300,3650,2890950
NIFTY20OCT2217400CE.NFO,14/10/2022,09:32:11,109.5,109.4,150,109.5,500,2750,2890950
NIFTY20OCT2217400CE.NFO,14/10/2022,09:32:12,108.65,108.65,1600,108.95,150,11450,2890950
NIFTY20OCT2217400CE.NFO,14/10/2022,09:32:13,108.65,108.55,600,108.75,500,2800,2890950
NIFTY20OCT2217400CE.NFO,14/10/2022,09:32:14,109,108.75,200,108.95,200,1350,2890950
NIFTY20OCT2217400CE.NFO,14/10/2022,09:32:15,109.15,109.15,150,109.25,150,2500,2890950
NIFTY20OCT2217400CE.NFO,14/10/2022,09:32:16,109.1,109.1,50,109.25,450,6550,2890950
NIFTY20OCT2217400CE.NFO,14/10/2022,09:32:17,109.8,109.55,400,109.8,650,1950,2890950
NIFTY20OCT2217400CE.NFO,14/10/2022,09:32:18,109.6,109.6,150,109.8,400,1900,2890950
NIFTY20OCT2217400CE.NFO,14/10/2022,09:32:19,109.45,109.3,100,109.5,50,3950,2987550
NIFTY20OCT2217400CE.NFO,14/10/2022,09:32:20,109.3,109.35,550,109.4,50,4150,2987550
NIFTY20OCT2217400CE.NFO,14/10/2022,09:32:21,109.85,109.75,100,109.85,550,4100,2987550
NIFTY20OCT2217400CE.NFO,14/10/2022,09:32:22,109.7,109.55,100,109.7,100,4350,2987550
NIFTY20OCT2217400CE.NFO,14/10/2022,09:32:23,109.5,109.25,100,109.4,50,4350,2987550
NIFTY20OCT2217400CE.NFO,14/10/2022,09:32:24,109.05,109,50,109.05,1800,7200,2987550
NIFTY20OCT2217400CE.NFO,14/10/2022,09:32:25,109.2,108.95,200,109.1,50,2150,2987550
NIFTY20OCT2217400CE.NFO,14/10/2022,09:32:26,108.6,108.55,450,108.8,900,3500,2987550
NIFTY20OCT2217400CE.NFO,14/10/2022,09:32:27,108.7,108.5,1550,108.65,350,1600,2987550
NIFTY20OCT2217400CE.NFO,14/10/2022,09:32:28,108,108,13400,108.15,600,13650,2987550
NIFTY20OCT2217400CE.NFO,14/10/2022,09:32:29,107.85,107.6,550,107.85,150,17600,2987550
NIFTY20OCT2217400CE.NFO,14/10/2022,09:32:30,107.1,107.15,500,107.4,700,13550,2987550
NIFTY20OCT2217400CE.NFO,14/10/2022,09:32:31,107.75,107.5,100,107.7,450,6750,2987550
NIFTY20OCT2217400CE.NFO,14/10/2022,09:32:32,108.45,108.2,50,108.4,150,3550,2987550
NIFTY20OCT2217400CE.NFO,14/10/2022,09:32:33,109.1,109.1,400,109.25,50,6550,2987550
NIFTY20OCT2217400CE.NFO,14/10/2022,09:32:34,109.1,109,50,109.15,100,3100,2987550
NIFTY20OCT2217400CE.NFO,14/10/2022,09:32:35,109.1,108.95,50,109.1,200,2250,2987550
NIFTY20OCT2217400CE.NFO,14/10/2022,09:32:36,108.8,108.75,600,108.8,1800,3000,2987550
NIFTY20OCT2217400CE.NFO,14/10/2022,09:32:37,108.6,108.6,200,108.8,50,3950,2987550
NIFTY20OCT2217400CE.NFO,14/10/2022,09:32:38,108.85,108.85,250,109,200,1100,2987550
NIFTY20OCT2217400CE.NFO,14/10/2022,09:32:39,108.6,108.55,150,108.7,1350,1750,2987550
NIFTY20OCT2217400CE.NFO,14/10/2022,09:32:41,107.85,107.85,1000,107.9,300,5700,2987550
NIFTY20OCT2217400CE.NFO,14/10/2022,09:32:41,107.95,107.95,50,108,50,450,2987550
NIFTY20OCT2217400CE.NFO,14/10/2022,09:32:42,108.75,108.55,150,108.7,50,3100,2987550
NIFTY20OCT2217400CE.NFO,14/10/2022,09:32:43,108.65,108.55,300,108.75,500,1650,2987550
NIFTY20OCT2217400CE.NFO,14/10/2022,09:32:44,108.4,108.5,950,108.75,250,1950,2987550
NIFTY20OCT2217400CE.NFO,14/10/2022,09:32:45,109.35,109.2,200,109.35,200,4300,2987550
NIFTY20OCT2217400CE.NFO,14/10/2022,09:32:46,108.95,108.8,50,108.95,850,5200,2987550
NIFTY20OCT2217400CE.NFO,14/10/2022,09:32:47,109.6,109.45,50,109.7,1650,6350,2987550
NIFTY20OCT2217400CE.NFO,14/10/2022,09:32:48,109.3,109.2,350,109.35,100,2900,2987550
NIFTY20OCT2217400CE.NFO,14/10/2022,09:32:49,109.05,108.9,150,109.1,50,3050,2987550
NIFTY20OCT2217400CE.NFO,14/10/2022,09:32:50,108.95,108.95,150,109.15,50,1150,2987550
NIFTY20OCT2217400CE.NFO,14/10/2022,09:32:51,109.15,109.1,150,109.15,1700,1100,2987550
NIFTY20OCT2217400CE.NFO,14/10/2022,09:32:52,109.1,109,250,109.2,100,250,2987550
NIFTY20OCT2217400CE.NFO,14/10/2022,09:32:53,109,108.85,50,109.05,400,1550,2987550
NIFTY20OCT2217400CE.NFO,14/10/2022,09:32:54,108.9,108.75,600,108.95,150,1700,2987550
NIFTY20OCT2217400CE.NFO,14/10/2022,09:32:55,107.9,107.55,250,107.8,1150,7200,2987550
NIFTY20OCT2217400CE.NFO,14/10/2022,09:32:56,107.8,107.75,100,107.9,50,800,2987550
NIFTY20OCT2217400CE.NFO,14/10/2022,09:32:57,108.05,107.8,700,108.05,100,1900,2987550
NIFTY20OCT2217400CE.NFO,14/10/2022,09:32:58,107.95,107.6,350,107.8,150,2500,2987550
NIFTY20OCT2217400CE.NFO,14/10/2022,09:32:59,108.15,108.3,50,108.5,50,2800,2987550
NIFTY20OCT2217400CE.NFO,14/10/2022,09:33:00,108.55,108.6,150,108.75,350,800,2987550
NIFTY20OCT2217400CE.NFO,14/10/2022,09:33:01,109.1,108.95,100,109.1,200,6750,2987550
NIFTY20OCT2217400CE.NFO,14/10/2022,09:33:02,108.95,108.85,100,109.1,950,1050,2987550
NIFTY20OCT2217400CE.NFO,14/10/2022,09:33:03,108.3,108.2,250,108.4,250,6800,2987550
NIFTY20OCT2217400CE.NFO,14/10/2022,09:33:04,108.2,108.3,50,108.45,150,1300,2987550
NIFTY20OCT2217400CE.NFO,14/10/2022,09:33:06,109.1,108.9,250,109.1,200,5250,2987550
NIFTY20OCT2217400CE.NFO,14/10/2022,09:33:06,109,109,350,109.2,200,250,2987550
NIFTY20OCT2217400CE.NFO,14/10/2022,09:33:07,108.7,108.65,250,108.85,100,5100,2987550
NIFTY20OCT2217400CE.NFO,14/10/2022,09:33:08,108.15,108.35,100,108.55,1000,2450,2987550
NIFTY20OCT2217400CE.NFO,14/10/2022,09:33:09,108,108.05,250,108.25,250,6700,2987550
NIFTY20OCT2217400CE.NFO,14/10/2022,09:33:11,108.4,108.2,300,108.4,100,3500,2987550
NIFTY20OCT2217400CE.NFO,14/10/2022,09:33:11,108.75,108.6,50,108.8,200,1950,2987550
NIFTY20OCT2217400CE.NFO,14/10/2022,09:33:12,108.2,108,500,108.15,200,3450,2987550
NIFTY20OCT2217400CE.NFO,14/10/2022,09:33:13,108.1,108.15,100,108.35,250,4950,2987550
NIFTY20OCT2217400CE.NFO,14/10/2022,09:33:14,108.2,108,350,108.2,250,550,2987550
NIFTY20OCT2217400CE.NFO,14/10/2022,09:33:15,107.55,107.4,50,107.55,150,2250,2987550
NIFTY20OCT2217400CE.NFO,14/10/2022,09:33:16,107.15,107.1,200,107.3,200,3250,2987550
NIFTY20OCT2217400CE.NFO,14/10/2022,09:33:17,107.3,107.35,50,107.45,400,2050,2987550
NIFTY20OCT2217400CE.NFO,14/10/2022,09:33:18,107.9,107.6,300,107.8,200,2700,2987550
NIFTY20OCT2217400CE.NFO,14/10/2022,09:33:19,106.5,106.5,500,106.65,400,17250,2987550
NIFTY20OCT2217400CE.NFO,14/10/2022,09:33:21,106.95,106.7,250,106.9,400,5200,2987550
NIFTY20OCT2217400CE.NFO,14/10/2022,09:33:21,106.6,106.6,1200,106.85,200,1850,2987550
NIFTY20OCT2217400CE.NFO,14/10/2022,09:33:22,106.7,106.65,50,106.75,50,6000,2987550
NIFTY20OCT2217400CE.NFO,14/10/2022,09:33:23,106.25,106.2,350,106.4,50,7550,2987550
NIFTY20OCT2217400CE.NFO,14/10/2022,09:33:24,106.45,106.3,600,106.5,400,6200,2987550
NIFTY20OCT2217400CE.NFO,14/10/2022,09:33:25,106.15,106,7700,106.2,500,6900,2987550
NIFTY20OCT2217400CE.NFO,14/10/2022,09:33:26,106.1,106.2,50,106.35,450,6750,2987550
NIFTY20OCT2217400CE.NFO,14/10/2022,09:33:28,105.2,105.05,550,105.25,1100,25050,2987550
NIFTY20OCT2217400CE.NFO,14/10/2022,09:33:28,105.1,105,3550,105.1,400,1900,2987550
NIFTY20OCT2217400CE.NFO,14/10/2022,09:33:29,104.15,104.15,50,104.2,50,8950,2987550
NIFTY20OCT2217400CE.NFO,14/10/2022,09:33:30,103.2,103.2,50,103.3,50,13100,2987550
NIFTY20OCT2217400CE.NFO,14/10/2022,09:33:31,103.6,103.6,50,103.75,350,9850,2987550
NIFTY20OCT2217400CE.NFO,14/10/2022,09:33:32,103.05,103.05,50,103.2,200,18250,2987550
NIFTY20OCT2217400CE.NFO,14/10/2022,09:33:33,103.55,103.55,50,103.65,400,7150,2987550
NIFTY20OCT2217400CE.NFO,14/10/2022,09:33:34,103.4,103.35,1000,103.55,200,11900,2987550
NIFTY20OCT2217400CE.NFO,14/10/2022,09:33:36,103.85,103.7,350,103.8,200,8500,2987550
NIFTY20OCT2217400CE.NFO,14/10/2022,09:33:36,103.5,103.35,400,103.55,50,2550,2987550
NIFTY20OCT2217400CE.NFO,14/10/2022,09:33:37,103.25,103.25,200,103.45,400,6900,2987550
NIFTY20OCT2217400CE.NFO,14/10/2022,09:33:38,103.35,103.25,1000,103.5,100,8550,2987550
NIFTY20OCT2217400CE.NFO,14/10/2022,09:33:39,103.75,103.5,450,103.75,700,7300,2987550
NIFTY20OCT2217400CE.NFO,14/10/2022,09:33:41,103,103,700,103.05,1800,10750,2987550
NIFTY20OCT2217400CE.NFO,14/10/2022,09:33:42,103.2,103.25,100,103.4,400,11450,2987550
NIFTY20OCT2217400CE.NFO,14/10/2022,09:33:43,102.35,102.25,350,102.45,100,9600,2987550
NIFTY20OCT2217400CE.NFO,14/10/2022,09:33:44,101.55,101.35,350,101.55,100,19250,2987550
NIFTY20OCT2217400CE.NFO,14/10/2022,09:33:45,101.95,101.8,50,101.95,100,4950,2987550
NIFTY20OCT2217400CE.NFO,14/10/2022,09:33:46,102.55,102.7,200,102.9,400,4600,2987550
NIFTY20OCT2217400CE.NFO,14/10/2022,09:33:47,103.6,103.4,350,103.6,150,9850,2987550
NIFTY20OCT2217400CE.NFO,14/10/2022,09:33:48,103.6,103.3,850,103.5,250,5500,2987550
NIFTY20OCT2217400CE.NFO,14/10/2022,09:33:49,103.4,103.1,150,103.3,100,3650,2987550
NIFTY20OCT2217400CE.NFO,14/10/2022,09:33:51,103.85,103.6,200,103.8,1300,22500,2987550
NIFTY20OCT2217400CE.NFO,14/10/2022,09:33:51,103,103,200,103.2,200,6350,2987550
NIFTY20OCT2217400CE.NFO,14/10/2022,09:33:52,102.85,102.8,250,103,750,4450,2987550
NIFTY20OCT2217400CE.NFO,14/10/2022,09:33:54,102.5,102.55,50,102.75,50,2300,2987550
NIFTY20OCT2217400CE.NFO,14/10/2022,09:33:55,102.45,102.5,350,102.75,650,5450,2987550
NIFTY20OCT2217400CE.NFO,14/10/2022,09:33:55,102.65,102.45,500,102.6,150,1450,2987550
NIFTY20OCT2217400CE.NFO,14/10/2022,09:33:56,101.9,101.7,250,101.9,700,13300,2987550
NIFTY20OCT2217400CE.NFO,14/10/2022,09:33:57,101.35,101.3,400,101.55,500,16300,2987550
NIFTY20OCT2217400CE.NFO,14/10/2022,09:33:58,101.45,101.25,350,101.45,700,3550,2987550
NIFTY20OCT2217400CE.NFO,14/10/2022,09:33:59,101.8,101.8,2250,102.05,250,6450,2987550
NIFTY20OCT2217400CE.NFO,14/10/2022,09:34:01,101.55,101.35,250,101.55,600,10150,2987550
NIFTY20OCT2217400CE.NFO,14/10/2022,09:34:02,101.6,101.4,100,101.6,250,3550,2987550
NIFTY20OCT2217400CE.NFO,14/10/2022,09:34:02,101.55,101.5,300,101.7,200,1100,2987550
NIFTY20OCT2217400CE.NFO,14/10/2022,09:34:03,101,100.75,550,100.95,100,7750,2987550
NIFTY20OCT2217400CE.NFO,14/10/2022,09:34:04,101.25,101.05,200,101.25,250,7600,2987550
NIFTY20OCT2217400CE.NFO,14/10/2022,09:34:05,101,101,1500,101.2,100,3550,2987550
NIFTY20OCT2217400CE.NFO,14/10/2022,09:34:06,100.75,100.7,550,100.9,300,5800,2987550
NIFTY20OCT2217400CE.NFO,14/10/2022,09:34:07,101,100.9,100,101.1,100,4250,2987550
NIFTY20OCT2217400CE.NFO,14/10/2022,09:34:08,101.05,101,100,101.15,50,2500,2987550
NIFTY20OCT2217400CE.NFO,14/10/2022,09:34:10,101,101,1050,101.15,1300,5900,2987550
NIFTY20OCT2217400CE.NFO,14/10/2022,09:34:10,101.85,101.75,150,101.9,100,2500,2987550
NIFTY20OCT2217400CE.NFO,14/10/2022,09:34:11,102.4,102.4,100,102.5,50,4050,2987550
NIFTY20OCT2217400CE.NFO,14/10/2022,09:34:12,103.5,103.5,750,103.55,50,4950,2987550
NIFTY20OCT2217400CE.NFO,14/10/2022,09:34:13,103.15,103.25,1200,103.4,200,7150,2987550
NIFTY20OCT2217400CE.NFO,14/10/2022,09:34:14,103.3,103.05,50,103.25,300,7100,2987550
NIFTY20OCT2217400CE.NFO,14/10/2022,09:34:15,103.95,103.7,350,103.95,1800,8700,2987550
NIFTY20OCT2217400CE.NFO,14/10/2022,09:34:16,103.7,103.75,50,103.95,400,3750,2987550
NIFTY20OCT2217400CE.NFO,14/10/2022,09:34:18,102.65,102.5,100,102.7,350,11350,2987550
NIFTY20OCT2217400CE.NFO,14/10/2022,09:34:19,102.95,102.75,200,102.95,100,1950,2987550
NIFTY20OCT2217400CE.NFO,14/10/2022,09:34:19,102.7,102.4,350,102.6,300,1150,2987550
NIFTY20OCT2217400CE.NFO,14/10/2022,09:34:20,102.5,102.35,300,102.5,100,4050,2987550
NIFTY20OCT2217400CE.NFO,14/10/2022,09:34:21,101.7,101.7,450,101.95,900,2550,2987550
NIFTY20OCT2217400CE.NFO,14/10/2022,09:34:22,102,101.7,150,101.9,200,5300,2987550
NIFTY20OCT2217400CE.NFO,14/10/2022,09:34:23,102.3,102.15,100,102.35,200,7000,2987550
NIFTY20OCT2217400CE.NFO,14/10/2022,09:34:24,102.7,102.7,50,102.75,100,1750,2987550
NIFTY20OCT2217400CE.NFO,14/10/2022,09:34:25,102.95,102.65,500,102.9,550,2500,2987550
NIFTY20OCT2217400CE.NFO,14/10/2022,09:34:26,102.3,102.35,250,102.5,200,3450,2987550
NIFTY20OCT2217400CE.NFO,14/10/2022,09:34:28,102.75,102.75,100,102.95,300,1850,2987550
NIFTY20OCT2217400CE.NFO,14/10/2022,09:34:28,103.3,103.1,200,103.3,200,4500,2987550
NIFTY20OCT2217400CE.NFO,14/10/2022,09:34:29,103.35,103.25,50,103.35,50,1250,2987550
