Ticker,Date,Time,LTP,BuyPrice,BuyQty,SellPrice,SellQty,LTQ,OpenInterest
NIFTY13OCT2217200CE.NFO,12/10/2022,09:15:00,38,39,25500,40.35,500,35350,8991500
NIFTY13OCT2217200CE.NFO,12/10/2022,09:15:00,38,39,25500,40.35,500,0,8991500
NIFTY13OCT2217200CE.NFO,12/10/2022,09:15:00,44,39,25500,40.35,500,0,8991500
NIFTY13OCT2217200CE.NFO,12/10/2022,09:15:00,30,39,25500,40.35,500,0,8991500
NIFTY13OCT2217200CE.NFO,12/10/2022,09:15:01,37.85,37.4,950,37.95,300,62600,8991500
NIFTY13OCT2217200CE.NFO,12/10/2022,09:15:03,36.6,36.6,800,36.9,650,56350,8991500
NIFTY13OCT2217200CE.NFO,12/10/2022,09:15:05,35.25,35.15,450,35.3,100,70800,8991500
NIFTY13OCT2217200CE.NFO,12/10/2022,09:15:06,33.35,33.35,300,33.55,50,59250,8991500
NIFTY13OCT2217200CE.NFO,12/10/2022,09:15:08,34,33.8,150,34,800,53150,8991500
NIFTY13OCT2217200CE.NFO,12/10/2022,09:15:09,34.5,34.3,50,34.5,400,81800,8991500
NIFTY13OCT2217200CE.NFO,12/10/2022,09:15:11,34.95,34.65,50,34.95,1500,97950,8991500
NIFTY13OCT2217200CE.NFO,12/10/2022,09:15:12,33.95,33.7,50,33.9,50,109550,8991500
NIFTY13OCT2217200CE.NFO,12/10/2022,09:15:14,34.5,34.15,200,34.55,200,117550,8991500
NIFTY13OCT2217200CE.NFO,12/10/2022,09:15:15,34.95,34.75,250,34.95,50,79350,8991500
NIFTY13OCT2217200CE.NFO,12/10/2022,09:15:17,36,35.8,350,36,3650,69600,8991500
NIFTY13OCT2217200CE.NFO,12/10/2022,09:15:18,37.4,37.35,50,37.55,450,92500,8991500
NIFTY13OCT2217200CE.NFO,12/10/2022,09:15:20,37.55,37.55,250,37.8,650,48050,8991500
NIFTY13OCT2217200CE.NFO,12/10/2022,09:15:21,37.8,37.65,200,37.85,350,43750,8991500
NIFTY13OCT2217200CE.NFO,12/10/2022,09:15:23,37.65,37.45,150,37.65,750,46200,8991500
NIFTY13OCT2217200CE.NFO,12/10/2022,09:15:24,37.75,37.8,100,37.95,350,35450,8991500
NIFTY13OCT2217200CE.NFO,12/10/2022,09:15:26,39.6,39.6,400,39.9,150,40850,8991500
NIFTY13OCT2217200CE.NFO,12/10/2022,09:15:27,40.5,40.5,200,40.75,50,49400,8991500
NIFTY13OCT2217200CE.NFO,12/10/2022,09:15:29,41.2,40.9,150,41.2,50,44550,8991500
NIFTY13OCT2217200CE.NFO,12/10/2022,09:15:31,40.8,40.55,300,40.8,350,40600,8991500
NIFTY13OCT2217200CE.NFO,12/10/2022,09:15:32,39.15,38.9,350,39.15,100,102600,8991500
NIFTY13OCT2217200CE.NFO,12/10/2022,09:15:34,38.4,38.15,200,38.4,900,89100,8991500
NIFTY13OCT2217200CE.NFO,12/10/2022,09:15:35,38.65,38.5,50,38.65,100,46500,8991500
NIFTY13OCT2217200CE.NFO,12/10/2022,09:15:37,39.4,39.2,300,39.4,850,57650,8991500
NIFTY13OCT2217200CE.NFO,12/10/2022,09:15:38,38.95,38.9,450,39.25,550,116800,8991500
NIFTY13OCT2217200CE.NFO,12/10/2022,09:15:39,39.9,39.7,600,39.9,600,49700,8991500
NIFTY13OCT2217200CE.NFO,12/10/2022,09:15:40,39.05,38.75,50,39,150,101200,8991500
NIFTY13OCT2217200CE.NFO,12/10/2022,09:15:42,39.2,39,4950,39.2,100,78300,8991500
NIFTY13OCT2217200CE.NFO,12/10/2022,09:15:43,39.15,39.15,50,39.3,250,39250,8991500
NIFTY13OCT2217200CE.NFO,12/10/2022,09:15:45,39.6,39.65,100,39.8,450,40900,8991500
NIFTY13OCT2217200CE.NFO,12/10/2022,09:15:47,40.65,40.65,100,40.8,250,59600,8991500
NIFTY13OCT2217200CE.NFO,12/10/2022,09:15:48,40.85,40.65,150,40.9,400,32650,8991500
NIFTY13OCT2217200CE.NFO,12/10/2022,09:15:49,40.7,40.45,200,40.7,450,41000,8991500
NIFTY13OCT2217200CE.NFO,12/10/2022,09:15:50,40.45,40.25,100,40.45,350,26400,8991500
NIFTY13OCT2217200CE.NFO,12/10/2022,09:15:52,38.75,38.7,50,38.75,50,85800,8991500
NIFTY13OCT2217200CE.NFO,12/10/2022,09:15:53,38.3,38.3,400,38.6,900,25450,8991500
NIFTY13OCT2217200CE.NFO,12/10/2022,09:15:55,37.55,37.55,100,37.65,950,44450,8991500
NIFTY13OCT2217200CE.NFO,12/10/2022,09:15:56,37.65,37.55,400,37.6,50,17350,8991500
NIFTY13OCT2217200CE.NFO,12/10/2022,09:15:58,36.75,36.7,1100,36.9,300,26700,8991500
NIFTY13OCT2217200CE.NFO,12/10/2022,09:15:59,36.3,36.3,850,36.5,100,21050,8991500
NIFTY13OCT2217200CE.NFO,12/10/2022,09:16:00,35.5,35.45,500,35.55,50,26850,8991500
NIFTY13OCT2217200CE.NFO,12/10/2022,09:16:01,35.35,35.3,1900,35.45,450,25000,8991500
NIFTY13OCT2217200CE.NFO,12/10/2022,09:16:03,35.15,35.15,1650,35.3,300,30700,8991500
NIFTY13OCT2217200CE.NFO,12/10/2022,09:16:04,34.5,34.5,2450,34.65,650,32900,8991500
NIFTY13OCT2217200CE.NFO,12/10/2022,09:16:05,34.05,34.05,300,34.15,200,19650,8991500
NIFTY13OCT2217200CE.NFO,12/10/2022,09:16:07,33.35,33.4,350,33.55,1300,27700,8991500
NIFTY13OCT2217200CE.NFO,12/10/2022,09:16:08,33.25,33.1,450,33.25,450,21450,8991500
NIFTY13OCT2217200CE.NFO,12/10/2022,09:16:09,33.1,33.05,400,33.15,100,20950,8991500
NIFTY13OCT2217200CE.NFO,12/10/2022,09:16:11,33,32.85,500,32.95,200,30700,8991500
NIFTY13OCT2217200CE.NFO,12/10/2022,09:16:12,32.7,32.75,100,32.85,50,20800,8991500
NIFTY13OCT2217200CE.NFO,12/10/2022,09:16:14,32.6,32.6,500,32.7,450,24950,8991500
NIFTY13OCT2217200CE.NFO,12/10/2022,09:16:15,32.6,32.55,1150,32.6,150,20250,8991500
NIFTY13OCT2217200CE.NFO,12/10/2022,09:16:17,33.1,33.05,250,33.1,350,37600,8991500
NIFTY13OCT2217200CE.NFO,12/10/2022,09:16:18,33,33,350,33.1,200,26400,8991500
NIFTY13OCT2217200CE.NFO,12/10/2022,09:16:19,33.15,33.15,350,33.2,50,20150,8991500
NIFTY13OCT2217200CE.NFO,12/10/2022,09:16:20,33.15,33.2,50,33.25,50,13850,8991500
NIFTY13OCT2217200CE.NFO,12/10/2022,09:16:21,33.15,33.1,2400,33.25,1550,17700,8991500
NIFTY13OCT2217200CE.NFO,12/10/2022,09:16:23,33.25,33.05,700,33.15,50,76950,8991500
NIFTY13OCT2217200CE.NFO,12/10/2022,09:16:24,32.7,32.65,400,32.7,350,39700,8991500
NIFTY13OCT2217200CE.NFO,12/10/2022,09:16:25,32.8,32.8,400,32.9,700,52300,8991500
NIFTY13OCT2217200CE.NFO,12/10/2022,09:16:27,34.15,34.1,50,34.15,350,34900,8991500
NIFTY13OCT2217200CE.NFO,12/10/2022,09:16:28,34.45,34.45,500,34.5,50,30200,8991500
NIFTY13OCT2217200CE.NFO,12/10/2022,09:16:29,35.15,35.1,850,35.2,400,23350,8991500
NIFTY13OCT2217200CE.NFO,12/10/2022,09:16:30,35.1,35.05,1450,35.2,450,35400,8991500
NIFTY13OCT2217200CE.NFO,12/10/2022,09:16:32,36.15,36.15,300,36.2,300,33450,8991500
NIFTY13OCT2217200CE.NFO,12/10/2022,09:16:33,35.15,35.15,600,35.3,400,32250,8991500
NIFTY13OCT2217200CE.NFO,12/10/2022,09:16:34,35.75,35.65,50,35.75,950,17400,8991500
NIFTY13OCT2217200CE.NFO,12/10/2022,09:16:36,35.6,35.5,500,35.65,600,28250,8991500
NIFTY13OCT2217200CE.NFO,12/10/2022,09:16:37,36.45,36.4,1000,36.55,450,31000,8991500
NIFTY13OCT2217200CE.NFO,12/10/2022,09:16:38,36.35,36.3,800,36.35,150,16550,8991500
NIFTY13OCT2217200CE.NFO,12/10/2022,09:16:39,36.4,36.45,100,36.5,100,15700,8991500
NIFTY13OCT2217200CE.NFO,12/10/2022,09:16:40,36.4,36.4,150,36.5,950,16450,8991500
NIFTY13OCT2217200CE.NFO,12/10/2022,09:16:41,36.55,36.45,350,36.55,350,15500,8991500
NIFTY13OCT2217200CE.NFO,12/10/2022,09:16:43,36.35,36.3,150,36.4,1850,14000,8991500
NIFTY13OCT2217200CE.NFO,12/10/2022,09:16:44,35.7,35.75,1250,35.85,50,22650,8991500
NIFTY13OCT2217200CE.NFO,12/10/2022,09:16:46,35.55,35.55,1600,35.65,50,22900,8991500
NIFTY13OCT2217200CE.NFO,12/10/2022,09:16:47,35.35,35.35,1200,35.45,100,34700,8991500
NIFTY13OCT2217200CE.NFO,12/10/2022,09:16:48,35.7,35.55,550,35.65,100,11050,8991500
NIFTY13OCT2217200CE.NFO,12/10/2022,09:16:49,36.05,35.9,1450,36.05,750,15250,8991500
NIFTY13OCT2217200CE.NFO,12/10/2022,09:16:51,36.55,36.5,100,36.55,800,12200,8991500
NIFTY13OCT2217200CE.NFO,12/10/2022,09:16:52,36.4,36.4,100,36.5,750,16350,8991500
NIFTY13OCT2217200CE.NFO,12/10/2022,09:16:53,36.25,36.25,100,36.35,1300,16350,8991500
NIFTY13OCT2217200CE.NFO,12/10/2022,09:16:54,36.25,36.15,750,36.25,150,9950,8991500
NIFTY13OCT2217200CE.NFO,12/10/2022,09:16:55,36.1,36,5700,36.1,150,18400,8991500
NIFTY13OCT2217200CE.NFO,12/10/2022,09:16:57,36.25,36.15,1250,36.25,50,15050,8991500
NIFTY13OCT2217200CE.NFO,12/10/2022,09:16:58,36.8,36.7,50,36.75,550,16050,8991500
NIFTY13OCT2217200CE.NFO,12/10/2022,09:16:59,36.65,36.6,300,36.65,50,16100,8991500
NIFTY13OCT2217200CE.NFO,12/10/2022,09:17:00,36.05,36.05,1450,36.15,1100,14200,8991500
NIFTY13OCT2217200CE.NFO,12/10/2022,09:17:02,34.35,34.35,700,34.45,50,54850,8991500
NIFTY13OCT2217200CE.NFO,12/10/2022,09:17:03,34.25,34.2,1050,34.25,500,45050,8991500
NIFTY13OCT2217200CE.NFO,12/10/2022,09:17:05,35.35,35.35,750,35.4,50,37150,8991500
NIFTY13OCT2217200CE.NFO,12/10/2022,09:17:07,34.95,34.85,1100,34.95,1100,40800,8991500
NIFTY13OCT2217200CE.NFO,12/10/2022,09:17:08,34.8,34.7,900,34.8,650,27950,8991500
NIFTY13OCT2217200CE.NFO,12/10/2022,09:17:09,35.2,35.15,850,35.25,900,18100,8991500
NIFTY13OCT2217200CE.NFO,12/10/2022,09:17:10,35,34.95,300,35.05,900,13600,8991500
NIFTY13OCT2217200CE.NFO,12/10/2022,09:17:12,35.7,35.65,1000,35.75,1450,17900,8991500
NIFTY13OCT2217200CE.NFO,12/10/2022,09:17:13,35.25,35.25,800,35.35,600,11400,8991500
NIFTY13OCT2217200CE.NFO,12/10/2022,09:17:15,35.8,35.7,100,35.8,850,156950,8991500
NIFTY13OCT2217200CE.NFO,12/10/2022,09:17:17,35.25,35.2,1000,35.3,1850,39700,8991500
NIFTY13OCT2217200CE.NFO,12/10/2022,09:17:18,34.8,34.8,700,34.9,500,16200,8991500
NIFTY13OCT2217200CE.NFO,12/10/2022,09:17:19,35.1,34.95,1400,35.05,500,21900,8991500
NIFTY13OCT2217200CE.NFO,12/10/2022,09:17:21,34.45,34.45,550,34.55,2850,10500,8991500
NIFTY13OCT2217200CE.NFO,12/10/2022,09:17:22,34.05,34,500,34.05,300,44650,8991500
NIFTY13OCT2217200CE.NFO,12/10/2022,09:17:24,33.7,33.6,50,33.65,750,34050,8991500
NIFTY13OCT2217200CE.NFO,12/10/2022,09:17:25,34.5,34.5,750,34.55,50,11900,8991500
NIFTY13OCT2217200CE.NFO,12/10/2022,09:17:26,34.2,34.2,1300,34.3,950,7050,8991500
NIFTY13OCT2217200CE.NFO,12/10/2022,09:17:27,34,34.05,1000,34.15,900,57500,8991500
NIFTY13OCT2217200CE.NFO,12/10/2022,09:17:29,34.2,34.15,100,34.2,950,18000,8991500
NIFTY13OCT2217200CE.NFO,12/10/2022,09:17:30,33.4,33.45,900,33.55,1300,11750,8991500
NIFTY13OCT2217200CE.NFO,12/10/2022,09:17:31,33.6,33.6,1450,33.7,1950,6350,8991500
NIFTY13OCT2217200CE.NFO,12/10/2022,09:17:32,33.8,33.7,100,33.8,1200,13300,8991500
NIFTY13OCT2217200CE.NFO,12/10/2022,09:17:33,33.55,33.5,250,33.6,1500,18300,9280350
NIFTY13OCT2217200CE.NFO,12/10/2022,09:17:35,33.6,33.6,100,33.65,150,25950,9280350
NIFTY13OCT2217200CE.NFO,12/10/2022,09:17:36,33.5,33.5,100,33.55,1100,12950,9280350
NIFTY13OCT2217200CE.NFO,12/10/2022,09:17:37,33.7,33.65,4650,33.7,32750,79800,9280350
NIFTY13OCT2217200CE.NFO,12/10/2022,09:17:38,34.45,34.4,100,34.45,1800,63200,9280350
NIFTY13OCT2217200CE.NFO,12/10/2022,09:17:39,35.05,35.1,250,35.2,1200,17400,9280350
NIFTY13OCT2217200CE.NFO,12/10/2022,09:17:41,35.4,35.35,1250,35.4,350,10250,9280350
NIFTY13OCT2217200CE.NFO,12/10/2022,09:17:42,35.05,35,2750,35.05,350,22050,9280350
NIFTY13OCT2217200CE.NFO,12/10/2022,09:17:43,34.75,34.75,1300,34.85,1200,26150,9280350
NIFTY13OCT2217200CE.NFO,12/10/2022,09:17:44,34.5,34.45,50,34.5,250,6350,9280350
NIFTY13OCT2217200CE.NFO,12/10/2022,09:17:46,34.3,34.2,100,34.25,1550,31700,9280350
NIFTY13OCT2217200CE.NFO,12/10/2022,09:17:47,34.85,34.9,750,35,5050,46400,9280350
NIFTY13OCT2217200CE.NFO,12/10/2022,09:17:48,34.45,34.4,1350,34.45,6450,29400,9280350
NIFTY13OCT2217200CE.NFO,12/10/2022,09:17:49,34.75,34.7,50,34.75,2600,18550,9280350
NIFTY13OCT2217200CE.NFO,12/10/2022,09:17:50,34.5,34.45,2600,34.5,300,10450,9280350
NIFTY13OCT2217200CE.NFO,12/10/2022,09:17:51,34.75,34.7,3200,34.75,350,15700,9280350
NIFTY13OCT2217200CE.NFO,12/10/2022,09:17:53,34.9,34.85,100,34.9,1050,10800,9280350
NIFTY13OCT2217200CE.NFO,12/10/2022,09:17:54,34.75,34.65,50,34.7,1500,9050,9280350
NIFTY13OCT2217200CE.NFO,12/10/2022,09:17:55,34.85,34.75,2950,34.8,150,10150,9280350
NIFTY13OCT2217200CE.NFO,12/10/2022,09:17:56,34.85,34.75,1450,34.85,1600,40450,9280350
NIFTY13OCT2217200CE.NFO,12/10/2022,09:17:57,35,34.9,3600,35,1150,31300,9280350
NIFTY13OCT2217200CE.NFO,12/10/2022,09:17:57,35.1,35.1,3550,35.2,1400,4750,9280350
NIFTY13OCT2217200CE.NFO,12/10/2022,09:17:59,35.4,35.35,100,35.45,2000,15900,9280350
NIFTY13OCT2217200CE.NFO,12/10/2022,09:18:00,35.75,35.7,1700,35.8,1650,33750,9280350
NIFTY13OCT2217200CE.NFO,12/10/2022,09:18:02,35.95,35.9,2600,36.05,2000,18800,9280350
NIFTY13OCT2217200CE.NFO,12/10/2022,09:18:03,35.6,35.55,250,35.65,1450,44350,9280350
NIFTY13OCT2217200CE.NFO,12/10/2022,09:18:04,35.95,35.9,1150,36,2500,18750,9280350
NIFTY13OCT2217200CE.NFO,12/10/2022,09:18:06,35.7,35.55,1200,35.65,1200,24500,9280350
NIFTY13OCT2217200CE.NFO,12/10/2022,09:18:07,34.95,34.95,50,35.05,1400,25150,9280350
NIFTY13OCT2217200CE.NFO,12/10/2022,09:18:08,35.2,35.15,3550,35.2,250,14500,9280350
NIFTY13OCT2217200CE.NFO,12/10/2022,09:18:09,35.8,35.75,100,35.8,2100,24700,9280350
NIFTY13OCT2217200CE.NFO,12/10/2022,09:18:11,35.45,35.4,50,35.5,2400,18400,9280350
NIFTY13OCT2217200CE.NFO,12/10/2022,09:18:12,35.6,35.55,1400,35.65,2500,19600,9280350
NIFTY13OCT2217200CE.NFO,12/10/2022,09:18:13,35.6,35.5,1650,35.55,1800,16150,9280350
NIFTY13OCT2217200CE.NFO,12/10/2022,09:18:15,36,35.9,50,35.95,1400,16300,9280350
NIFTY13OCT2217200CE.NFO,12/10/2022,09:18:16,36.35,36.35,1600,36.45,2150,9150,9280350
NIFTY13OCT2217200CE.NFO,12/10/2022,09:18:17,36.85,36.8,550,36.9,2850,19400,9280350
NIFTY13OCT2217200CE.NFO,12/10/2022,09:18:19,36.25,36.15,1000,36.25,2050,78450,9280350
NIFTY13OCT2217200CE.NFO,12/10/2022,09:18:20,37.85,37.75,2150,37.85,1200,107400,9280350
NIFTY13OCT2217200CE.NFO,12/10/2022,09:18:22,37.7,37.65,150,37.75,2800,28450,9280350
NIFTY13OCT2217200CE.NFO,12/10/2022,09:18:23,37.45,37.45,400,37.55,1500,30900,9280350
NIFTY13OCT2217200CE.NFO,12/10/2022,09:18:24,37.55,37.5,2000,37.55,650,10900,9280350
NIFTY13OCT2217200CE.NFO,12/10/2022,09:18:25,37.9,37.8,150,37.85,250,17100,9280350
NIFTY13OCT2217200CE.NFO,12/10/2022,09:18:26,38.15,38.1,650,38.2,600,38000,9280350
NIFTY13OCT2217200CE.NFO,12/10/2022,09:18:27,38.45,38.35,1150,38.45,1800,14350,9280350
NIFTY13OCT2217200CE.NFO,12/10/2022,09:18:28,38.2,38.15,1550,38.25,3050,18950,9280350
NIFTY13OCT2217200CE.NFO,12/10/2022,09:18:30,37.3,37.3,50,37.35,1400,29050,9280350
NIFTY13OCT2217200CE.NFO,12/10/2022,09:18:31,36.55,36.45,3200,36.55,50,34900,9280350
NIFTY13OCT2217200CE.NFO,12/10/2022,09:18:32,36.7,36.7,1500,36.8,3750,13950,9280350
NIFTY13OCT2217200CE.NFO,12/10/2022,09:18:34,37.15,37.15,50,37.2,250,19300,9280350
NIFTY13OCT2217200CE.NFO,12/10/2022,09:18:35,37.45,37.4,1650,37.55,3250,9200,9280350
NIFTY13OCT2217200CE.NFO,12/10/2022,09:18:36,37.05,37.05,400,37.15,2750,23000,9280350
NIFTY13OCT2217200CE.NFO,12/10/2022,09:18:37,37,37,50,37.1,1700,29450,9280350
NIFTY13OCT2217200CE.NFO,12/10/2022,09:18:38,37.3,37.3,750,37.35,2100,31600,9280350
NIFTY13OCT2217200CE.NFO,12/10/2022,09:18:39,37.45,37.45,550,37.55,2750,28450,9280350
NIFTY13OCT2217200CE.NFO,12/10/2022,09:18:40,37.55,37.55,50,37.6,2400,11300,9280350
NIFTY13OCT2217200CE.NFO,12/10/2022,09:18:41,37.8,37.8,3200,37.9,250,14950,9280350
NIFTY13OCT2217200CE.NFO,12/10/2022,09:18:43,37.05,37,50,37.1,3250,37050,9280350
NIFTY13OCT2217200CE.NFO,12/10/2022,09:18:44,37.65,37.6,200,37.65,5150,14950,9280350
NIFTY13OCT2217200CE.NFO,12/10/2022,09:18:45,37,37,200,37.1,2850,13100,9280350
NIFTY13OCT2217200CE.NFO,12/10/2022,09:18:46,36.95,36.85,450,36.95,1850,20600,9280350
NIFTY13OCT2217200CE.NFO,12/10/2022,09:18:47,36.6,36.55,150,36.65,3650,6100,9280350
NIFTY13OCT2217200CE.NFO,12/10/2022,09:18:48,36.1,36.15,2000,36.2,50,18050,9280350
NIFTY13OCT2217200CE.NFO,12/10/2022,09:18:50,35.4,35.4,2050,35.5,3250,39100,9280350
NIFTY13OCT2217200CE.NFO,12/10/2022,09:18:51,35.35,35.25,3850,35.35,100,18700,9280350
NIFTY13OCT2217200CE.NFO,12/10/2022,09:18:52,35.3,35.2,4100,35.3,1950,10150,9280350
NIFTY13OCT2217200CE.NFO,12/10/2022,09:18:53,35.35,35.25,2700,35.35,200,14700,9280350
NIFTY13OCT2217200CE.NFO,12/10/2022,09:18:55,35.5,35.5,2000,35.6,2150,14850,9280350
NIFTY13OCT2217200CE.NFO,12/10/2022,09:18:56,35.65,35.65,200,35.75,2100,5950,9280350
NIFTY13OCT2217200CE.NFO,12/10/2022,09:18:57,35.85,35.75,2300,35.85,4450,8950,9280350
NIFTY13OCT2217200CE.NFO,12/10/2022,09:18:58,35.45,35.35,2250,35.45,4100,4000,9280350
NIFTY13OCT2217200CE.NFO,12/10/2022,09:18:59,35.7,35.7,2500,35.75,200,5350,9280350
NIFTY13OCT2217200CE.NFO,12/10/2022,09:19:00,35.85,35.75,300,35.85,2150,10000,9280350
NIFTY13OCT2217200CE.NFO,12/10/2022,09:19:01,35.7,35.6,3350,35.7,2050,16600,9280350
NIFTY13OCT2217200CE.NFO,12/10/2022,09:19:02,35.2,35.05,2100,35.1,100,26400,9280350
NIFTY13OCT2217200CE.NFO,12/10/2022,09:19:03,34.8,34.75,3100,34.8,50,44550,9280350
NIFTY13OCT2217200CE.NFO,12/10/2022,09:19:04,34.8,34.7,1800,34.8,2650,9050,9280350
NIFTY13OCT2217200CE.NFO,12/10/2022,09:19:05,34.5,34.4,4100,34.5,4750,18000,9280350
NIFTY13OCT2217200CE.NFO,12/10/2022,09:19:06,34.1,34.1,150,34.15,1200,10900,9280350
NIFTY13OCT2217200CE.NFO,12/10/2022,09:19:07,34.1,34.05,3950,34.15,5500,22400,9280350
NIFTY13OCT2217200CE.NFO,12/10/2022,09:19:09,33.95,33.8,4100,33.85,50,93750,9280350
NIFTY13OCT2217200CE.NFO,12/10/2022,09:19:10,33.7,33.7,5000,33.8,4600,17750,9280350
NIFTY13OCT2217200CE.NFO,12/10/2022,09:19:11,33.45,33.4,2850,33.5,5450,16950,9280350
NIFTY13OCT2217200CE.NFO,12/10/2022,09:19:12,33.35,33.3,1450,33.35,2550,18400,9280350
NIFTY13OCT2217200CE.NFO,12/10/2022,09:19:14,33.05,32.95,2700,33.05,3450,53700,9280350
NIFTY13OCT2217200CE.NFO,12/10/2022,09:19:15,32.8,32.75,2700,32.85,3900,22300,9280350
NIFTY13OCT2217200CE.NFO,12/10/2022,09:19:16,32.75,32.75,2900,32.8,50,18250,9280350
NIFTY13OCT2217200CE.NFO,12/10/2022,09:19:17,32.6,32.55,100,32.65,4500,10000,9280350
NIFTY13OCT2217200CE.NFO,12/10/2022,09:19:19,32.4,32.4,2700,32.45,750,9700,9280350
NIFTY13OCT2217200CE.NFO,12/10/2022,09:19:20,32.5,32.45,4700,32.55,4150,12850,9280350
NIFTY13OCT2217200CE.NFO,12/10/2022,09:19:21,33.15,33,4650,33.1,3500,22450,9280350
NIFTY13OCT2217200CE.NFO,12/10/2022,09:19:22,33.35,33.25,3000,33.35,2650,29500,9280350
NIFTY13OCT2217200CE.NFO,12/10/2022,09:19:24,33.95,33.9,400,33.95,3600,30750,9280350
NIFTY13OCT2217200CE.NFO,12/10/2022,09:19:25,33.95,33.85,5950,34,4000,17550,9280350
NIFTY13OCT2217200CE.NFO,12/10/2022,09:19:26,34.15,34.05,2700,34.15,3900,18300,9280350
NIFTY13OCT2217200CE.NFO,12/10/2022,09:19:27,34.15,34.05,350,34.15,3150,20900,9280350
NIFTY13OCT2217200CE.NFO,12/10/2022,09:19:28,34.45,34.3,5500,34.4,5700,11750,9280350
NIFTY13OCT2217200CE.NFO,12/10/2022,09:19:29,34.35,34.25,7650,34.4,8350,14400,9280350
NIFTY13OCT2217200CE.NFO,12/10/2022,09:19:30,34.35,34.35,50,34.4,600,7450,9280350
NIFTY13OCT2217200CE.NFO,12/10/2022,09:19:31,34.25,34.1,10350,34.2,150,10900,9280350
NIFTY13OCT2217200CE.NFO,12/10/2022,09:19:33,34.5,34.5,2800,34.6,4150,17600,9280350
NIFTY13OCT2217200CE.NFO,12/10/2022,09:19:34,34.95,34.9,350,34.95,3300,7150,9280350
NIFTY13OCT2217200CE.NFO,12/10/2022,09:19:35,34.8,34.7,6450,34.8,150,9700,9280350
NIFTY13OCT2217200CE.NFO,12/10/2022,09:19:36,34.3,34.3,700,34.35,900,13350,9280350
NIFTY13OCT2217200CE.NFO,12/10/2022,09:19:37,34.2,34.25,200,34.3,3350,26200,9280350
NIFTY13OCT2217200CE.NFO,12/10/2022,09:19:38,33.95,33.95,3550,34.1,6350,16100,9280350
NIFTY13OCT2217200CE.NFO,12/10/2022,09:19:40,34.25,34.15,50,34.2,2800,9050,9280350
NIFTY13OCT2217200CE.NFO,12/10/2022,09:19:41,33.4,33.3,1650,33.4,4250,16250,9280350
NIFTY13OCT2217200CE.NFO,12/10/2022,09:19:43,33.45,33.35,4400,33.5,8450,38600,9280350
NIFTY13OCT2217200CE.NFO,12/10/2022,09:19:44,33.45,33.4,50,33.45,3150,5850,9280350
NIFTY13OCT2217200CE.NFO,12/10/2022,09:19:45,33.1,33,11300,33.05,50,12700,9280350
NIFTY13OCT2217200CE.NFO,12/10/2022,09:19:46,33.85,33.75,3750,33.85,4850,10200,9280350
NIFTY13OCT2217200CE.NFO,12/10/2022,09:19:47,34.15,34.15,250,34.2,2900,14800,9280350
NIFTY13OCT2217200CE.NFO,12/10/2022,09:19:48,34.15,34.05,250,34.1,2650,12600,9280350
NIFTY13OCT2217200CE.NFO,12/10/2022,09:19:49,34.1,34.05,250,34.1,2950,6450,9280350
NIFTY13OCT2217200CE.NFO,12/10/2022,09:19:50,34.15,34.15,2550,34.2,3300,7900,9280350
NIFTY13OCT2217200CE.NFO,12/10/2022,09:19:52,34.7,34.65,4050,34.8,3050,16700,9280350
NIFTY13OCT2217200CE.NFO,12/10/2022,09:19:53,34.75,34.65,50,34.7,2800,10700,9280350
NIFTY13OCT2217200CE.NFO,12/10/2022,09:19:54,34.2,34.15,5300,34.2,100,12650,9280350
NIFTY13OCT2217200CE.NFO,12/10/2022,09:19:55,34.35,34.4,2100,34.45,1600,3850,9280350
NIFTY13OCT2217200CE.NFO,12/10/2022,09:19:56,34.6,34.65,450,34.75,3850,16150,9280350
NIFTY13OCT2217200CE.NFO,12/10/2022,09:19:57,34.75,34.65,200,34.75,3800,8150,9280350
NIFTY13OCT2217200CE.NFO,12/10/2022,09:19:57,34.65,34.55,5850,34.65,6000,50,9280350
NIFTY13OCT2217200CE.NFO,12/10/2022,09:19:58,34.15,34.15,5500,34.25,300,7650,9280350
NIFTY13OCT2217200CE.NFO,12/10/2022,09:20:00,33.2,33.15,5300,33.25,5250,31300,9280350
NIFTY13OCT2217200CE.NFO,12/10/2022,09:20:01,33,33,3700,33.1,2800,68600,9280350
NIFTY13OCT2217200CE.NFO,12/10/2022,09:20:02,32.95,32.95,3000,33,1250,30400,9280350
NIFTY13OCT2217200CE.NFO,12/10/2022,09:20:03,32.5,32.45,800,32.5,2550,23400,9280350
NIFTY13OCT2217200CE.NFO,12/10/2022,09:20:04,33.35,33.3,3250,33.4,5550,24700,9280350
NIFTY13OCT2217200CE.NFO,12/10/2022,09:20:05,33.35,33.3,3450,33.35,150,800,9280350
NIFTY13OCT2217200CE.NFO,12/10/2022,09:20:06,33.25,33.15,5800,33.25,1100,13550,9280350
NIFTY13OCT2217200CE.NFO,12/10/2022,09:20:07,32.45,32.45,2600,32.5,1100,20650,9280350
NIFTY13OCT2217200CE.NFO,12/10/2022,09:20:08,32.15,32.1,2500,32.2,4050,38700,9280350
NIFTY13OCT2217200CE.NFO,12/10/2022,09:20:09,32.1,32.05,5300,32.15,3200,29050,9280350
NIFTY13OCT2217200CE.NFO,12/10/2022,09:20:11,32.1,32.05,50,32.1,5550,42250,9280350
NIFTY13OCT2217200CE.NFO,12/10/2022,09:20:12,31.9,31.9,4300,32,3600,42600,9280350
NIFTY13OCT2217200CE.NFO,12/10/2022,09:20:13,32.1,32.1,2750,32.2,6750,8900,9280350
NIFTY13OCT2217200CE.NFO,12/10/2022,09:20:14,32.4,32.35,6150,32.45,2850,13200,9280350
NIFTY13OCT2217200CE.NFO,12/10/2022,09:20:15,32.55,32.55,3500,32.65,3150,14400,9280350
NIFTY13OCT2217200CE.NFO,12/10/2022,09:20:17,33.1,32.95,4850,33.05,2850,22950,9280350
NIFTY13OCT2217200CE.NFO,12/10/2022,09:20:18,32.8,32.7,2900,32.8,2750,11800,9280350
NIFTY13OCT2217200CE.NFO,12/10/2022,09:20:19,32.4,32.35,2400,32.45,150,13200,9280350
NIFTY13OCT2217200CE.NFO,12/10/2022,09:20:20,32.65,32.55,3000,32.65,4300,6800,9280350
NIFTY13OCT2217200CE.NFO,12/10/2022,09:20:21,32.1,32.05,4200,32.1,100,17450,9280350
NIFTY13OCT2217200CE.NFO,12/10/2022,09:20:22,31.9,31.85,3400,32,7900,22900,9280350
NIFTY13OCT2217200CE.NFO,12/10/2022,09:20:23,31.85,31.85,2800,31.95,2850,11200,9280350
NIFTY13OCT2217200CE.NFO,12/10/2022,09:20:25,31.5,31.4,3000,31.5,2150,20650,9280350
NIFTY13OCT2217200CE.NFO,12/10/2022,09:20:26,31.25,31.2,2800,31.3,3300,26000,9280350
NIFTY13OCT2217200CE.NFO,12/10/2022,09:20:27,31.25,31.25,2800,31.3,1400,35500,9280350
NIFTY13OCT2217200CE.NFO,12/10/2022,09:20:28,31.5,31.55,250,31.6,4600,21500,9280350
NIFTY13OCT2217200CE.NFO,12/10/2022,09:20:29,31.4,31.35,4600,31.45,3250,14550,9280350
NIFTY13OCT2217200CE.NFO,12/10/2022,09:20:30,31.9,31.9,50,31.95,3750,18150,9280350
NIFTY13OCT2217200CE.NFO,12/10/2022,09:20:31,32.1,32.05,4700,32.15,3800,13250,9280350
NIFTY13OCT2217200CE.NFO,12/10/2022,09:20:33,32.2,32.1,7100,32.2,2750,25350,9280350
NIFTY13OCT2217200CE.NFO,12/10/2022,09:20:34,31.85,31.8,5550,31.85,50,20750,9773300
NIFTY13OCT2217200CE.NFO,12/10/2022,09:20:35,32,31.9,2800,32,6250,9550,9773300
NIFTY13OCT2217200CE.NFO,12/10/2022,09:20:36,32,31.95,100,32,5400,7400,9773300
NIFTY13OCT2217200CE.NFO,12/10/2022,09:20:37,32.75,32.55,4200,32.65,2800,20500,9773300
NIFTY13OCT2217200CE.NFO,12/10/2022,09:20:38,33.15,33.1,50,33.15,3200,19000,9773300
NIFTY13OCT2217200CE.NFO,12/10/2022,09:20:39,33.2,33.25,100,33.3,2550,21850,9773300
NIFTY13OCT2217200CE.NFO,12/10/2022,09:20:40,33.25,33.25,1400,33.3,5350,14400,9773300
NIFTY13OCT2217200CE.NFO,12/10/2022,09:20:42,32.95,32.85,2950,32.9,1600,18500,9773300
NIFTY13OCT2217200CE.NFO,12/10/2022,09:20:43,33,32.9,550,32.95,3450,7650,9773300
NIFTY13OCT2217200CE.NFO,12/10/2022,09:20:44,32.95,32.85,3350,32.95,5550,19900,9773300
NIFTY13OCT2217200CE.NFO,12/10/2022,09:20:45,32.6,32.35,5300,32.45,2700,13850,9773300
NIFTY13OCT2217200CE.NFO,12/10/2022,09:20:46,32.8,32.75,800,32.8,2550,18400,9773300
NIFTY13OCT2217200CE.NFO,12/10/2022,09:20:47,32.9,32.8,2950,32.9,3250,13900,9773300
NIFTY13OCT2217200CE.NFO,12/10/2022,09:20:48,32.9,32.9,1350,32.95,2700,22650,9773300
NIFTY13OCT2217200CE.NFO,12/10/2022,09:20:49,32.95,32.85,3150,32.95,3300,250,9773300
NIFTY13OCT2217200CE.NFO,12/10/2022,09:20:50,32.85,32.85,6500,32.95,5550,7650,9773300
NIFTY13OCT2217200CE.NFO,12/10/2022,09:20:51,32.75,32.75,2500,32.85,3700,15450,9773300
NIFTY13OCT2217200CE.NFO,12/10/2022,09:20:53,32.45,32.35,3200,32.45,3200,28550,9773300
NIFTY13OCT2217200CE.NFO,12/10/2022,09:20:54,32.35,32.2,6750,32.3,2400,3200,9773300
NIFTY13OCT2217200CE.NFO,12/10/2022,09:20:55,32.4,32.35,2600,32.45,5550,18250,9773300
NIFTY13OCT2217200CE.NFO,12/10/2022,09:20:56,32.25,32.25,2450,32.35,2600,6800,9773300
NIFTY13OCT2217200CE.NFO,12/10/2022,09:20:57,32.4,32.3,7050,32.4,3750,71050,9773300
NIFTY13OCT2217200CE.NFO,12/10/2022,09:20:58,31.45,31.45,5250,31.55,2700,28500,9773300
NIFTY13OCT2217200CE.NFO,12/10/2022,09:20:59,31.45,31.4,10150,31.5,2500,20150,9773300
NIFTY13OCT2217200CE.NFO,12/10/2022,09:21:00,31.55,31.5,50,31.55,2800,25450,9773300
NIFTY13OCT2217200CE.NFO,12/10/2022,09:21:01,31.35,31.3,3050,31.35,200,5150,9773300
NIFTY13OCT2217200CE.NFO,12/10/2022,09:21:02,31.3,31.2,2800,31.3,7300,11300,9773300
NIFTY13OCT2217200CE.NFO,12/10/2022,09:21:03,31.3,31.3,100,31.35,4100,8550,9773300
NIFTY13OCT2217200CE.NFO,12/10/2022,09:21:04,31.2,31.15,2700,31.2,550,4800,9773300
NIFTY13OCT2217200CE.NFO,12/10/2022,09:21:05,31.4,31.35,4950,31.45,2500,4750,9773300
NIFTY13OCT2217200CE.NFO,12/10/2022,09:21:06,31.4,31.3,4400,31.4,4400,14500,9773300
NIFTY13OCT2217200CE.NFO,12/10/2022,09:21:07,31.25,31.15,3300,31.25,2500,21550,9773300
NIFTY13OCT2217200CE.NFO,12/10/2022,09:21:08,31.05,31.05,3850,31.15,2500,12150,9773300
NIFTY13OCT2217200CE.NFO,12/10/2022,09:21:09,30.7,30.7,2900,30.75,2450,58100,9773300
NIFTY13OCT2217200CE.NFO,12/10/2022,09:21:11,30.5,30.4,5900,30.5,4750,21750,9773300
NIFTY13OCT2217200CE.NFO,12/10/2022,09:21:12,30.4,30.4,2850,30.5,4300,11700,9773300
NIFTY13OCT2217200CE.NFO,12/10/2022,09:21:13,30.5,30.5,5000,30.6,2800,17500,9773300
NIFTY13OCT2217200CE.NFO,12/10/2022,09:21:14,30.5,30.4,5750,30.5,3200,20000,9773300
NIFTY13OCT2217200CE.NFO,12/10/2022,09:21:15,30.45,30.35,6400,30.45,2800,93700,9773300
NIFTY13OCT2217200CE.NFO,12/10/2022,09:21:16,30.35,30.35,5100,30.45,3350,14800,9773300
NIFTY13OCT2217200CE.NFO,12/10/2022,09:21:17,30.3,30.3,6250,30.4,2800,15100,9773300
NIFTY13OCT2217200CE.NFO,12/10/2022,09:21:18,30.35,30.3,3350,30.4,2850,950,9773300
NIFTY13OCT2217200CE.NFO,12/10/2022,09:21:19,30.55,30.5,2950,30.55,2900,86800,9773300
NIFTY13OCT2217200CE.NFO,12/10/2022,09:21:20,30.65,30.6,3550,30.7,2850,11550,9773300
NIFTY13OCT2217200CE.NFO,12/10/2022,09:21:21,30.35,30.35,200,30.4,4000,9850,9773300
NIFTY13OCT2217200CE.NFO,12/10/2022,09:21:22,30.15,30.05,5500,30.15,4550,43900,9773300
NIFTY13OCT2217200CE.NFO,12/10/2022,09:21:22,29.85,30.05,5500,30.15,4550,0,9773300
NIFTY13OCT2217200CE.NFO,12/10/2022,09:21:23,29.9,29.9,100,30,5650,25650,9773300
NIFTY13OCT2217200CE.NFO,12/10/2022,09:21:24,30.4,30.3,5900,30.4,2850,24400,9773300
NIFTY13OCT2217200CE.NFO,12/10/2022,09:21:25,30.1,30.2,200,30.25,6000,24850,9773300
NIFTY13OCT2217200CE.NFO,12/10/2022,09:21:26,30,30,5700,30.1,6450,11400,9773300
NIFTY13OCT2217200CE.NFO,12/10/2022,09:21:27,30,30,5300,30.1,7100,2150,9773300
NIFTY13OCT2217200CE.NFO,12/10/2022,09:21:28,30.6,30.6,9100,30.7,4450,40900,9773300
NIFTY13OCT2217200CE.NFO,12/10/2022,09:21:29,31,31,250,31.05,5400,20750,9773300
NIFTY13OCT2217200CE.NFO,12/10/2022,09:21:30,30.45,30.4,5350,30.5,6450,12750,9773300
NIFTY13OCT2217200CE.NFO,12/10/2022,09:21:31,30.5,30.45,2800,30.5,2950,23150,9773300
NIFTY13OCT2217200CE.NFO,12/10/2022,09:21:32,30.4,30.3,2250,30.35,100,7750,9773300
NIFTY13OCT2217200CE.NFO,12/10/2022,09:21:33,30.05,30.05,2800,30.1,1000,30250,9773300
NIFTY13OCT2217200CE.NFO,12/10/2022,09:21:33,29.75,30.05,2800,30.1,1000,0,9773300
NIFTY13OCT2217200CE.NFO,12/10/2022,09:21:34,30.5,30.45,2100,30.5,3800,11350,9773300
NIFTY13OCT2217200CE.NFO,12/10/2022,09:21:35,30.7,30.7,250,30.75,5100,21550,9773300
NIFTY13OCT2217200CE.NFO,12/10/2022,09:21:36,30.8,30.75,3250,30.85,9400,36800,9773300
NIFTY13OCT2217200CE.NFO,12/10/2022,09:21:37,30.75,30.75,3450,30.8,50,2900,9773300
NIFTY13OCT2217200CE.NFO,12/10/2022,09:21:38,30.55,30.55,2700,30.6,1000,20300,9773300
NIFTY13OCT2217200CE.NFO,12/10/2022,09:21:39,30.65,30.5,5000,30.6,5350,9400,9773300
NIFTY13OCT2217200CE.NFO,12/10/2022,09:21:40,30.45,30.5,4300,30.6,8250,9050,9773300
NIFTY13OCT2217200CE.NFO,12/10/2022,09:21:41,30.35,30.3,5600,30.35,100,15950,9773300
NIFTY13OCT2217200CE.NFO,12/10/2022,09:21:42,30.35,30.2,2600,30.25,1000,9000,9773300
NIFTY13OCT2217200CE.NFO,12/10/2022,09:21:43,30.15,30.15,4850,30.25,5300,600,9773300
NIFTY13OCT2217200CE.NFO,12/10/2022,09:21:44,30.2,30.15,3900,30.25,10000,7850,9773300
NIFTY13OCT2217200CE.NFO,12/10/2022,09:21:45,30.05,30.05,4850,30.15,3300,28500,9773300
NIFTY13OCT2217200CE.NFO,12/10/2022,09:21:46,30.05,30,5650,30.05,1500,14700,9773300
NIFTY13OCT2217200CE.NFO,12/10/2022,09:21:47,30.05,30.05,6450,30.15,2900,9200,9773300
NIFTY13OCT2217200CE.NFO,12/10/2022,09:21:48,29.75,29.7,1000,29.75,950,5450,9773300
NIFTY13OCT2217200CE.NFO,12/10/2022,09:21:49,29.6,29.6,7300,29.7,3700,12600,9773300
NIFTY13OCT2217200CE.NFO,12/10/2022,09:21:49,29.5,29.6,7300,29.7,3700,0,9773300
NIFTY13OCT2217200CE.NFO,12/10/2022,09:21:50,29.45,29.35,2800,29.45,5350,14750,9773300
NIFTY13OCT2217200CE.NFO,12/10/2022,09:21:50,29.25,29.35,2800,29.45,5350,0,9773300
NIFTY13OCT2217200CE.NFO,12/10/2022,09:21:51,29.3,29.3,1250,29.35,5650,18900,9773300
NIFTY13OCT2217200CE.NFO,12/10/2022,09:21:53,29.25,29.2,50,29.25,3300,14450,9773300
NIFTY13OCT2217200CE.NFO,12/10/2022,09:21:53,29.15,29.2,50,29.25,3300,0,9773300
NIFTY13OCT2217200CE.NFO,12/10/2022,09:21:54,29.1,29.1,1250,29.15,5600,12950,9773300
NIFTY13OCT2217200CE.NFO,12/10/2022,09:21:54,29.05,29.1,1250,29.15,5600,0,9773300
NIFTY13OCT2217200CE.NFO,12/10/2022,09:21:55,28.9,28.9,3600,29,5950,36100,9773300
NIFTY13OCT2217200CE.NFO,12/10/2022,09:21:55,28.8,28.9,3600,29,5950,0,9773300
NIFTY13OCT2217200CE.NFO,12/10/2022,09:21:56,28.75,28.85,1250,28.9,3700,12350,9773300
NIFTY13OCT2217200CE.NFO,12/10/2022,09:21:56,28.75,28.85,1250,28.9,3700,0,9773300
NIFTY13OCT2217200CE.NFO,12/10/2022,09:21:57,28.7,28.75,2800,28.85,3350,19250,9773300
NIFTY13OCT2217200CE.NFO,12/10/2022,09:21:57,28.65,28.75,2800,28.85,3350,0,9773300
NIFTY13OCT2217200CE.NFO,12/10/2022,09:21:58,28.65,28.65,3750,28.7,50,23900,9773300
NIFTY13OCT2217200CE.NFO,12/10/2022,09:21:58,28.6,28.65,3750,28.7,50,0,9773300
NIFTY13OCT2217200CE.NFO,12/10/2022,09:21:59,28.7,28.65,6350,28.75,3000,12950,9773300
NIFTY13OCT2217200CE.NFO,12/10/2022,09:22:01,28.9,28.9,2600,29,5250,56500,9773300
NIFTY13OCT2217200CE.NFO,12/10/2022,09:22:02,29.05,29.1,4100,29.2,7600,15950,9773300
NIFTY13OCT2217200CE.NFO,12/10/2022,09:22:03,29.5,29.5,3300,29.55,100,26300,9773300
NIFTY13OCT2217200CE.NFO,12/10/2022,09:22:04,29.2,29.2,5050,29.3,3600,9400,9773300
NIFTY13OCT2217200CE.NFO,12/10/2022,09:22:05,29.45,29.45,50,29.5,4100,5800,9773300
NIFTY13OCT2217200CE.NFO,12/10/2022,09:22:06,29.85,29.85,2300,29.95,5300,16100,9773300
NIFTY13OCT2217200CE.NFO,12/10/2022,09:22:07,29.85,29.75,3100,29.85,4550,28550,9773300
NIFTY13OCT2217200CE.NFO,12/10/2022,09:22:09,29.75,29.65,4850,29.75,6050,13100,9773300
NIFTY13OCT2217200CE.NFO,12/10/2022,09:22:10,29.75,29.65,3600,29.75,3350,16600,9773300
NIFTY13OCT2217200CE.NFO,12/10/2022,09:22:11,29.85,29.85,1350,29.9,3250,9650,9773300
NIFTY13OCT2217200CE.NFO,12/10/2022,09:22:12,30.2,30.2,2650,30.25,100,26500,9773300
NIFTY13OCT2217200CE.NFO,12/10/2022,09:22:13,30.15,30.05,6200,30.2,6450,12600,9773300
NIFTY13OCT2217200CE.NFO,12/10/2022,09:22:14,30.15,30.1,3000,30.2,6250,10300,9773300
NIFTY13OCT2217200CE.NFO,12/10/2022,09:22:16,30.25,30.3,100,30.35,3350,14300,9773300
NIFTY13OCT2217200CE.NFO,12/10/2022,09:22:17,30.45,30.4,2800,30.5,4950,9950,9773300
NIFTY13OCT2217200CE.NFO,12/10/2022,09:22:18,30.55,30.5,3950,30.6,4650,16950,9773300
NIFTY13OCT2217200CE.NFO,12/10/2022,09:22:18,30.55,30.55,3650,30.65,3400,13600,9773300
NIFTY13OCT2217200CE.NFO,12/10/2022,09:22:20,31.15,31.15,5250,31.25,3050,36250,9773300
NIFTY13OCT2217200CE.NFO,12/10/2022,09:22:21,31,31,2950,31.1,7650,16300,9773300
NIFTY13OCT2217200CE.NFO,12/10/2022,09:22:22,31.3,31.2,50,31.25,2900,11250,9773300
NIFTY13OCT2217200CE.NFO,12/10/2022,09:22:23,31.6,31.6,50,31.65,1650,20500,9773300
NIFTY13OCT2217200CE.NFO,12/10/2022,09:22:25,31.75,31.75,4600,31.85,5900,19500,9773300
NIFTY13OCT2217200CE.NFO,12/10/2022,09:22:26,31.6,31.6,6850,31.7,1900,15750,9773300
NIFTY13OCT2217200CE.NFO,12/10/2022,09:22:27,32.05,32.05,4450,32.15,4600,29350,9773300
NIFTY13OCT2217200CE.NFO,12/10/2022,09:22:28,31.9,31.8,5700,31.9,2800,10550,9773300
NIFTY13OCT2217200CE.NFO,12/10/2022,09:22:29,31.9,31.8,6650,31.95,5450,9200,9773300
NIFTY13OCT2217200CE.NFO,12/10/2022,09:22:30,32.25,32.2,5150,32.3,3850,17000,9773300
NIFTY13OCT2217200CE.NFO,12/10/2022,09:22:32,32.6,32.5,5750,32.65,8600,31850,9773300
NIFTY13OCT2217200CE.NFO,12/10/2022,09:22:33,32.45,32.45,3050,32.55,3200,22050,9773300
NIFTY13OCT2217200CE.NFO,12/10/2022,09:22:34,32.65,32.55,5350,32.7,4350,12250,9773300
NIFTY13OCT2217200CE.NFO,12/10/2022,09:22:35,32.8,32.7,3700,32.85,6600,25350,9773300
NIFTY13OCT2217200CE.NFO,12/10/2022,09:22:36,33.45,33.35,4800,33.45,3800,36400,9773300
NIFTY13OCT2217200CE.NFO,12/10/2022,09:22:37,33.35,33.35,5850,33.45,3250,16400,9773300
NIFTY13OCT2217200CE.NFO,12/10/2022,09:22:38,33.7,33.6,5600,33.7,3000,11350,9773300
NIFTY13OCT2217200CE.NFO,12/10/2022,09:22:40,33.8,33.8,6650,33.95,6650,38450,9773300
NIFTY13OCT2217200CE.NFO,12/10/2022,09:22:41,34.1,33.95,3100,34.05,50,24100,9773300
NIFTY13OCT2217200CE.NFO,12/10/2022,09:22:42,33.75,33.65,50,33.7,1450,32550,9773300
NIFTY13OCT2217200CE.NFO,12/10/2022,09:22:43,33.65,33.65,3850,33.75,2250,20150,9773300
NIFTY13OCT2217200CE.NFO,12/10/2022,09:22:45,33.85,33.9,50,33.95,2800,18650,9773300
NIFTY13OCT2217200CE.NFO,12/10/2022,09:22:46,34,33.9,2550,34,8250,21550,9773300
NIFTY13OCT2217200CE.NFO,12/10/2022,09:22:46,34,34.05,4250,34.15,2350,9100,9773300
NIFTY13OCT2217200CE.NFO,12/10/2022,09:22:47,33.85,33.7,1650,33.8,50,25250,9773300
NIFTY13OCT2217200CE.NFO,12/10/2022,09:22:48,33.9,33.85,50,33.9,1850,13800,9773300
NIFTY13OCT2217200CE.NFO,12/10/2022,09:22:49,34.1,33.95,7400,34.1,8250,18500,9773300
NIFTY13OCT2217200CE.NFO,12/10/2022,09:22:51,34.05,34.1,100,34.15,2800,22650,9773300
NIFTY13OCT2217200CE.NFO,12/10/2022,09:22:52,34,33.9,3050,34,4600,20050,9773300
NIFTY13OCT2217200CE.NFO,12/10/2022,09:22:53,34.7,34.55,500,34.65,3450,27350,9773300
NIFTY13OCT2217200CE.NFO,12/10/2022,09:22:54,34.55,34.5,50,34.6,5500,15950,9773300
NIFTY13OCT2217200CE.NFO,12/10/2022,09:22:56,34.75,34.6,8200,34.75,3200,23850,9773300
NIFTY13OCT2217200CE.NFO,12/10/2022,09:22:57,34.8,34.85,600,34.95,5800,18150,9773300
NIFTY13OCT2217200CE.NFO,12/10/2022,09:22:58,34.8,34.8,2700,34.9,3000,18050,9773300
NIFTY13OCT2217200CE.NFO,12/10/2022,09:22:59,34.95,34.9,500,35,37000,19150,9773300
NIFTY13OCT2217200CE.NFO,12/10/2022,09:22:59,34.9,34.8,100,34.9,4550,6150,9773300
NIFTY13OCT2217200CE.NFO,12/10/2022,09:23:00,34.8,34.8,6600,34.95,4100,6800,9773300
NIFTY13OCT2217200CE.NFO,12/10/2022,09:23:01,33.55,33.4,3700,33.5,3000,63850,9773300
NIFTY13OCT2217200CE.NFO,12/10/2022,09:23:03,33.15,33.15,2350,33.2,100,27400,9773300
NIFTY13OCT2217200CE.NFO,12/10/2022,09:23:04,33.3,33.2,6200,33.3,5050,16450,9773300
NIFTY13OCT2217200CE.NFO,12/10/2022,09:23:05,32.95,32.85,3900,32.95,3250,38100,9773300
NIFTY13OCT2217200CE.NFO,12/10/2022,09:23:06,33,33,3150,33.05,950,15050,9773300
NIFTY13OCT2217200CE.NFO,12/10/2022,09:23:08,32.55,32.45,3700,32.55,3950,33900,9773300
NIFTY13OCT2217200CE.NFO,12/10/2022,09:23:09,32.65,32.6,3800,32.7,2300,9200,9773300
NIFTY13OCT2217200CE.NFO,12/10/2022,09:23:10,32.7,32.75,3750,32.85,5400,8100,9773300
NIFTY13OCT2217200CE.NFO,12/10/2022,09:23:11,32.95,32.8,3550,32.9,3800,4450,9773300
NIFTY13OCT2217200CE.NFO,12/10/2022,09:23:12,32.7,32.7,3600,32.8,4850,7950,9773300
NIFTY13OCT2217200CE.NFO,12/10/2022,09:23:13,33,32.9,5650,33.05,4300,8600,9773300
NIFTY13OCT2217200CE.NFO,12/10/2022,09:23:14,33,33,4150,33.1,50,8350,9773300
NIFTY13OCT2217200CE.NFO,12/10/2022,09:23:14,33.1,33.05,3900,33.15,2950,1450,9773300
NIFTY13OCT2217200CE.NFO,12/10/2022,09:23:15,33.4,33.4,250,33.5,5250,8550,9773300
NIFTY13OCT2217200CE.NFO,12/10/2022,09:23:16,33.6,33.45,4700,33.55,2800,16600,9773300
NIFTY13OCT2217200CE.NFO,12/10/2022,09:23:17,33.55,33.5,200,33.6,3650,6550,9773300
NIFTY13OCT2217200CE.NFO,12/10/2022,09:23:18,33.45,33.4,1100,33.5,6450,7750,9773300
NIFTY13OCT2217200CE.NFO,12/10/2022,09:23:19,33,32.9,3850,33,3700,32100,9773300
NIFTY13OCT2217200CE.NFO,12/10/2022,09:23:20,33.1,33,1450,33.1,3700,12150,9773300
NIFTY13OCT2217200CE.NFO,12/10/2022,09:23:21,32.7,32.65,3500,32.7,50,11150,9773300
NIFTY13OCT2217200CE.NFO,12/10/2022,09:23:22,32.95,32.9,8650,33,1150,10650,9773300
NIFTY13OCT2217200CE.NFO,12/10/2022,09:23:24,33.75,33.7,2800,33.75,850,10500,9773300
NIFTY13OCT2217200CE.NFO,12/10/2022,09:23:24,33.85,33.75,1300,33.85,2950,1100,9773300
NIFTY13OCT2217200CE.NFO,12/10/2022,09:23:25,34.05,34.05,2950,34.15,6100,9700,9773300
NIFTY13OCT2217200CE.NFO,12/10/2022,09:23:26,33.5,33.5,5600,33.6,5600,28050,9773300
NIFTY13OCT2217200CE.NFO,12/10/2022,09:23:27,33.45,33.4,3400,33.5,3350,7050,9773300
NIFTY13OCT2217200CE.NFO,12/10/2022,09:23:28,33.5,33.4,3650,33.45,50,9200,9773300
NIFTY13OCT2217200CE.NFO,12/10/2022,09:23:29,33.6,33.5,6350,33.6,42500,4750,9773300
NIFTY13OCT2217200CE.NFO,12/10/2022,09:23:30,33.75,33.75,1700,33.8,1000,60350,9773300
NIFTY13OCT2217200CE.NFO,12/10/2022,09:23:32,33.45,33.35,50,33.45,4950,13350,9773300
NIFTY13OCT2217200CE.NFO,12/10/2022,09:23:32,33.25,33.1,3000,33.2,3050,450,9773300
NIFTY13OCT2217200CE.NFO,12/10/2022,09:23:33,33.95,33.9,1550,33.95,3800,17400,10015100
NIFTY13OCT2217200CE.NFO,12/10/2022,09:23:34,34.3,34.2,4750,34.3,3950,19400,10015100
NIFTY13OCT2217200CE.NFO,12/10/2022,09:23:35,34.45,34.4,4700,34.5,6700,11200,10015100
NIFTY13OCT2217200CE.NFO,12/10/2022,09:23:37,34.75,34.7,3050,34.75,650,27900,10015100
NIFTY13OCT2217200CE.NFO,12/10/2022,09:23:38,34.8,34.8,300,34.85,50,13400,10015100
NIFTY13OCT2217200CE.NFO,12/10/2022,09:23:39,34.7,34.7,2600,34.75,1150,6850,10015100
NIFTY13OCT2217200CE.NFO,12/10/2022,09:23:39,34.75,34.75,1400,34.8,1100,9250,10015100
NIFTY13OCT2217200CE.NFO,12/10/2022,09:23:40,34.8,34.8,2800,34.9,2650,22250,10015100
NIFTY13OCT2217200CE.NFO,12/10/2022,09:23:41,35.3,35.2,5900,35.3,2750,65450,10015100
NIFTY13OCT2217200CE.NFO,12/10/2022,09:23:42,35.3,35.2,3650,35.3,5100,8400,10015100
NIFTY13OCT2217200CE.NFO,12/10/2022,09:23:43,34.95,34.75,3900,34.85,3200,9650,10015100
NIFTY13OCT2217200CE.NFO,12/10/2022,09:23:45,35,35,1050,35.05,6900,14900,10015100
NIFTY13OCT2217200CE.NFO,12/10/2022,09:23:45,35,34.95,3850,35.05,3000,2550,10015100
NIFTY13OCT2217200CE.NFO,12/10/2022,09:23:46,35.2,35.1,50,35.2,6150,22650,10015100
NIFTY13OCT2217200CE.NFO,12/10/2022,09:23:47,35.4,35.3,5900,35.4,1050,12350,10015100
NIFTY13OCT2217200CE.NFO,12/10/2022,09:23:48,34.95,34.8,5600,34.9,1000,16700,10015100
NIFTY13OCT2217200CE.NFO,12/10/2022,09:23:49,35.3,35.2,1300,35.25,200,18950,10015100
NIFTY13OCT2217200CE.NFO,12/10/2022,09:23:50,35,34.9,1600,35,2900,10650,10015100
NIFTY13OCT2217200CE.NFO,12/10/2022,09:23:52,34.75,34.65,5700,34.75,4450,8400,10015100
NIFTY13OCT2217200CE.NFO,12/10/2022,09:23:52,34.75,34.7,5950,34.85,4450,800,10015100
NIFTY13OCT2217200CE.NFO,12/10/2022,09:23:53,34.25,34.1,5850,34.25,4100,24100,10015100
NIFTY13OCT2217200CE.NFO,12/10/2022,09:23:54,34.2,34.2,4650,34.3,2500,13700,10015100
NIFTY13OCT2217200CE.NFO,12/10/2022,09:23:55,34.7,34.6,5700,34.75,3400,18700,10015100
NIFTY13OCT2217200CE.NFO,12/10/2022,09:23:56,34.15,34.2,100,34.3,5900,13950,10015100
NIFTY13OCT2217200CE.NFO,12/10/2022,09:23:57,34.05,34,4850,34.1,900,20600,10015100
NIFTY13OCT2217200CE.NFO,12/10/2022,09:23:58,34.6,34.55,50,34.6,100,7000,10015100
NIFTY13OCT2217200CE.NFO,12/10/2022,09:23:59,34.45,34.4,1400,34.5,4800,8700,10015100
NIFTY13OCT2217200CE.NFO,12/10/2022,09:24:00,34.2,34.2,3050,34.35,4900,11300,10015100
NIFTY13OCT2217200CE.NFO,12/10/2022,09:24:02,33.8,33.8,5950,33.9,3150,5450,10015100
NIFTY13OCT2217200CE.NFO,12/10/2022,09:24:02,34,33.95,1150,34,50,4050,10015100
NIFTY13OCT2217200CE.NFO,12/10/2022,09:24:03,33.7,33.7,100,33.75,100,5500,10015100
NIFTY13OCT2217200CE.NFO,12/10/2022,09:24:04,34.4,34.4,3200,34.45,2100,12500,10015100
NIFTY13OCT2217200CE.NFO,12/10/2022,09:24:05,34.65,34.55,5600,34.65,4200,15700,10015100
NIFTY13OCT2217200CE.NFO,12/10/2022,09:24:06,34.35,34.35,5800,34.4,350,3150,10015100
NIFTY13OCT2217200CE.NFO,12/10/2022,09:24:07,34.25,34.1,2950,34.2,7200,10650,10015100
NIFTY13OCT2217200CE.NFO,12/10/2022,09:24:09,34.25,34.2,2900,34.3,5850,9750,10015100
NIFTY13OCT2217200CE.NFO,12/10/2022,09:24:09,34.3,34.15,4550,34.25,300,1100,10015100
NIFTY13OCT2217200CE.NFO,12/10/2022,09:24:10,33.85,33.75,1000,33.85,4900,8950,10015100
NIFTY13OCT2217200CE.NFO,12/10/2022,09:24:11,34,33.95,100,34,1000,5000,10015100
NIFTY13OCT2217200CE.NFO,12/10/2022,09:24:12,33.9,33.8,2950,33.9,3250,5350,10015100
NIFTY13OCT2217200CE.NFO,12/10/2022,09:24:13,33.5,33.45,1000,33.5,150,10000,10015100
NIFTY13OCT2217200CE.NFO,12/10/2022,09:24:14,33.95,33.95,200,34,400,13350,10015100
NIFTY13OCT2217200CE.NFO,12/10/2022,09:24:15,34.5,34.35,6750,34.5,5400,9600,10015100
NIFTY13OCT2217200CE.NFO,12/10/2022,09:24:16,34.3,34.3,2550,34.4,3150,6800,10015100
NIFTY13OCT2217200CE.NFO,12/10/2022,09:24:17,34.75,34.65,8300,34.75,1050,5650,10015100
NIFTY13OCT2217200CE.NFO,12/10/2022,09:24:18,34.55,34.55,3100,34.65,3250,7800,10015100
NIFTY13OCT2217200CE.NFO,12/10/2022,09:24:19,34.55,34.55,3400,34.65,1050,3750,10015100
NIFTY13OCT2217200CE.NFO,12/10/2022,09:24:20,34.7,34.7,7300,34.85,5750,21400,10015100
NIFTY13OCT2217200CE.NFO,12/10/2022,09:24:21,34.5,34.5,6550,34.6,450,17450,10015100
NIFTY13OCT2217200CE.NFO,12/10/2022,09:24:22,34.55,34.4,800,34.45,50,1350,10015100
NIFTY13OCT2217200CE.NFO,12/10/2022,09:24:23,34,34,1550,34.05,2800,4400,10015100
NIFTY13OCT2217200CE.NFO,12/10/2022,09:24:24,33.75,33.65,3750,33.75,4600,15000,10015100
NIFTY13OCT2217200CE.NFO,12/10/2022,09:24:25,33.6,33.55,1200,33.65,4200,3400,10015100
NIFTY13OCT2217200CE.NFO,12/10/2022,09:24:26,33.55,33.6,1750,33.65,3800,12350,10015100
NIFTY13OCT2217200CE.NFO,12/10/2022,09:24:27,33.6,33.55,1100,33.65,7250,11950,10015100
NIFTY13OCT2217200CE.NFO,12/10/2022,09:24:28,34.05,34,5950,34.1,6200,8850,10015100
NIFTY13OCT2217200CE.NFO,12/10/2022,09:24:29,34.3,34.2,4950,34.3,3000,6200,10015100
NIFTY13OCT2217200CE.NFO,12/10/2022,09:24:30,34.3,34.25,5250,34.35,2050,5150,10015100
NIFTY13OCT2217200CE.NFO,12/10/2022,09:24:31,34.3,34.3,6050,34.4,1400,8000,10015100
NIFTY13OCT2217200CE.NFO,12/10/2022,09:24:32,34.3,34.3,500,34.4,4300,6250,10015100
NIFTY13OCT2217200CE.NFO,12/10/2022,09:24:33,34.35,34.3,6100,34.4,3000,4250,10015100
NIFTY13OCT2217200CE.NFO,12/10/2022,09:24:34,34.45,34.35,7050,34.5,8250,7950,10015100
NIFTY13OCT2217200CE.NFO,12/10/2022,09:24:35,34.65,34.5,4500,34.6,100,5950,10015100
NIFTY13OCT2217200CE.NFO,12/10/2022,09:24:36,34.1,34.05,6600,34.15,4000,3200,10015100
NIFTY13OCT2217200CE.NFO,12/10/2022,09:24:37,34.05,34.2,3800,34.3,7800,8000,10015100
NIFTY13OCT2217200CE.NFO,12/10/2022,09:24:38,34.25,34.25,2300,34.35,3850,8250,10015100
NIFTY13OCT2217200CE.NFO,12/10/2022,09:24:39,34.3,34.2,4050,34.3,3800,2700,10015100
NIFTY13OCT2217200CE.NFO,12/10/2022,09:24:40,34.3,34.35,3250,34.45,3200,12600,10015100
NIFTY13OCT2217200CE.NFO,12/10/2022,09:24:42,34.4,34.4,5000,34.5,3600,12350,10015100
NIFTY13OCT2217200CE.NFO,12/10/2022,09:24:42,34.5,34.4,3800,34.5,6600,3800,10015100
NIFTY13OCT2217200CE.NFO,12/10/2022,09:24:44,34.35,34.35,3600,34.45,3800,8400,10015100
NIFTY13OCT2217200CE.NFO,12/10/2022,09:24:44,34.4,34.25,6950,34.35,3100,3800,10015100
NIFTY13OCT2217200CE.NFO,12/10/2022,09:24:45,34.45,34.35,2800,34.45,3900,4500,10015100
NIFTY13OCT2217200CE.NFO,12/10/2022,09:24:46,34.3,34.25,3950,34.35,950,2700,10015100
NIFTY13OCT2217200CE.NFO,12/10/2022,09:24:47,34.45,34.3,5450,34.45,5600,8000,10015100
NIFTY13OCT2217200CE.NFO,12/10/2022,09:24:48,34.25,34.3,100,34.4,4800,5400,10015100
NIFTY13OCT2217200CE.NFO,12/10/2022,09:24:50,34.5,34.55,2800,34.65,3800,9000,10015100
NIFTY13OCT2217200CE.NFO,12/10/2022,09:24:50,34.7,34.65,2800,34.75,4850,17450,10015100
NIFTY13OCT2217200CE.NFO,12/10/2022,09:24:52,34.25,34.2,5300,34.35,8700,12650,10015100
NIFTY13OCT2217200CE.NFO,12/10/2022,09:24:52,34.2,34.15,5050,34.2,100,1700,10015100
NIFTY13OCT2217200CE.NFO,12/10/2022,09:24:53,34.5,34.5,3250,34.6,2700,10750,10015100
NIFTY13OCT2217200CE.NFO,12/10/2022,09:24:54,34.25,34.2,6250,34.3,300,4650,10015100
NIFTY13OCT2217200CE.NFO,12/10/2022,09:24:55,34.3,34.25,4950,34.35,3100,2500,10015100
NIFTY13OCT2217200CE.NFO,12/10/2022,09:24:56,34.25,34.25,1500,34.35,9450,550,10015100
NIFTY13OCT2217200CE.NFO,12/10/2022,09:24:58,34.05,34,2950,34.1,4650,21450,10015100
NIFTY13OCT2217200CE.NFO,12/10/2022,09:24:59,34.1,34.05,2700,34.15,4350,11600,10015100
NIFTY13OCT2217200CE.NFO,12/10/2022,09:24:59,34.1,34,7500,34.1,650,750,10015100
NIFTY13OCT2217200CE.NFO,12/10/2022,09:25:00,34.5,34.4,5300,34.5,5850,10200,10015100
NIFTY13OCT2217200CE.NFO,12/10/2022,09:25:01,34.4,34.4,4050,34.5,2800,5200,10015100
NIFTY13OCT2217200CE.NFO,12/10/2022,09:25:02,34.45,34.35,4700,34.45,850,6800,10015100
NIFTY13OCT2217200CE.NFO,12/10/2022,09:25:03,33.95,33.9,200,33.95,650,24350,10015100
NIFTY13OCT2217200CE.NFO,12/10/2022,09:25:05,34.05,34.15,4750,34.25,250,14650,10015100
NIFTY13OCT2217200CE.NFO,12/10/2022,09:25:06,34.5,34.5,100,34.55,5950,7950,10015100
NIFTY13OCT2217200CE.NFO,12/10/2022,09:25:07,34.5,34.5,350,34.6,4200,4550,10015100
NIFTY13OCT2217200CE.NFO,12/10/2022,09:25:08,34.45,34.35,2550,34.45,3050,7150,10015100
NIFTY13OCT2217200CE.NFO,12/10/2022,09:25:08,34.65,34.55,2500,34.65,3800,5400,10015100
NIFTY13OCT2217200CE.NFO,12/10/2022,09:25:09,35.15,35.2,100,35.25,2800,76200,10015100
NIFTY13OCT2217200CE.NFO,12/10/2022,09:25:10,35.2,35.2,5550,35.3,3900,14550,10015100
NIFTY13OCT2217200CE.NFO,12/10/2022,09:25:12,35.65,35.6,1000,35.65,2800,32400,10015100
NIFTY13OCT2217200CE.NFO,12/10/2022,09:25:12,35.5,35.4,5400,35.5,2700,12900,10015100
NIFTY13OCT2217200CE.NFO,12/10/2022,09:25:14,35.75,35.6,6050,35.7,2050,10200,10015100
NIFTY13OCT2217200CE.NFO,12/10/2022,09:25:15,35.95,35.85,3900,35.95,2800,22750,10015100
NIFTY13OCT2217200CE.NFO,12/10/2022,09:25:16,36.3,36.2,3600,36.3,2750,55700,10015100
NIFTY13OCT2217200CE.NFO,12/10/2022,09:25:18,36.25,36.2,5600,36.25,200,22400,10015100
NIFTY13OCT2217200CE.NFO,12/10/2022,09:25:18,36.45,36.35,5850,36.5,5800,18950,10015100
NIFTY13OCT2217200CE.NFO,12/10/2022,09:25:20,36.45,36.3,7400,36.4,2800,17450,10015100
NIFTY13OCT2217200CE.NFO,12/10/2022,09:25:21,36.55,36.5,1800,36.6,4550,31300,10015100
NIFTY13OCT2217200CE.NFO,12/10/2022,09:25:22,36.55,36.55,6700,36.7,8350,12250,10015100
NIFTY13OCT2217200CE.NFO,12/10/2022,09:25:23,36.65,36.65,150,36.7,50,18150,10015100
NIFTY13OCT2217200CE.NFO,12/10/2022,09:25:24,36.85,36.85,5450,36.95,4350,40250,10015100
NIFTY13OCT2217200CE.NFO,12/10/2022,09:25:25,36.8,36.75,50,36.8,3350,13450,10015100
NIFTY13OCT2217200CE.NFO,12/10/2022,09:25:26,36.9,36.8,5950,36.95,10600,16400,10015100
NIFTY13OCT2217200CE.NFO,12/10/2022,09:25:27,36.55,36.6,2850,36.65,1000,20200,10015100
NIFTY13OCT2217200CE.NFO,12/10/2022,09:25:29,36.6,36.55,50,36.6,4300,20850,10015100
NIFTY13OCT2217200CE.NFO,12/10/2022,09:25:30,36.35,36.3,600,36.4,5050,11750,10015100
NIFTY13OCT2217200CE.NFO,12/10/2022,09:25:31,36.05,36.05,2950,36.1,950,13950,10015100
NIFTY13OCT2217200CE.NFO,12/10/2022,09:25:32,35.9,35.85,4050,35.95,3350,15400,10015100
NIFTY13OCT2217200CE.NFO,12/10/2022,09:25:33,36.2,36.1,6350,36.2,2950,28400,10015100
NIFTY13OCT2217200CE.NFO,12/10/2022,09:25:34,36.1,36.05,2950,36.15,2800,18600,10015100
NIFTY13OCT2217200CE.NFO,12/10/2022,09:25:34,36.1,36.1,50,36.2,5950,1150,10015100
NIFTY13OCT2217200CE.NFO,12/10/2022,09:25:35,36.4,36.35,3000,36.45,5000,12100,10015100
NIFTY13OCT2217200CE.NFO,12/10/2022,09:25:36,36.6,36.5,8650,36.65,5250,7100,10015100
NIFTY13OCT2217200CE.NFO,12/10/2022,09:25:37,36.65,36.65,3250,36.75,2550,7500,10015100
NIFTY13OCT2217200CE.NFO,12/10/2022,09:25:38,36.75,36.7,300,36.75,5650,4350,10015100
NIFTY13OCT2217200CE.NFO,12/10/2022,09:25:39,36.85,36.75,3050,36.85,3350,6200,10015100
NIFTY13OCT2217200CE.NFO,12/10/2022,09:25:41,35.9,35.75,4900,35.9,4150,40050,10015100
NIFTY13OCT2217200CE.NFO,12/10/2022,09:25:42,36.3,36.25,2850,36.35,3400,14250,10015100
NIFTY13OCT2217200CE.NFO,12/10/2022,09:25:42,36.2,36.2,2700,36.3,2800,300,10015100
NIFTY13OCT2217200CE.NFO,12/10/2022,09:25:43,36.7,36.7,2700,36.8,6000,12650,10015100
NIFTY13OCT2217200CE.NFO,12/10/2022,09:25:44,36.85,36.85,8350,37,25500,12250,10015100
NIFTY13OCT2217200CE.NFO,12/10/2022,09:25:45,36.8,36.75,2750,36.8,350,11500,10015100
NIFTY13OCT2217200CE.NFO,12/10/2022,09:25:47,36.85,36.85,1700,36.95,8800,13350,10015100
NIFTY13OCT2217200CE.NFO,12/10/2022,09:25:48,36.6,36.5,8200,36.65,7300,8300,10015100
NIFTY13OCT2217200CE.NFO,12/10/2022,09:25:49,36.45,36.35,3450,36.45,4950,11950,10015100
NIFTY13OCT2217200CE.NFO,12/10/2022,09:25:50,36.35,36.35,150,36.45,5300,7700,10015100
NIFTY13OCT2217200CE.NFO,12/10/2022,09:25:51,36.45,36.45,4850,36.6,7700,14900,10015100
NIFTY13OCT2217200CE.NFO,12/10/2022,09:25:52,36.45,36.45,3850,36.55,50,35550,10015100
NIFTY13OCT2217200CE.NFO,12/10/2022,09:25:52,36.5,36.4,4800,36.5,200,1350,10015100
NIFTY13OCT2217200CE.NFO,12/10/2022,09:25:53,36.7,36.7,3050,36.8,100,7200,10015100
NIFTY13OCT2217200CE.NFO,12/10/2022,09:25:54,36.9,36.75,5700,36.9,6750,6150,10015100
NIFTY13OCT2217200CE.NFO,12/10/2022,09:25:56,37.1,37.05,2900,37.15,5550,41850,10015100
NIFTY13OCT2217200CE.NFO,12/10/2022,09:25:57,37.4,37.4,50,37.5,4150,3850,10015100
NIFTY13OCT2217200CE.NFO,12/10/2022,09:25:58,37.3,37.25,7350,37.4,3200,27350,10015100
NIFTY13OCT2217200CE.NFO,12/10/2022,09:25:59,37.25,37.25,2100,37.3,1000,16300,10015100
NIFTY13OCT2217200CE.NFO,12/10/2022,09:26:00,37.45,37.45,3350,37.55,2350,9250,10015100
NIFTY13OCT2217200CE.NFO,12/10/2022,09:26:00,37.6,37.55,4350,37.65,3900,11850,10015100
NIFTY13OCT2217200CE.NFO,12/10/2022,09:26:01,37.45,37.45,100,37.55,6100,13150,10015100
NIFTY13OCT2217200CE.NFO,12/10/2022,09:26:02,37.65,37.55,200,37.6,800,11350,10015100
NIFTY13OCT2217200CE.NFO,12/10/2022,09:26:03,37.5,37.4,100,37.5,4700,11000,10015100
NIFTY13OCT2217200CE.NFO,12/10/2022,09:26:05,37.8,37.65,5800,37.8,6450,11350,10015100
NIFTY13OCT2217200CE.NFO,12/10/2022,09:26:06,37.25,37.2,3450,37.3,2800,12650,10015100
NIFTY13OCT2217200CE.NFO,12/10/2022,09:26:07,37.3,37.2,3700,37.3,950,6750,10015100
NIFTY13OCT2217200CE.NFO,12/10/2022,09:26:08,36.8,36.75,350,36.85,5650,17600,10015100
NIFTY13OCT2217200CE.NFO,12/10/2022,09:26:09,36.9,36.9,1150,37,3250,14750,10015100
NIFTY13OCT2217200CE.NFO,12/10/2022,09:26:10,36.8,36.8,2950,36.9,2800,4300,10015100
NIFTY13OCT2217200CE.NFO,12/10/2022,09:26:11,37.35,37.35,3000,37.4,150,11750,10015100
NIFTY13OCT2217200CE.NFO,12/10/2022,09:26:12,37.4,37.45,300,37.5,6250,7050,10015100
NIFTY13OCT2217200CE.NFO,12/10/2022,09:26:12,37.45,37.4,8200,37.55,2850,4250,10015100
NIFTY13OCT2217200CE.NFO,12/10/2022,09:26:13,37.55,37.5,800,37.6,2950,10450,10015100
NIFTY13OCT2217200CE.NFO,12/10/2022,09:26:14,37.6,37.6,200,37.65,3300,7250,10015100
NIFTY13OCT2217200CE.NFO,12/10/2022,09:26:15,37.65,37.5,3250,37.6,2550,6550,10015100
NIFTY13OCT2217200CE.NFO,12/10/2022,09:26:16,37.65,37.65,3050,37.75,1400,7100,10015100
NIFTY13OCT2217200CE.NFO,12/10/2022,09:26:18,37.55,37.55,3250,37.7,4650,18900,10015100
NIFTY13OCT2217200CE.NFO,12/10/2022,09:26:19,37.95,37.9,550,37.95,2100,3900,10015100
NIFTY13OCT2217200CE.NFO,12/10/2022,09:26:20,37.8,37.8,3500,37.95,4300,15800,10015100
NIFTY13OCT2217200CE.NFO,12/10/2022,09:26:20,37.8,37.75,5350,37.85,50,700,10015100
NIFTY13OCT2217200CE.NFO,12/10/2022,09:26:21,37.9,37.8,5850,37.9,400,13300,10015100
NIFTY13OCT2217200CE.NFO,12/10/2022,09:26:22,37.95,37.9,100,37.95,5650,11000,10015100
NIFTY13OCT2217200CE.NFO,12/10/2022,09:26:23,37.85,37.75,3750,37.9,8600,46250,10015100
NIFTY13OCT2217200CE.NFO,12/10/2022,09:26:24,37.65,37.65,5900,37.75,1000,13450,10015100
NIFTY13OCT2217200CE.NFO,12/10/2022,09:26:26,37.55,37.55,2700,37.6,200,16950,10015100
NIFTY13OCT2217200CE.NFO,12/10/2022,09:26:27,37.75,37.7,5850,37.75,50,17950,10015100
NIFTY13OCT2217200CE.NFO,12/10/2022,09:26:28,37.85,37.85,5450,37.95,4050,12900,10015100
NIFTY13OCT2217200CE.NFO,12/10/2022,09:26:28,37.9,37.9,5200,37.95,150,400,10015100
NIFTY13OCT2217200CE.NFO,12/10/2022,09:26:29,37.9,37.9,5500,38,2400,17350,10015100
NIFTY13OCT2217200CE.NFO,12/10/2022,09:26:30,37.9,37.8,50,37.9,4300,9600,10015100
NIFTY13OCT2217200CE.NFO,12/10/2022,09:26:31,37.9,37.75,3400,37.85,1050,11800,10015100
NIFTY13OCT2217200CE.NFO,12/10/2022,09:26:32,37.05,37,21450,37.05,100,17800,10015100
NIFTY13OCT2217200CE.NFO,12/10/2022,09:26:34,37.2,37.1,5700,37.25,5700,44400,10015100
NIFTY13OCT2217200CE.NFO,12/10/2022,09:26:34,37.1,37.05,2850,37.15,600,3350,10015100
NIFTY13OCT2217200CE.NFO,12/10/2022,09:26:35,36.7,36.65,500,36.75,4150,16600,9958200
NIFTY13OCT2217200CE.NFO,12/10/2022,09:26:36,36.4,36.3,4050,36.4,6250,17150,9958200
NIFTY13OCT2217200CE.NFO,12/10/2022,09:26:37,36.4,36.3,2100,36.4,5050,23650,9958200
NIFTY13OCT2217200CE.NFO,12/10/2022,09:26:38,36.5,36.4,1350,36.5,2850,20400,9958200
NIFTY13OCT2217200CE.NFO,12/10/2022,09:26:39,36.65,36.55,300,36.65,2400,11900,9958200
NIFTY13OCT2217200CE.NFO,12/10/2022,09:26:41,36.9,36.9,200,37,6400,12850,9958200
NIFTY13OCT2217200CE.NFO,12/10/2022,09:26:42,37.2,37.35,3650,37.4,150,7800,9958200
NIFTY13OCT2217200CE.NFO,12/10/2022,09:26:43,37.6,37.6,4100,37.7,1800,22050,9958200
NIFTY13OCT2217200CE.NFO,12/10/2022,09:26:43,37.7,37.6,4450,37.7,2950,1950,9958200
NIFTY13OCT2217200CE.NFO,12/10/2022,09:26:44,37.55,37.45,50,37.55,2650,14300,9958200
NIFTY13OCT2217200CE.NFO,12/10/2022,09:26:45,37.65,37.65,400,37.75,4200,4550,9958200
NIFTY13OCT2217200CE.NFO,12/10/2022,09:26:46,37.5,37.4,5350,37.55,6850,15200,9958200
NIFTY13OCT2217200CE.NFO,12/10/2022,09:26:47,37.4,37.3,1000,37.35,5550,8150,9958200
NIFTY13OCT2217200CE.NFO,12/10/2022,09:26:49,37.25,37.2,5950,37.35,6800,9100,9958200
NIFTY13OCT2217200CE.NFO,12/10/2022,09:26:49,37.35,37.25,2800,37.35,7100,31700,9958200
NIFTY13OCT2217200CE.NFO,12/10/2022,09:26:50,37.9,37.85,2650,37.95,5700,36000,9958200
NIFTY13OCT2217200CE.NFO,12/10/2022,09:26:51,37.4,37.4,2850,37.5,1600,11650,9958200
NIFTY13OCT2217200CE.NFO,12/10/2022,09:26:52,38,37.9,2800,37.95,200,9100,9958200
NIFTY13OCT2217200CE.NFO,12/10/2022,09:26:54,37.85,37.8,3300,37.9,5500,26150,9958200
NIFTY13OCT2217200CE.NFO,12/10/2022,09:26:55,38.05,37.95,4000,38.05,100,9950,9958200
NIFTY13OCT2217200CE.NFO,12/10/2022,09:26:56,38.2,38.15,5350,38.25,200,9700,9958200
NIFTY13OCT2217200CE.NFO,12/10/2022,09:26:56,38,38,450,38.1,3250,850,9958200
NIFTY13OCT2217200CE.NFO,12/10/2022,09:26:57,37.95,37.85,2800,37.95,4850,20500,9958200
NIFTY13OCT2217200CE.NFO,12/10/2022,09:26:58,37.4,37.4,5600,37.55,8650,25750,9958200
NIFTY13OCT2217200CE.NFO,12/10/2022,09:26:59,37.5,37.55,2800,37.65,4350,8750,9958200
NIFTY13OCT2217200CE.NFO,12/10/2022,09:27:01,37.75,37.75,2800,37.85,3600,11600,9958200
NIFTY13OCT2217200CE.NFO,12/10/2022,09:27:02,37.35,37.3,350,37.4,5750,37600,9958200
NIFTY13OCT2217200CE.NFO,12/10/2022,09:27:03,37.5,37.45,6450,37.55,550,17250,9958200
NIFTY13OCT2217200CE.NFO,12/10/2022,09:27:03,37.7,37.6,4850,37.7,500,4300,9958200
NIFTY13OCT2217200CE.NFO,12/10/2022,09:27:05,37.55,37.5,4050,37.6,700,7550,9958200
NIFTY13OCT2217200CE.NFO,12/10/2022,09:27:05,37.3,37.2,1600,37.25,2000,6350,9958200
NIFTY13OCT2217200CE.NFO,12/10/2022,09:27:07,36.9,36.8,1000,36.9,5700,14600,9958200
NIFTY13OCT2217200CE.NFO,12/10/2022,09:27:08,36.4,36.4,3800,36.45,1100,22250,9958200
NIFTY13OCT2217200CE.NFO,12/10/2022,09:27:09,36.65,36.6,4900,36.7,2500,2550,9958200
NIFTY13OCT2217200CE.NFO,12/10/2022,09:27:10,36.85,36.8,5100,36.9,950,4950,9958200
NIFTY13OCT2217200CE.NFO,12/10/2022,09:27:11,37.05,36.95,3850,37.05,3100,15350,9958200
NIFTY13OCT2217200CE.NFO,12/10/2022,09:27:11,37.25,37.15,3500,37.25,250,2950,9958200
NIFTY13OCT2217200CE.NFO,12/10/2022,09:27:12,36.95,36.85,100,36.9,2600,19800,9958200
NIFTY13OCT2217200CE.NFO,12/10/2022,09:27:13,37,36.9,4900,37,6450,6900,9958200
NIFTY13OCT2217200CE.NFO,12/10/2022,09:27:14,36.5,36.5,600,36.55,1000,4700,9958200
NIFTY13OCT2217200CE.NFO,12/10/2022,09:27:16,36.6,36.65,750,36.75,5700,19100,9958200
NIFTY13OCT2217200CE.NFO,12/10/2022,09:27:17,36.1,36.1,50,36.2,3500,13450,9958200
NIFTY13OCT2217200CE.NFO,12/10/2022,09:27:18,36.35,36.3,1700,36.35,100,10650,9958200
NIFTY13OCT2217200CE.NFO,12/10/2022,09:27:19,36.4,36.35,3950,36.4,1050,10850,9958200
NIFTY13OCT2217200CE.NFO,12/10/2022,09:27:19,36.4,36.3,3400,36.4,5950,2250,9958200
NIFTY13OCT2217200CE.NFO,12/10/2022,09:27:20,36,36,1800,36.1,7150,42400,9958200
NIFTY13OCT2217200CE.NFO,12/10/2022,09:27:21,36,36,1500,36.1,2750,6450,9958200
NIFTY13OCT2217200CE.NFO,12/10/2022,09:27:23,36.5,36.5,50,36.55,350,13650,9958200
NIFTY13OCT2217200CE.NFO,12/10/2022,09:27:24,36.75,36.65,4450,36.75,4900,8050,9958200
NIFTY13OCT2217200CE.NFO,12/10/2022,09:27:25,36.65,36.6,4500,36.7,2850,9300,9958200
NIFTY13OCT2217200CE.NFO,12/10/2022,09:27:25,36.8,36.75,5200,36.9,6350,900,9958200
NIFTY13OCT2217200CE.NFO,12/10/2022,09:27:26,37,36.85,8500,36.95,2800,18950,9958200
NIFTY13OCT2217200CE.NFO,12/10/2022,09:27:28,37.4,37.4,50,37.45,400,9450,9958200
NIFTY13OCT2217200CE.NFO,12/10/2022,09:27:29,37.45,37.45,50,37.5,3750,7500,9958200
NIFTY13OCT2217200CE.NFO,12/10/2022,09:27:30,37.4,37.35,5400,37.4,1000,6150,9958200
NIFTY13OCT2217200CE.NFO,12/10/2022,09:27:31,37.45,37.35,6450,37.5,6750,11400,9958200
NIFTY13OCT2217200CE.NFO,12/10/2022,09:27:32,37.4,37.3,2900,37.4,6150,9000,9958200
NIFTY13OCT2217200CE.NFO,12/10/2022,09:27:33,37.15,37.1,3100,37.2,5750,4700,9958200
NIFTY13OCT2217200CE.NFO,12/10/2022,09:27:34,37.4,37.35,5200,37.4,50,9750,9958200
NIFTY13OCT2217200CE.NFO,12/10/2022,09:27:35,37.4,37.4,2200,37.5,4750,18050,9958200
NIFTY13OCT2217200CE.NFO,12/10/2022,09:27:36,37.15,37.15,3400,37.25,4700,23000,9958200
NIFTY13OCT2217200CE.NFO,12/10/2022,09:27:37,37.45,37.35,50,37.4,2950,37350,9958200
NIFTY13OCT2217200CE.NFO,12/10/2022,09:27:38,37.2,37.2,6300,37.3,3800,3100,9958200
NIFTY13OCT2217200CE.NFO,12/10/2022,09:27:39,37.55,37.45,4350,37.55,2750,13750,9958200
NIFTY13OCT2217200CE.NFO,12/10/2022,09:27:40,37.5,37.35,5000,37.5,6000,3500,9958200
NIFTY13OCT2217200CE.NFO,12/10/2022,09:27:42,37.65,37.7,200,37.75,2800,6100,9958200
NIFTY13OCT2217200CE.NFO,12/10/2022,09:27:43,37.55,37.5,400,37.55,550,7800,9958200
NIFTY13OCT2217200CE.NFO,12/10/2022,09:27:44,37.45,37.4,2800,37.5,3100,5650,9958200
NIFTY13OCT2217200CE.NFO,12/10/2022,09:27:45,37.45,37.35,2800,37.45,4300,3550,9958200
NIFTY13OCT2217200CE.NFO,12/10/2022,09:27:46,37.55,37.45,5950,37.55,5700,8350,9958200
NIFTY13OCT2217200CE.NFO,12/10/2022,09:27:46,37.5,37.4,3400,37.5,5700,1750,9958200
NIFTY13OCT2217200CE.NFO,12/10/2022,09:27:47,37.7,37.6,2150,37.7,5550,12350,9958200
NIFTY13OCT2217200CE.NFO,12/10/2022,09:27:48,37.6,37.6,4900,37.65,50,23650,9958200
NIFTY13OCT2217200CE.NFO,12/10/2022,09:27:50,37.4,37.35,5000,37.4,50,28400,9958200
NIFTY13OCT2217200CE.NFO,12/10/2022,09:27:51,37.4,37.35,6650,37.5,5750,9700,9958200
NIFTY13OCT2217200CE.NFO,12/10/2022,09:27:52,37.5,37.55,3050,37.7,8000,7450,9958200
NIFTY13OCT2217200CE.NFO,12/10/2022,09:27:52,37.65,37.65,5600,37.7,250,350,9958200
NIFTY13OCT2217200CE.NFO,12/10/2022,09:27:54,37.85,37.85,5750,37.95,2950,27600,9958200
NIFTY13OCT2217200CE.NFO,12/10/2022,09:27:55,37.9,37.8,200,37.9,3350,6000,9958200
NIFTY13OCT2217200CE.NFO,12/10/2022,09:27:56,38,37.95,50,38,27400,1700,9958200
NIFTY13OCT2217200CE.NFO,12/10/2022,09:27:57,37.9,37.85,3600,37.9,50,1650,9958200
NIFTY13OCT2217200CE.NFO,12/10/2022,09:27:58,37.75,37.8,2750,37.9,3050,3100,9958200
NIFTY13OCT2217200CE.NFO,12/10/2022,09:27:59,37.35,37.35,5750,37.45,2800,21200,9958200
NIFTY13OCT2217200CE.NFO,12/10/2022,09:28:00,37.85,37.75,5750,37.85,3950,8600,9958200
NIFTY13OCT2217200CE.NFO,12/10/2022,09:28:02,37.75,37.75,8850,37.85,3800,3000,9958200
NIFTY13OCT2217200CE.NFO,12/10/2022,09:28:02,37.95,37.85,1000,37.9,400,2250,9958200
NIFTY13OCT2217200CE.NFO,12/10/2022,09:28:03,37.85,37.85,7900,38,32800,12650,9958200
NIFTY13OCT2217200CE.NFO,12/10/2022,09:28:04,37.85,37.85,100,37.95,5900,9750,9958200
NIFTY13OCT2217200CE.NFO,12/10/2022,09:28:05,37.95,37.9,5700,38,34450,5350,9958200
NIFTY13OCT2217200CE.NFO,12/10/2022,09:28:07,37.8,37.8,3350,37.95,9250,8000,9958200
NIFTY13OCT2217200CE.NFO,12/10/2022,09:28:08,37.8,37.75,3900,37.85,4150,5950,9958200
NIFTY13OCT2217200CE.NFO,12/10/2022,09:28:09,37.5,37.45,100,37.5,1950,8100,9958200
NIFTY13OCT2217200CE.NFO,12/10/2022,09:28:10,37.4,37.4,2350,37.5,5500,7150,9958200
NIFTY13OCT2217200CE.NFO,12/10/2022,09:28:11,37.1,37.05,6200,37.2,6500,36200,9958200
NIFTY13OCT2217200CE.NFO,12/10/2022,09:28:12,36.85,36.65,1100,36.75,4150,11650,9958200
NIFTY13OCT2217200CE.NFO,12/10/2022,09:28:14,36.5,36.45,3300,36.55,5800,9500,9958200
NIFTY13OCT2217200CE.NFO,12/10/2022,09:28:15,36.65,36.5,2950,36.6,4400,7500,9958200
NIFTY13OCT2217200CE.NFO,12/10/2022,09:28:16,36.35,36.3,50,36.35,2750,13400,9958200
NIFTY13OCT2217200CE.NFO,12/10/2022,09:28:17,36.4,36.35,3050,36.45,6300,11400,9958200
NIFTY13OCT2217200CE.NFO,12/10/2022,09:28:17,36.55,36.45,100,36.5,2300,2900,9958200
NIFTY13OCT2217200CE.NFO,12/10/2022,09:28:18,36.3,36.2,4400,36.3,2750,9200,9958200
NIFTY13OCT2217200CE.NFO,12/10/2022,09:28:19,36.35,36.3,2950,36.4,900,5650,9958200
NIFTY13OCT2217200CE.NFO,12/10/2022,09:28:20,36.45,36.35,2800,36.45,4950,3450,9958200
NIFTY13OCT2217200CE.NFO,12/10/2022,09:28:21,37,37,2600,37.1,4050,14450,9958200
NIFTY13OCT2217200CE.NFO,12/10/2022,09:28:23,36.85,36.85,300,36.95,3900,11700,9958200
NIFTY13OCT2217200CE.NFO,12/10/2022,09:28:24,36.9,36.8,4500,36.9,2150,2300,9958200
NIFTY13OCT2217200CE.NFO,12/10/2022,09:28:25,36.5,36.45,400,36.5,2750,15400,9958200
NIFTY13OCT2217200CE.NFO,12/10/2022,09:28:26,36.5,36.45,2200,36.55,5650,3900,9958200
NIFTY13OCT2217200CE.NFO,12/10/2022,09:28:27,36.5,36.5,4900,36.6,100,5200,9958200
NIFTY13OCT2217200CE.NFO,12/10/2022,09:28:28,36.5,36.55,100,36.6,4450,6150,9958200
NIFTY13OCT2217200CE.NFO,12/10/2022,09:28:28,36.65,36.55,100,36.65,3000,550,9958200
NIFTY13OCT2217200CE.NFO,12/10/2022,09:28:29,36.65,36.65,4250,36.75,5500,3050,9958200
NIFTY13OCT2217200CE.NFO,12/10/2022,09:28:30,36.65,36.6,5250,36.75,10500,3100,9958200
NIFTY13OCT2217200CE.NFO,12/10/2022,09:28:32,36.5,36.5,2800,36.55,100,6750,9958200
NIFTY13OCT2217200CE.NFO,12/10/2022,09:28:33,36.45,36.5,2800,36.6,3450,1200,9958200
NIFTY13OCT2217200CE.NFO,12/10/2022,09:28:34,36.45,36.45,50,36.55,7350,5050,9958200
NIFTY13OCT2217200CE.NFO,12/10/2022,09:28:35,35.65,35.65,3450,35.75,6000,42400,9958200
NIFTY13OCT2217200CE.NFO,12/10/2022,09:28:36,35.8,35.7,2800,35.8,5550,14900,9958200
NIFTY13OCT2217200CE.NFO,12/10/2022,09:28:37,35.6,35.55,3550,35.65,700,5200,9958200
NIFTY13OCT2217200CE.NFO,12/10/2022,09:28:37,35.65,35.55,3100,35.65,5350,1900,9958200
NIFTY13OCT2217200CE.NFO,12/10/2022,09:28:38,35.85,35.75,6000,35.85,50,12100,9958200
NIFTY13OCT2217200CE.NFO,12/10/2022,09:28:39,35.45,35.45,4700,35.55,5150,11300,9958200
NIFTY13OCT2217200CE.NFO,12/10/2022,09:28:40,35.55,35.45,2250,35.55,4400,6150,9958200
NIFTY13OCT2217200CE.NFO,12/10/2022,09:28:41,35.5,35.5,7000,35.65,5450,10100,9958200
NIFTY13OCT2217200CE.NFO,12/10/2022,09:28:43,35.6,35.5,3900,35.6,4950,10300,9958200
NIFTY13OCT2217200CE.NFO,12/10/2022,09:28:44,35.65,35.55,3000,35.65,2600,6800,9958200
NIFTY13OCT2217200CE.NFO,12/10/2022,09:28:45,35.7,35.65,8700,35.8,6950,5350,9958200
NIFTY13OCT2217200CE.NFO,12/10/2022,09:28:46,35.75,35.65,2850,35.75,6950,3550,9958200
NIFTY13OCT2217200CE.NFO,12/10/2022,09:28:47,35.45,35.35,1200,35.45,3700,9850,9958200
NIFTY13OCT2217200CE.NFO,12/10/2022,09:28:48,35.3,35.2,7400,35.3,150,15850,9958200
NIFTY13OCT2217200CE.NFO,12/10/2022,09:28:48,35.3,35.3,150,35.35,4000,1650,9958200
NIFTY13OCT2217200CE.NFO,12/10/2022,09:28:49,35.45,35.35,2400,35.45,2100,11850,9958200
NIFTY13OCT2217200CE.NFO,12/10/2022,09:28:50,35.55,35.45,50,35.55,5300,9500,9958200
NIFTY13OCT2217200CE.NFO,12/10/2022,09:28:51,35.5,35.5,6050,35.6,350,3150,9958200
NIFTY13OCT2217200CE.NFO,12/10/2022,09:28:52,35.7,35.7,1600,35.8,4100,6500,9958200
NIFTY13OCT2217200CE.NFO,12/10/2022,09:28:53,35.7,35.7,50,35.75,2950,7400,9958200
NIFTY13OCT2217200CE.NFO,12/10/2022,09:28:54,35.5,35.5,4450,35.6,3750,5300,9958200
NIFTY13OCT2217200CE.NFO,12/10/2022,09:28:55,35.55,35.6,100,35.65,2950,6200,9958200
NIFTY13OCT2217200CE.NFO,12/10/2022,09:28:56,35.6,35.55,2150,35.6,200,3350,9958200
NIFTY13OCT2217200CE.NFO,12/10/2022,09:28:58,35.7,35.7,350,35.8,4800,5300,9958200
NIFTY13OCT2217200CE.NFO,12/10/2022,09:28:58,35.75,35.7,5000,35.8,50,1000,9958200
NIFTY13OCT2217200CE.NFO,12/10/2022,09:28:59,36.5,36.6,50,36.65,1700,20900,9958200
NIFTY13OCT2217200CE.NFO,12/10/2022,09:29:00,36.9,36.75,350,36.85,5600,8200,9958200
NIFTY13OCT2217200CE.NFO,12/10/2022,09:29:02,36.95,36.85,7650,37,16350,5550,9958200
NIFTY13OCT2217200CE.NFO,12/10/2022,09:29:03,36.9,36.95,850,37,3850,24800,9958200
NIFTY13OCT2217200CE.NFO,12/10/2022,09:29:04,37.3,37.3,4650,37.35,350,12400,9958200
NIFTY13OCT2217200CE.NFO,12/10/2022,09:29:05,37.4,37.35,7650,37.5,8550,13800,9958200
NIFTY13OCT2217200CE.NFO,12/10/2022,09:29:06,37.45,37.45,250,37.5,3400,17200,9958200
NIFTY13OCT2217200CE.NFO,12/10/2022,09:29:07,37.55,37.6,2800,37.7,7200,17700,9958200
NIFTY13OCT2217200CE.NFO,12/10/2022,09:29:08,37.85,37.75,2850,37.85,8600,13450,9958200
NIFTY13OCT2217200CE.NFO,12/10/2022,09:29:09,37.95,37.85,5500,37.95,100,10900,9958200
NIFTY13OCT2217200CE.NFO,12/10/2022,09:29:10,38.4,38.35,3200,38.45,2800,98300,9958200
NIFTY13OCT2217200CE.NFO,12/10/2022,09:29:11,38.65,38.65,5750,38.75,2800,14450,9958200
NIFTY13OCT2217200CE.NFO,12/10/2022,09:29:12,38.75,38.7,2800,38.8,3300,12600,9958200
NIFTY13OCT2217200CE.NFO,12/10/2022,09:29:13,38.55,38.55,2800,38.6,200,18800,9958200
NIFTY13OCT2217200CE.NFO,12/10/2022,09:29:13,38.75,38.6,5550,38.75,7800,1050,9958200
NIFTY13OCT2217200CE.NFO,12/10/2022,09:29:15,38.35,38.25,5750,38.35,200,12450,9958200
NIFTY13OCT2217200CE.NFO,12/10/2022,09:29:16,38,38,5300,38.05,150,47000,9958200
NIFTY13OCT2217200CE.NFO,12/10/2022,09:29:17,38.25,38.25,3900,38.35,4350,16850,9958200
NIFTY13OCT2217200CE.NFO,12/10/2022,09:29:18,37.75,37.75,2800,37.85,6650,12450,9958200
NIFTY13OCT2217200CE.NFO,12/10/2022,09:29:19,37.7,37.55,3900,37.65,100,19650,9958200
NIFTY13OCT2217200CE.NFO,12/10/2022,09:29:19,37.7,37.55,5450,37.65,1650,1950,9958200
NIFTY13OCT2217200CE.NFO,12/10/2022,09:29:20,37.65,37.55,1900,37.65,3850,17800,9958200
NIFTY13OCT2217200CE.NFO,12/10/2022,09:29:22,37.55,37.55,4250,37.65,4000,8750,9958200
NIFTY13OCT2217200CE.NFO,12/10/2022,09:29:23,37.7,37.7,3850,37.8,2400,4400,9958200
NIFTY13OCT2217200CE.NFO,12/10/2022,09:29:24,37.75,37.65,5950,37.75,200,14650,9958200
NIFTY13OCT2217200CE.NFO,12/10/2022,09:29:25,37.7,37.7,3000,37.8,7350,6500,9958200
NIFTY13OCT2217200CE.NFO,12/10/2022,09:29:26,37.7,37.6,3100,37.7,3100,7000,9958200
NIFTY13OCT2217200CE.NFO,12/10/2022,09:29:27,37.75,37.7,8600,37.85,9200,6350,9958200
NIFTY13OCT2217200CE.NFO,12/10/2022,09:29:27,37.7,37.65,7350,37.75,6850,2200,9958200
NIFTY13OCT2217200CE.NFO,12/10/2022,09:29:28,37.9,37.8,3850,37.9,5650,4350,9958200
NIFTY13OCT2217200CE.NFO,12/10/2022,09:29:30,38.1,38.1,1400,38.2,5800,20100,9958200
NIFTY13OCT2217200CE.NFO,12/10/2022,09:29:31,38.2,38.15,3800,38.25,3100,4700,9958200
NIFTY13OCT2217200CE.NFO,12/10/2022,09:29:32,38.15,38.05,6350,38.15,150,15700,9958200
NIFTY13OCT2217200CE.NFO,12/10/2022,09:29:33,38.1,38,9800,38.15,5450,2000,9958200
NIFTY13OCT2217200CE.NFO,12/10/2022,09:29:34,37.9,37.75,3900,37.85,1300,21100,9863650
NIFTY13OCT2217200CE.NFO,12/10/2022,09:29:35,38,37.85,4750,38,7500,6800,9863650
NIFTY13OCT2217200CE.NFO,12/10/2022,09:29:35,38,37.95,4550,38,750,100,9863650
NIFTY13OCT2217200CE.NFO,12/10/2022,09:29:37,38.2,38.15,2150,38.25,2950,7450,9863650
NIFTY13OCT2217200CE.NFO,12/10/2022,09:29:38,38.1,38.05,50,38.1,2250,7300,9863650
NIFTY13OCT2217200CE.NFO,12/10/2022,09:29:39,38.1,38,3050,38.1,3500,16750,9863650
NIFTY13OCT2217200CE.NFO,12/10/2022,09:29:39,38.2,38.1,2850,38.2,6250,200,9863650
NIFTY13OCT2217200CE.NFO,12/10/2022,09:29:40,38.5,38.4,100,38.45,1650,10200,9863650
NIFTY13OCT2217200CE.NFO,12/10/2022,09:29:42,38.5,38.45,100,38.5,7450,10050,9863650
NIFTY13OCT2217200CE.NFO,12/10/2022,09:29:43,38.6,38.55,6450,38.65,1050,10500,9863650
NIFTY13OCT2217200CE.NFO,12/10/2022,09:29:44,38.95,38.9,350,38.95,2200,16950,9863650
NIFTY13OCT2217200CE.NFO,12/10/2022,09:29:45,39.4,39.4,1000,39.5,6850,45250,9863650
NIFTY13OCT2217200CE.NFO,12/10/2022,09:29:46,39.55,39.5,50,39.6,3250,13300,9863650
NIFTY13OCT2217200CE.NFO,12/10/2022,09:29:47,39.3,39.3,5800,39.4,1000,16600,9863650
NIFTY13OCT2217200CE.NFO,12/10/2022,09:29:49,39.25,39.2,6050,39.3,5800,15850,9863650
NIFTY13OCT2217200CE.NFO,12/10/2022,09:29:50,39.15,39.05,4750,39.15,4550,16850,9863650
NIFTY13OCT2217200CE.NFO,12/10/2022,09:29:51,38.65,38.65,3800,38.8,4600,13050,9863650
NIFTY13OCT2217200CE.NFO,12/10/2022,09:29:52,38.6,38.6,4400,38.7,1050,14200,9863650
NIFTY13OCT2217200CE.NFO,12/10/2022,09:29:53,38.6,38.6,5300,38.7,200,12750,9863650
NIFTY13OCT2217200CE.NFO,12/10/2022,09:29:54,38.8,38.8,900,38.9,2950,16850,9863650
NIFTY13OCT2217200CE.NFO,12/10/2022,09:29:55,39.2,39.1,6750,39.25,4400,11900,9863650
NIFTY13OCT2217200CE.NFO,12/10/2022,09:29:57,39,38.9,3250,39,2900,18850,9863650
NIFTY13OCT2217200CE.NFO,12/10/2022,09:29:58,39.1,39.1,5550,39.2,3500,21050,9863650
NIFTY13OCT2217200CE.NFO,12/10/2022,09:29:59,39.3,39.2,2800,39.3,2500,5800,9863650
NIFTY13OCT2217200CE.NFO,12/10/2022,09:30:00,39.15,39.05,2950,39.2,6000,26050,9863650
NIFTY13OCT2217200CE.NFO,12/10/2022,09:30:01,38.85,38.7,800,38.75,2800,24700,9863650
NIFTY13OCT2217200CE.NFO,12/10/2022,09:30:02,38.2,38.2,3850,38.3,1650,56200,9863650
NIFTY13OCT2217200CE.NFO,12/10/2022,09:30:03,38.4,38.25,3800,38.35,5800,12300,9863650
NIFTY13OCT2217200CE.NFO,12/10/2022,09:30:05,38.15,38.05,4600,38.15,5650,16900,9863650
NIFTY13OCT2217200CE.NFO,12/10/2022,09:30:06,37.9,37.8,4550,37.9,4150,24950,9863650
NIFTY13OCT2217200CE.NFO,12/10/2022,09:30:07,38.3,38.2,4600,38.3,4550,13050,9863650
NIFTY13OCT2217200CE.NFO,12/10/2022,09:30:08,37.85,37.85,4000,38,4450,10600,9863650
NIFTY13OCT2217200CE.NFO,12/10/2022,09:30:09,38.2,38.2,950,38.25,1150,11300,9863650
NIFTY13OCT2217200CE.NFO,12/10/2022,09:30:10,38.15,38.2,100,38.25,3450,12500,9863650
NIFTY13OCT2217200CE.NFO,12/10/2022,09:30:11,38.5,38.4,150,38.5,7200,9900,9863650
NIFTY13OCT2217200CE.NFO,12/10/2022,09:30:12,38.35,38.35,150,38.4,4150,10000,9863650
NIFTY13OCT2217200CE.NFO,12/10/2022,09:30:13,38,38,9250,38.05,1000,15250,9863650
NIFTY13OCT2217200CE.NFO,12/10/2022,09:30:14,38.1,38.1,5500,38.15,200,12950,9863650
NIFTY13OCT2217200CE.NFO,12/10/2022,09:30:15,37.85,37.75,3800,37.85,1550,11500,9863650
NIFTY13OCT2217200CE.NFO,12/10/2022,09:30:16,37.7,37.65,300,37.7,5650,6550,9863650
NIFTY13OCT2217200CE.NFO,12/10/2022,09:30:17,37.7,37.55,4550,37.7,9450,12800,9863650
NIFTY13OCT2217200CE.NFO,12/10/2022,09:30:17,37.75,37.75,1950,37.85,4000,8050,9863650
NIFTY13OCT2217200CE.NFO,12/10/2022,09:30:19,37.75,37.8,150,37.9,7350,3550,9863650
NIFTY13OCT2217200CE.NFO,12/10/2022,09:30:20,37.65,37.65,3150,37.75,9450,7700,9863650
NIFTY13OCT2217200CE.NFO,12/10/2022,09:30:21,38,37.95,3550,38,300,9450,9863650
NIFTY13OCT2217200CE.NFO,12/10/2022,09:30:22,37.95,37.95,50,38,3250,15550,9863650
NIFTY13OCT2217200CE.NFO,12/10/2022,09:30:23,38,37.75,600,37.8,50,10000,9863650
NIFTY13OCT2217200CE.NFO,12/10/2022,09:30:24,37.8,37.75,600,37.8,4450,5300,9863650
NIFTY13OCT2217200CE.NFO,12/10/2022,09:30:25,37.55,37.5,50,37.6,6250,10250,9863650
NIFTY13OCT2217200CE.NFO,12/10/2022,09:30:26,37.95,37.8,2600,37.95,10100,19850,9863650
NIFTY13OCT2217200CE.NFO,12/10/2022,09:30:27,38.2,38.15,650,38.2,650,19900,9863650
NIFTY13OCT2217200CE.NFO,12/10/2022,09:30:27,38.4,38.4,150,38.45,6600,9700,9863650
NIFTY13OCT2217200CE.NFO,12/10/2022,09:30:28,38.05,38.05,6750,38.15,950,5100,9863650
NIFTY13OCT2217200CE.NFO,12/10/2022,09:30:30,37.75,37.65,4050,37.8,6450,11800,9863650
NIFTY13OCT2217200CE.NFO,12/10/2022,09:30:31,38.05,37.95,5350,38.05,2250,10150,9863650
NIFTY13OCT2217200CE.NFO,12/10/2022,09:30:32,38.05,38,4150,38.1,3600,13050,9863650
NIFTY13OCT2217200CE.NFO,12/10/2022,09:30:33,38.05,38.05,2650,38.15,5650,11650,9863650
NIFTY13OCT2217200CE.NFO,12/10/2022,09:30:34,37.95,37.9,450,38,7300,7300,9863650
NIFTY13OCT2217200CE.NFO,12/10/2022,09:30:35,38.05,38.1,5700,38.15,950,9500,9863650
NIFTY13OCT2217200CE.NFO,12/10/2022,09:30:35,38.1,38.1,6200,38.25,6700,1250,9863650
NIFTY13OCT2217200CE.NFO,12/10/2022,09:30:36,38.4,38.4,5250,38.5,3700,6500,9863650
NIFTY13OCT2217200CE.NFO,12/10/2022,09:30:37,38.75,38.7,200,38.75,5850,16850,9863650
NIFTY13OCT2217200CE.NFO,12/10/2022,09:30:39,38.6,38.5,5600,38.65,5900,18050,9863650
NIFTY13OCT2217200CE.NFO,12/10/2022,09:30:40,38.7,38.6,1350,38.7,4700,11750,9863650
NIFTY13OCT2217200CE.NFO,12/10/2022,09:30:41,38.5,38.5,5900,38.65,7100,10600,9863650
NIFTY13OCT2217200CE.NFO,12/10/2022,09:30:42,39.45,39.5,3750,39.6,4250,62450,9863650
NIFTY13OCT2217200CE.NFO,12/10/2022,09:30:43,39.2,39.1,3850,39.2,2900,6450,9863650
NIFTY13OCT2217200CE.NFO,12/10/2022,09:30:44,39.35,39.35,5100,39.5,5400,11800,9863650
NIFTY13OCT2217200CE.NFO,12/10/2022,09:30:45,39.2,39.2,4550,39.35,5100,6250,9863650
NIFTY13OCT2217200CE.NFO,12/10/2022,09:30:46,39.25,39.15,6500,39.25,1950,11250,9863650
NIFTY13OCT2217200CE.NFO,12/10/2022,09:30:47,39.45,39.45,5000,39.55,5400,11350,9863650
NIFTY13OCT2217200CE.NFO,12/10/2022,09:30:48,39.4,39.3,1200,39.4,3650,12550,9863650
NIFTY13OCT2217200CE.NFO,12/10/2022,09:30:49,39.45,39.45,7500,39.6,7650,11100,9863650
NIFTY13OCT2217200CE.NFO,12/10/2022,09:30:49,39.35,39.4,6050,39.5,2800,2150,9863650
NIFTY13OCT2217200CE.NFO,12/10/2022,09:30:51,39.5,39.45,300,39.55,4300,11000,9863650
NIFTY13OCT2217200CE.NFO,12/10/2022,09:30:52,39.45,39.4,5050,39.5,300,12400,9863650
NIFTY13OCT2217200CE.NFO,12/10/2022,09:30:53,39.3,39.25,6800,39.35,3750,12050,9863650
NIFTY13OCT2217200CE.NFO,12/10/2022,09:30:54,39.1,39.05,7150,39.2,2650,17600,9863650
NIFTY13OCT2217200CE.NFO,12/10/2022,09:30:55,38.4,38.3,5900,38.35,100,27600,9863650
NIFTY13OCT2217200CE.NFO,12/10/2022,09:30:56,38.3,38.3,2650,38.4,8650,12550,9863650
NIFTY13OCT2217200CE.NFO,12/10/2022,09:30:57,37.8,37.75,5050,37.85,4700,33200,9863650
NIFTY13OCT2217200CE.NFO,12/10/2022,09:30:58,37.35,37.3,5350,37.4,2900,19600,9863650
NIFTY13OCT2217200CE.NFO,12/10/2022,09:30:59,37.9,37.9,6000,38,3400,20150,9863650
NIFTY13OCT2217200CE.NFO,12/10/2022,09:31:00,37.65,37.75,100,37.8,1850,16500,9863650
NIFTY13OCT2217200CE.NFO,12/10/2022,09:31:02,38,37.85,5700,37.95,2850,14500,9863650
NIFTY13OCT2217200CE.NFO,12/10/2022,09:31:03,37.6,37.55,3450,37.65,50,6500,9863650
NIFTY13OCT2217200CE.NFO,12/10/2022,09:31:04,37.5,37.4,2850,37.5,1500,22450,9863650
NIFTY13OCT2217200CE.NFO,12/10/2022,09:31:05,37.9,37.85,4950,37.9,2100,26500,9863650
NIFTY13OCT2217200CE.NFO,12/10/2022,09:31:06,36.9,36.85,2750,36.9,100,46100,9863650
NIFTY13OCT2217200CE.NFO,12/10/2022,09:31:07,36.8,36.75,150,36.85,3600,14950,9863650
NIFTY13OCT2217200CE.NFO,12/10/2022,09:31:08,36.1,36.1,350,36.15,3100,20550,9863650
NIFTY13OCT2217200CE.NFO,12/10/2022,09:31:09,36.5,36.45,5250,36.5,750,34200,9863650
NIFTY13OCT2217200CE.NFO,12/10/2022,09:31:10,36.05,36.05,2900,36.15,3300,16800,9863650
NIFTY13OCT2217200CE.NFO,12/10/2022,09:31:12,35.95,35.85,900,35.95,6100,21550,9863650
NIFTY13OCT2217200CE.NFO,12/10/2022,09:31:13,36.15,36.05,3800,36.15,2750,21450,9863650
NIFTY13OCT2217200CE.NFO,12/10/2022,09:31:14,36.4,36.3,3000,36.35,350,14650,9863650
NIFTY13OCT2217200CE.NFO,12/10/2022,09:31:15,36.65,36.65,3150,36.7,300,14500,9863650
NIFTY13OCT2217200CE.NFO,12/10/2022,09:31:16,36.8,36.65,4650,36.8,6650,13750,9863650
NIFTY13OCT2217200CE.NFO,12/10/2022,09:31:17,36.7,36.65,3200,36.75,100,5650,9863650
NIFTY13OCT2217200CE.NFO,12/10/2022,09:31:18,36.75,36.6,3400,36.7,2950,9900,9863650
NIFTY13OCT2217200CE.NFO,12/10/2022,09:31:19,36.6,36.6,3300,36.7,2800,450,9863650
NIFTY13OCT2217200CE.NFO,12/10/2022,09:31:20,36.55,36.5,4650,36.6,3450,5250,9863650
NIFTY13OCT2217200CE.NFO,12/10/2022,09:31:21,36.25,36.25,8500,36.4,12100,20150,9863650
NIFTY13OCT2217200CE.NFO,12/10/2022,09:31:22,35.9,35.9,1500,36,4200,15200,9863650
NIFTY13OCT2217200CE.NFO,12/10/2022,09:31:23,35.55,35.55,3550,35.65,2600,30800,9863650
NIFTY13OCT2217200CE.NFO,12/10/2022,09:31:24,35.2,35.2,5850,35.25,50,14450,9863650
NIFTY13OCT2217200CE.NFO,12/10/2022,09:31:25,35.35,35.25,3250,35.35,50,5600,9863650
NIFTY13OCT2217200CE.NFO,12/10/2022,09:31:26,35,35,37650,35.1,4950,26800,9863650
NIFTY13OCT2217200CE.NFO,12/10/2022,09:31:27,34.85,34.85,2450,34.95,4400,49400,9863650
NIFTY13OCT2217200CE.NFO,12/10/2022,09:31:28,35.2,35.15,3050,35.25,6900,14650,9863650
NIFTY13OCT2217200CE.NFO,12/10/2022,09:31:29,35.6,35.65,5350,35.75,3500,19000,9863650
NIFTY13OCT2217200CE.NFO,12/10/2022,09:31:30,35.7,35.6,3500,35.7,2900,20600,9863650
NIFTY13OCT2217200CE.NFO,12/10/2022,09:31:31,35.75,35.7,2850,35.8,3900,7100,9863650
NIFTY13OCT2217200CE.NFO,12/10/2022,09:31:32,36.35,36.25,2300,36.35,3300,16450,9863650
NIFTY13OCT2217200CE.NFO,12/10/2022,09:31:33,36.25,36.25,6300,36.35,3050,300,9863650
NIFTY13OCT2217200CE.NFO,12/10/2022,09:31:34,36.45,36.4,5800,36.5,2900,13300,9863650
NIFTY13OCT2217200CE.NFO,12/10/2022,09:31:35,36.45,36.45,3400,36.55,3250,5350,9863650
NIFTY13OCT2217200CE.NFO,12/10/2022,09:31:36,36.2,36.2,4850,36.3,5200,13250,9863650
NIFTY13OCT2217200CE.NFO,12/10/2022,09:31:37,36.3,36.2,7450,36.3,5050,5000,9863650
NIFTY13OCT2217200CE.NFO,12/10/2022,09:31:38,36.45,36.4,50,36.45,3350,9850,9863650
NIFTY13OCT2217200CE.NFO,12/10/2022,09:31:39,36.7,36.7,3550,36.75,2800,9750,9863650
NIFTY13OCT2217200CE.NFO,12/10/2022,09:31:40,36.15,36.15,5700,36.3,8950,16600,9863650
NIFTY13OCT2217200CE.NFO,12/10/2022,09:31:41,36.3,36.3,3750,36.4,3150,2450,9863650
NIFTY13OCT2217200CE.NFO,12/10/2022,09:31:42,36.55,36.6,4400,36.7,3100,13600,9863650
NIFTY13OCT2217200CE.NFO,12/10/2022,09:31:43,36.6,36.45,9450,36.6,5850,6300,9863650
NIFTY13OCT2217200CE.NFO,12/10/2022,09:31:44,36.4,36.35,150,36.45,5400,2350,9863650
NIFTY13OCT2217200CE.NFO,12/10/2022,09:31:45,36.7,36.55,5850,36.65,2800,13250,9863650
NIFTY13OCT2217200CE.NFO,12/10/2022,09:31:46,36.85,36.75,5900,36.85,5150,10050,9863650
NIFTY13OCT2217200CE.NFO,12/10/2022,09:31:47,36.6,36.65,7900,36.75,3650,5800,9863650
NIFTY13OCT2217200CE.NFO,12/10/2022,09:31:48,36.7,36.65,4350,36.75,2800,550,9863650
NIFTY13OCT2217200CE.NFO,12/10/2022,09:31:49,37,36.95,100,37,2900,23950,9863650
NIFTY13OCT2217200CE.NFO,12/10/2022,09:31:50,36.7,36.6,4250,36.7,3900,3400,9863650
NIFTY13OCT2217200CE.NFO,12/10/2022,09:31:51,36.15,36.1,3950,36.15,200,16700,9863650
NIFTY13OCT2217200CE.NFO,12/10/2022,09:31:52,35.9,35.9,6550,36,800,15650,9863650
NIFTY13OCT2217200CE.NFO,12/10/2022,09:31:53,36.25,36.15,1050,36.25,3750,7300,9863650
NIFTY13OCT2217200CE.NFO,12/10/2022,09:31:54,36.4,36.4,4500,36.5,6200,8250,9863650
NIFTY13OCT2217200CE.NFO,12/10/2022,09:31:55,36.45,36.35,4400,36.45,5000,550,9863650
NIFTY13OCT2217200CE.NFO,12/10/2022,09:31:56,36.7,36.65,3650,36.7,1950,6750,9863650
NIFTY13OCT2217200CE.NFO,12/10/2022,09:31:57,36.7,36.65,200,36.7,8500,5850,9863650
NIFTY13OCT2217200CE.NFO,12/10/2022,09:31:58,36.45,36.45,50,36.5,6550,3700,9863650
NIFTY13OCT2217200CE.NFO,12/10/2022,09:31:59,36.2,36.2,4500,36.3,3350,9000,9863650
NIFTY13OCT2217200CE.NFO,12/10/2022,09:32:00,35.2,35.2,1000,35.25,3800,22100,9863650
NIFTY13OCT2217200CE.NFO,12/10/2022,09:32:01,35.7,35.55,6550,35.65,2500,8850,9863650
NIFTY13OCT2217200CE.NFO,12/10/2022,09:32:02,35.35,35.4,2400,35.45,250,2700,9863650
NIFTY13OCT2217200CE.NFO,12/10/2022,09:32:03,35.7,35.7,5050,35.8,3000,9700,9863650
NIFTY13OCT2217200CE.NFO,12/10/2022,09:32:04,35.85,35.85,4250,35.95,2800,3500,9863650
NIFTY13OCT2217200CE.NFO,12/10/2022,09:32:05,36.25,36.25,100,36.35,4650,5800,9863650
NIFTY13OCT2217200CE.NFO,12/10/2022,09:32:06,36.5,36.4,800,36.5,5700,15950,9863650
NIFTY13OCT2217200CE.NFO,12/10/2022,09:32:07,36.75,36.7,350,36.75,2700,8800,9863650
NIFTY13OCT2217200CE.NFO,12/10/2022,09:32:08,36.5,36.5,7450,36.6,4500,8550,9863650
NIFTY13OCT2217200CE.NFO,12/10/2022,09:32:09,36.6,36.55,2850,36.65,3150,9250,9863650
NIFTY13OCT2217200CE.NFO,12/10/2022,09:32:10,36.6,36.55,100,36.6,2650,2000,9863650
NIFTY13OCT2217200CE.NFO,12/10/2022,09:32:11,37.05,37,100,37.05,5150,18550,9863650
NIFTY13OCT2217200CE.NFO,12/10/2022,09:32:12,37.2,37.05,2350,37.15,2800,4850,9863650
NIFTY13OCT2217200CE.NFO,12/10/2022,09:32:13,37.1,37.15,2900,37.25,4350,3700,9863650
NIFTY13OCT2217200CE.NFO,12/10/2022,09:32:15,37.55,37.45,3850,37.55,3100,18950,9863650
NIFTY13OCT2217200CE.NFO,12/10/2022,09:32:16,37.8,37.75,5450,37.8,400,6500,9863650
NIFTY13OCT2217200CE.NFO,12/10/2022,09:32:17,38,37.9,3900,38,12750,8300,9863650
NIFTY13OCT2217200CE.NFO,12/10/2022,09:32:18,37.9,37.8,800,37.9,3750,18150,9863650
NIFTY13OCT2217200CE.NFO,12/10/2022,09:32:19,37.75,37.8,550,37.9,6450,10450,9863650
NIFTY13OCT2217200CE.NFO,12/10/2022,09:32:20,37.55,37.45,2850,37.55,150,12750,9863650
NIFTY13OCT2217200CE.NFO,12/10/2022,09:32:21,37.2,37.15,1800,37.25,5700,3800,9863650
NIFTY13OCT2217200CE.NFO,12/10/2022,09:32:22,36.8,36.75,5400,36.85,6700,12050,9863650
NIFTY13OCT2217200CE.NFO,12/10/2022,09:32:24,36.4,36.35,2800,36.45,3500,20800,9863650
NIFTY13OCT2217200CE.NFO,12/10/2022,09:32:25,36.3,36.15,950,36.3,6800,9800,9863650
NIFTY13OCT2217200CE.NFO,12/10/2022,09:32:26,36.25,36.15,5750,36.25,5350,6350,9863650
NIFTY13OCT2217200CE.NFO,12/10/2022,09:32:27,36.45,36.3,50,36.4,4500,6600,9863650
NIFTY13OCT2217200CE.NFO,12/10/2022,09:32:28,36.35,36.3,5400,36.4,6500,7200,9863650
NIFTY13OCT2217200CE.NFO,12/10/2022,09:32:29,36.4,36.4,5300,36.5,6600,1150,9863650
NIFTY13OCT2217200CE.NFO,12/10/2022,09:32:30,36.65,36.65,2350,36.75,4350,3600,9863650
NIFTY13OCT2217200CE.NFO,12/10/2022,09:32:31,37.15,37.15,9600,37.3,5200,9200,9863650
NIFTY13OCT2217200CE.NFO,12/10/2022,09:32:32,37.1,37.05,3350,37.15,2200,2050,9863650
NIFTY13OCT2217200CE.NFO,12/10/2022,09:32:33,37.05,36.95,4000,37.05,900,5700,9863650
NIFTY13OCT2217200CE.NFO,12/10/2022,09:32:34,37.5,37.45,11200,37.6,4500,5850,9863650
NIFTY13OCT2217200CE.NFO,12/10/2022,09:32:35,37.4,37.4,4700,37.5,4850,6700,9746400
NIFTY13OCT2217200CE.NFO,12/10/2022,09:32:36,37.7,37.6,4250,37.7,3800,8600,9746400
NIFTY13OCT2217200CE.NFO,12/10/2022,09:32:37,37.55,37.55,3650,37.65,650,700,9746400
NIFTY13OCT2217200CE.NFO,12/10/2022,09:32:38,37.4,37.45,1550,37.55,5900,8550,9746400
NIFTY13OCT2217200CE.NFO,12/10/2022,09:32:39,37.5,37.6,300,37.65,5900,3700,9746400
NIFTY13OCT2217200CE.NFO,12/10/2022,09:32:40,37.3,37.3,1000,37.4,6350,4950,9746400
NIFTY13OCT2217200CE.NFO,12/10/2022,09:32:41,37.15,37.15,3450,37.25,3200,2550,9746400
NIFTY13OCT2217200CE.NFO,12/10/2022,09:32:42,37,37.05,2800,37.15,3000,5200,9746400
NIFTY13OCT2217200CE.NFO,12/10/2022,09:32:43,37.05,37.1,8400,37.25,6200,4450,9746400
NIFTY13OCT2217200CE.NFO,12/10/2022,09:32:44,37.15,37.15,2650,37.25,2800,1300,9746400
NIFTY13OCT2217200CE.NFO,12/10/2022,09:32:45,37.25,37.15,2800,37.25,4250,3950,9746400
NIFTY13OCT2217200CE.NFO,12/10/2022,09:32:46,37.8,37.7,50,37.75,1000,12750,9746400
NIFTY13OCT2217200CE.NFO,12/10/2022,09:32:47,37.65,37.65,2850,37.75,3450,50,9746400
NIFTY13OCT2217200CE.NFO,12/10/2022,09:32:48,37.65,37.65,1500,37.75,3350,5250,9746400
NIFTY13OCT2217200CE.NFO,12/10/2022,09:32:49,37.65,37.7,2400,37.75,100,3150,9746400
NIFTY13OCT2217200CE.NFO,12/10/2022,09:32:50,37.75,37.75,2150,37.85,3950,3550,9746400
NIFTY13OCT2217200CE.NFO,12/10/2022,09:32:51,37.9,37.9,2400,38,22350,7550,9746400
NIFTY13OCT2217200CE.NFO,12/10/2022,09:32:52,38.25,38.15,5600,38.25,3900,31500,9746400
NIFTY13OCT2217200CE.NFO,12/10/2022,09:32:53,38.35,38.25,5400,38.35,150,9450,9746400
NIFTY13OCT2217200CE.NFO,12/10/2022,09:32:54,38.4,38.4,450,38.5,5100,8300,9746400
NIFTY13OCT2217200CE.NFO,12/10/2022,09:32:55,38.55,38.6,500,38.7,5500,11450,9746400
NIFTY13OCT2217200CE.NFO,12/10/2022,09:32:56,38.9,38.85,200,38.9,4600,16100,9746400
NIFTY13OCT2217200CE.NFO,12/10/2022,09:32:57,38.65,38.65,2950,38.75,5000,9700,9746400
NIFTY13OCT2217200CE.NFO,12/10/2022,09:32:58,38.6,38.65,350,38.7,950,4600,9746400
NIFTY13OCT2217200CE.NFO,12/10/2022,09:32:59,38.9,38.85,50,38.9,3550,5550,9746400
NIFTY13OCT2217200CE.NFO,12/10/2022,09:33:00,38.55,38.5,2800,38.6,4100,8150,9746400
NIFTY13OCT2217200CE.NFO,12/10/2022,09:33:01,38.9,38.9,250,38.95,50,11050,9746400
NIFTY13OCT2217200CE.NFO,12/10/2022,09:33:02,38.9,38.8,3000,38.9,2700,11550,9746400
NIFTY13OCT2217200CE.NFO,12/10/2022,09:33:03,38.8,38.7,100,38.75,150,4400,9746400
NIFTY13OCT2217200CE.NFO,12/10/2022,09:33:04,38.4,38.45,300,38.5,4300,7900,9746400
NIFTY13OCT2217200CE.NFO,12/10/2022,09:33:05,38.3,38.3,4650,38.35,1150,4700,9746400
NIFTY13OCT2217200CE.NFO,12/10/2022,09:33:06,37.9,37.8,1600,37.9,4750,16850,9746400
NIFTY13OCT2217200CE.NFO,12/10/2022,09:33:07,37.65,37.6,4100,37.7,2800,5900,9746400
NIFTY13OCT2217200CE.NFO,12/10/2022,09:33:08,37.35,37.25,2800,37.35,5700,8150,9746400
NIFTY13OCT2217200CE.NFO,12/10/2022,09:33:09,37.25,37.15,2800,37.25,5550,11700,9746400
NIFTY13OCT2217200CE.NFO,12/10/2022,09:33:10,37.3,37.15,3100,37.3,9900,2750,9746400
NIFTY13OCT2217200CE.NFO,12/10/2022,09:33:11,37.55,37.5,2800,37.6,5150,3300,9746400
NIFTY13OCT2217200CE.NFO,12/10/2022,09:33:12,37.25,37.15,6550,37.3,4900,7200,9746400
NIFTY13OCT2217200CE.NFO,12/10/2022,09:33:13,36.9,36.9,3350,37,4650,11300,9746400
NIFTY13OCT2217200CE.NFO,12/10/2022,09:33:14,36.7,36.7,5500,36.8,5500,5650,9746400
NIFTY13OCT2217200CE.NFO,12/10/2022,09:33:15,37.05,37.05,150,37.1,3350,3850,9746400
NIFTY13OCT2217200CE.NFO,12/10/2022,09:33:16,36.85,36.85,1250,36.9,400,3950,9746400
NIFTY13OCT2217200CE.NFO,12/10/2022,09:33:17,36.6,36.5,4250,36.6,3650,7350,9746400
NIFTY13OCT2217200CE.NFO,12/10/2022,09:33:18,36.65,36.55,3100,36.7,11300,550,9746400
NIFTY13OCT2217200CE.NFO,12/10/2022,09:33:19,36.1,36.15,100,36.2,2550,5850,9746400
NIFTY13OCT2217200CE.NFO,12/10/2022,09:33:20,35.9,35.8,4350,35.9,3950,30100,9746400
NIFTY13OCT2217200CE.NFO,12/10/2022,09:33:21,35.9,35.85,100,35.9,3800,6600,9746400
NIFTY13OCT2217200CE.NFO,12/10/2022,09:33:22,35.8,35.7,5650,35.8,2850,5550,9746400
NIFTY13OCT2217200CE.NFO,12/10/2022,09:33:23,35.9,35.8,2900,35.9,5150,3650,9746400
NIFTY13OCT2217200CE.NFO,12/10/2022,09:33:24,36.15,36.05,4300,36.15,3000,9250,9746400
NIFTY13OCT2217200CE.NFO,12/10/2022,09:33:25,36,35.85,6700,36,6850,5250,9746400
NIFTY13OCT2217200CE.NFO,12/10/2022,09:33:26,35.9,35.75,4300,35.9,6650,9600,9746400
NIFTY13OCT2217200CE.NFO,12/10/2022,09:33:27,36.05,35.95,4000,36.05,4000,5500,9746400
NIFTY13OCT2217200CE.NFO,12/10/2022,09:33:28,36,36,3850,36.05,50,16800,9746400
NIFTY13OCT2217200CE.NFO,12/10/2022,09:33:29,36.55,36.55,4050,36.7,4400,4250,9746400
NIFTY13OCT2217200CE.NFO,12/10/2022,09:33:30,36.85,36.75,1650,36.85,6500,16150,9746400
NIFTY13OCT2217200CE.NFO,12/10/2022,09:33:31,36.3,36.1,2100,36.2,5050,22750,9746400
NIFTY13OCT2217200CE.NFO,12/10/2022,09:33:32,36.8,36.7,4650,36.8,3950,4800,9746400
NIFTY13OCT2217200CE.NFO,12/10/2022,09:33:34,37.3,37.2,2950,37.3,3550,13800,9746400
NIFTY13OCT2217200CE.NFO,12/10/2022,09:33:35,37.55,37.55,450,37.6,1000,12350,9746400
NIFTY13OCT2217200CE.NFO,12/10/2022,09:33:35,37.35,37.4,350,37.5,2850,600,9746400
NIFTY13OCT2217200CE.NFO,12/10/2022,09:33:36,38.7,38.7,3050,38.8,2800,43950,9746400
NIFTY13OCT2217200CE.NFO,12/10/2022,09:33:37,38.7,38.65,4600,38.75,3700,9900,9746400
NIFTY13OCT2217200CE.NFO,12/10/2022,09:33:38,39.45,39.45,200,39.5,7300,85150,9746400
NIFTY13OCT2217200CE.NFO,12/10/2022,09:33:39,39.8,39.8,850,39.9,8250,33250,9746400
NIFTY13OCT2217200CE.NFO,12/10/2022,09:33:41,39.7,39.6,2900,39.7,3550,21300,9746400
NIFTY13OCT2217200CE.NFO,12/10/2022,09:33:42,39.95,39.9,250,39.95,3700,59200,9746400
NIFTY13OCT2217200CE.NFO,12/10/2022,09:33:43,39.5,39.35,2800,39.4,200,30500,9746400
NIFTY13OCT2217200CE.NFO,12/10/2022,09:33:44,39.7,39.6,50,39.7,5200,44000,9746400
NIFTY13OCT2217200CE.NFO,12/10/2022,09:33:45,39.7,39.65,5500,39.7,850,13000,9746400
NIFTY13OCT2217200CE.NFO,12/10/2022,09:33:46,39.9,39.9,3350,40,2550,106800,9746400
NIFTY13OCT2217200CE.NFO,12/10/2022,09:33:47,40.05,40,8200,40.1,2700,17500,9746400
NIFTY13OCT2217200CE.NFO,12/10/2022,09:33:48,40.05,39.95,2650,40.05,1300,26750,9746400
NIFTY13OCT2217200CE.NFO,12/10/2022,09:33:49,39.5,39.45,5500,39.55,2850,17850,9746400
NIFTY13OCT2217200CE.NFO,12/10/2022,09:33:50,39.45,39.45,5350,39.55,3500,13150,9746400
NIFTY13OCT2217200CE.NFO,12/10/2022,09:33:51,39.6,39.6,2800,39.65,100,27350,9746400
NIFTY13OCT2217200CE.NFO,12/10/2022,09:33:53,39.8,39.75,2900,39.8,100,21550,9746400
NIFTY13OCT2217200CE.NFO,12/10/2022,09:33:53,39.75,39.75,2550,39.85,3000,850,9746400
NIFTY13OCT2217200CE.NFO,12/10/2022,09:33:54,40,40,5200,40.1,3000,22550,9746400
NIFTY13OCT2217200CE.NFO,12/10/2022,09:33:55,40.5,40.45,300,40.5,1400,23700,9746400
NIFTY13OCT2217200CE.NFO,12/10/2022,09:33:56,40.6,40.5,2300,40.6,2950,17200,9746400
NIFTY13OCT2217200CE.NFO,12/10/2022,09:33:57,40.45,40.5,100,40.6,3150,22950,9746400
NIFTY13OCT2217200CE.NFO,12/10/2022,09:33:58,41,41,3000,41.15,2550,61800,9746400
NIFTY13OCT2217200CE.NFO,12/10/2022,09:33:59,41.1,41.05,1000,41.1,100,32200,9746400
NIFTY13OCT2217200CE.NFO,12/10/2022,09:34:00,41.05,41,3800,41.15,2950,15400,9746400
NIFTY13OCT2217200CE.NFO,12/10/2022,09:34:02,41.05,41,3500,41.15,4150,19950,9746400
NIFTY13OCT2217200CE.NFO,12/10/2022,09:34:02,41.1,41.1,1700,41.2,3800,9150,9746400
NIFTY13OCT2217200CE.NFO,12/10/2022,09:34:03,40.8,40.65,5850,40.75,200,17100,9746400
NIFTY13OCT2217200CE.NFO,12/10/2022,09:34:04,40.2,40.1,14550,40.2,3000,18650,9746400
NIFTY13OCT2217200CE.NFO,12/10/2022,09:34:05,40.15,40,2800,40.1,3100,53400,9746400
NIFTY13OCT2217200CE.NFO,12/10/2022,09:34:06,40.2,40.3,2400,40.4,5850,17800,9746400
NIFTY13OCT2217200CE.NFO,12/10/2022,09:34:07,40.15,40.15,5500,40.25,300,24850,9746400
NIFTY13OCT2217200CE.NFO,12/10/2022,09:34:08,40,39.9,200,40,3250,15550,9746400
NIFTY13OCT2217200CE.NFO,12/10/2022,09:34:09,40.25,40.1,3550,40.25,6850,16250,9746400
NIFTY13OCT2217200CE.NFO,12/10/2022,09:34:11,40.2,40.2,100,40.25,1400,12900,9746400
NIFTY13OCT2217200CE.NFO,12/10/2022,09:34:11,40.25,40.15,500,40.25,3000,2000,9746400
NIFTY13OCT2217200CE.NFO,12/10/2022,09:34:12,40,39.95,300,40,2000,15300,9746400
NIFTY13OCT2217200CE.NFO,12/10/2022,09:34:13,40.15,40.1,100,40.15,2650,7600,9746400
NIFTY13OCT2217200CE.NFO,12/10/2022,09:34:14,39.55,39.5,5250,39.6,4100,67750,9746400
NIFTY13OCT2217200CE.NFO,12/10/2022,09:34:15,40.05,39.95,3500,40.05,2800,16600,9746400
NIFTY13OCT2217200CE.NFO,12/10/2022,09:34:17,40.2,40.1,4400,40.2,1500,34300,9746400
NIFTY13OCT2217200CE.NFO,12/10/2022,09:34:17,40.25,40.25,50,40.3,2800,1000,9746400
NIFTY13OCT2217200CE.NFO,12/10/2022,09:34:18,40.7,40.65,5950,40.75,1450,13300,9746400
NIFTY13OCT2217200CE.NFO,12/10/2022,09:34:19,41,40.95,550,41.05,3450,35050,9746400
NIFTY13OCT2217200CE.NFO,12/10/2022,09:34:20,41.05,40.9,5800,41,2050,15050,9746400
NIFTY13OCT2217200CE.NFO,12/10/2022,09:34:21,41.6,41.5,3900,41.6,200,31550,9746400
NIFTY13OCT2217200CE.NFO,12/10/2022,09:34:22,40.75,40.6,950,40.7,2550,42500,9746400
NIFTY13OCT2217200CE.NFO,12/10/2022,09:34:23,40.6,40.5,2700,40.6,2450,10500,9746400
NIFTY13OCT2217200CE.NFO,12/10/2022,09:34:24,41.4,41.3,3500,41.4,2100,27550,9746400
NIFTY13OCT2217200CE.NFO,12/10/2022,09:34:26,41.3,41.2,3000,41.3,2750,16050,9746400
NIFTY13OCT2217200CE.NFO,12/10/2022,09:34:26,41.2,41.15,5600,41.25,4400,1150,9746400
NIFTY13OCT2217200CE.NFO,12/10/2022,09:34:27,41.55,41.5,100,41.55,2200,19350,9746400
NIFTY13OCT2217200CE.NFO,12/10/2022,09:34:28,40.95,40.9,550,40.95,5550,16150,9746400
NIFTY13OCT2217200CE.NFO,12/10/2022,09:34:29,40.8,40.8,3750,40.9,3500,17900,9746400
NIFTY13OCT2217200CE.NFO,12/10/2022,09:34:30,40.65,40.65,200,40.75,3750,9800,9746400
NIFTY13OCT2217200CE.NFO,12/10/2022,09:34:31,40.75,40.65,3000,40.75,2750,28550,9746400
NIFTY13OCT2217200CE.NFO,12/10/2022,09:34:33,40,39.85,1000,39.9,2850,43700,9746400
NIFTY13OCT2217200CE.NFO,12/10/2022,09:34:34,40.15,40.05,3450,40.15,3600,10200,9746400
NIFTY13OCT2217200CE.NFO,12/10/2022,09:34:35,40.65,40.65,3100,40.75,4300,21850,9746400
NIFTY13OCT2217200CE.NFO,12/10/2022,09:34:36,40.75,40.65,4650,40.75,5550,12900,9746400
NIFTY13OCT2217200CE.NFO,12/10/2022,09:34:37,40.6,40.55,800,40.6,4350,17000,9746400
NIFTY13OCT2217200CE.NFO,12/10/2022,09:34:38,40.9,40.9,2800,40.95,100,14400,9746400
NIFTY13OCT2217200CE.NFO,12/10/2022,09:34:39,40.4,40.4,2750,40.45,200,12200,9746400
NIFTY13OCT2217200CE.NFO,12/10/2022,09:34:40,40.15,40.15,3000,40.2,250,22100,9746400
NIFTY13OCT2217200CE.NFO,12/10/2022,09:34:41,40.3,40.2,3600,40.3,3400,6700,9746400
NIFTY13OCT2217200CE.NFO,12/10/2022,09:34:42,40.5,40.3,2900,40.4,2850,7900,9746400
NIFTY13OCT2217200CE.NFO,12/10/2022,09:34:43,40.55,40.5,200,40.6,6200,14250,9746400
NIFTY13OCT2217200CE.NFO,12/10/2022,09:34:44,40.15,40.15,1250,40.2,50,12600,9746400
NIFTY13OCT2217200CE.NFO,12/10/2022,09:34:45,40.55,40.4,3400,40.55,6700,11050,9746400
NIFTY13OCT2217200CE.NFO,12/10/2022,09:34:46,40.15,40.15,5600,40.2,800,17300,9746400
NIFTY13OCT2217200CE.NFO,12/10/2022,09:34:47,40.15,40.05,800,40.15,5950,14200,9746400
NIFTY13OCT2217200CE.NFO,12/10/2022,09:34:48,40.05,40.05,2400,40.15,2900,6250,9746400
NIFTY13OCT2217200CE.NFO,12/10/2022,09:34:49,40.05,40,1450,40.05,200,12150,9746400
NIFTY13OCT2217200CE.NFO,12/10/2022,09:34:50,39.7,39.6,3450,39.65,100,23100,9746400
NIFTY13OCT2217200CE.NFO,12/10/2022,09:34:51,39.7,39.75,1050,39.8,50,9200,9746400
NIFTY13OCT2217200CE.NFO,12/10/2022,09:34:52,40,40,7450,40.15,5800,11600,9746400
NIFTY13OCT2217200CE.NFO,12/10/2022,09:34:54,40.55,40.5,2800,40.55,50,22550,9746400
NIFTY13OCT2217200CE.NFO,12/10/2022,09:34:54,40.45,40.4,2850,40.5,700,3450,9746400
NIFTY13OCT2217200CE.NFO,12/10/2022,09:34:55,41,41,2800,41.05,100,38350,9746400
NIFTY13OCT2217200CE.NFO,12/10/2022,09:34:56,40.5,40.45,3400,40.55,300,12050,9746400
NIFTY13OCT2217200CE.NFO,12/10/2022,09:34:57,39.8,39.7,3000,39.8,3600,26150,9746400
NIFTY13OCT2217200CE.NFO,12/10/2022,09:34:58,40.45,40.4,3850,40.5,850,11600,9746400
NIFTY13OCT2217200CE.NFO,12/10/2022,09:34:59,40.8,40.75,2800,40.8,2200,8000,9746400
NIFTY13OCT2217200CE.NFO,12/10/2022,09:35:00,40.7,40.65,2950,40.7,100,11450,9746400
NIFTY13OCT2217200CE.NFO,12/10/2022,09:35:01,40.45,40.4,4650,40.45,100,6850,9746400
NIFTY13OCT2217200CE.NFO,12/10/2022,09:35:02,40.5,40.4,3400,40.5,50,11150,9746400
NIFTY13OCT2217200CE.NFO,12/10/2022,09:35:04,40.05,40,50,40.05,2550,10650,9746400
NIFTY13OCT2217200CE.NFO,12/10/2022,09:35:04,40.15,40.15,300,40.2,200,1800,9746400
NIFTY13OCT2217200CE.NFO,12/10/2022,09:35:05,40.55,40.5,100,40.6,5050,8950,9746400
NIFTY13OCT2217200CE.NFO,12/10/2022,09:35:06,40.65,40.6,300,40.65,3000,20450,9746400
NIFTY13OCT2217200CE.NFO,12/10/2022,09:35:07,40.6,40.55,800,40.6,3150,10050,9746400
NIFTY13OCT2217200CE.NFO,12/10/2022,09:35:08,40.3,40.3,100,40.35,3950,9600,9746400
NIFTY13OCT2217200CE.NFO,12/10/2022,09:35:09,40.2,40.1,4450,40.2,3350,17400,9746400
NIFTY13OCT2217200CE.NFO,12/10/2022,09:35:10,40.15,40.05,5700,40.15,2800,6600,9746400
NIFTY13OCT2217200CE.NFO,12/10/2022,09:35:11,40.35,40.3,200,40.35,5400,7650,9746400
NIFTY13OCT2217200CE.NFO,12/10/2022,09:35:13,40.55,40.45,300,40.55,5750,22450,9746400
NIFTY13OCT2217200CE.NFO,12/10/2022,09:35:13,40.6,40.65,100,40.7,2800,3700,9746400
NIFTY13OCT2217200CE.NFO,12/10/2022,09:35:14,40.75,40.7,50,40.75,3150,7800,9746400
NIFTY13OCT2217200CE.NFO,12/10/2022,09:35:15,40.45,40.4,950,40.45,2750,14650,9746400
NIFTY13OCT2217200CE.NFO,12/10/2022,09:35:16,40.15,40.1,800,40.2,5500,17200,9746400
NIFTY13OCT2217200CE.NFO,12/10/2022,09:35:17,40.45,40.3,2150,40.4,2450,8600,9746400
NIFTY13OCT2217200CE.NFO,12/10/2022,09:35:18,40.7,40.6,6200,40.7,3000,10750,9746400
NIFTY13OCT2217200CE.NFO,12/10/2022,09:35:20,40.05,39.95,5050,40.05,2850,15350,9746400
NIFTY13OCT2217200CE.NFO,12/10/2022,09:35:20,40.1,40.05,2750,40.1,800,1600,9746400
NIFTY13OCT2217200CE.NFO,12/10/2022,09:35:21,39.25,39.25,300,39.3,1700,35900,9746400
NIFTY13OCT2217200CE.NFO,12/10/2022,09:35:22,40.3,40.25,5450,40.3,100,14450,9746400
NIFTY13OCT2217200CE.NFO,12/10/2022,09:35:23,40.2,40.2,2600,40.3,3600,10850,9746400
NIFTY13OCT2217200CE.NFO,12/10/2022,09:35:24,41.2,41.1,3800,41.2,3500,62500,9746400
NIFTY13OCT2217200CE.NFO,12/10/2022,09:35:25,41.6,41.55,200,41.6,6350,15600,9746400
NIFTY13OCT2217200CE.NFO,12/10/2022,09:35:26,41.4,41.4,5100,41.5,6800,18850,9746400
NIFTY13OCT2217200CE.NFO,12/10/2022,09:35:27,41.05,41.05,2150,41.15,3300,12200,9746400
NIFTY13OCT2217200CE.NFO,12/10/2022,09:35:28,41.2,41.05,4000,41.15,2950,7600,9746400
NIFTY13OCT2217200CE.NFO,12/10/2022,09:35:30,40.9,40.8,3700,40.9,4300,8450,9746400
NIFTY13OCT2217200CE.NFO,12/10/2022,09:35:30,40.8,40.75,1000,40.8,3000,4000,9746400
NIFTY13OCT2217200CE.NFO,12/10/2022,09:35:31,40.75,40.85,4050,40.95,1500,8300,9746400
NIFTY13OCT2217200CE.NFO,12/10/2022,09:35:32,40.75,40.7,1100,40.75,50,8250,9746400
NIFTY13OCT2217200CE.NFO,12/10/2022,09:35:33,40.85,40.8,3200,40.85,50,3000,9746400
NIFTY13OCT2217200CE.NFO,12/10/2022,09:35:34,40.9,40.9,6650,41.05,6800,9100,9746400
NIFTY13OCT2217200CE.NFO,12/10/2022,09:35:35,40.55,40.55,5450,40.65,3150,7600,9746400
NIFTY13OCT2217200CE.NFO,12/10/2022,09:35:36,40.3,40.25,3350,40.35,3850,6450,9439300
NIFTY13OCT2217200CE.NFO,12/10/2022,09:35:37,40.8,40.65,5550,40.75,3650,7450,9439300
NIFTY13OCT2217200CE.NFO,12/10/2022,09:35:38,40.4,40.3,3550,40.4,4900,9750,9439300
NIFTY13OCT2217200CE.NFO,12/10/2022,09:35:39,40.8,40.8,5100,40.9,1400,5400,9439300
NIFTY13OCT2217200CE.NFO,12/10/2022,09:35:40,40.7,40.65,3450,40.75,3100,19600,9439300
NIFTY13OCT2217200CE.NFO,12/10/2022,09:35:41,41,40.95,3150,41,150,4550,9439300
NIFTY13OCT2217200CE.NFO,12/10/2022,09:35:42,41.05,41.05,5450,41.15,2950,5850,9439300
NIFTY13OCT2217200CE.NFO,12/10/2022,09:35:44,40.85,40.85,4450,40.95,5650,11900,9439300
NIFTY13OCT2217200CE.NFO,12/10/2022,09:35:44,41.05,41,7850,41.05,900,10500,9439300
NIFTY13OCT2217200CE.NFO,12/10/2022,09:35:45,40.85,40.75,50,40.8,3550,20950,9439300
NIFTY13OCT2217200CE.NFO,12/10/2022,09:35:46,40.35,40.35,5300,40.45,2800,14950,9439300
NIFTY13OCT2217200CE.NFO,12/10/2022,09:35:47,40.55,40.55,8400,40.7,7800,9200,9439300
NIFTY13OCT2217200CE.NFO,12/10/2022,09:35:48,40.7,40.65,3000,40.7,2050,3100,9439300
NIFTY13OCT2217200CE.NFO,12/10/2022,09:35:49,40.8,40.8,200,40.9,6550,11900,9439300
NIFTY13OCT2217200CE.NFO,12/10/2022,09:35:50,41.15,41.1,400,41.15,50,22150,9439300
NIFTY13OCT2217200CE.NFO,12/10/2022,09:35:51,40.9,40.85,6050,40.9,50,14600,9439300
NIFTY13OCT2217200CE.NFO,12/10/2022,09:35:52,41,40.9,4300,41,4600,14500,9439300
NIFTY13OCT2217200CE.NFO,12/10/2022,09:35:53,40.7,40.75,150,40.85,9050,5950,9439300
NIFTY13OCT2217200CE.NFO,12/10/2022,09:35:54,40.6,40.6,3800,40.7,100,7750,9439300
NIFTY13OCT2217200CE.NFO,12/10/2022,09:35:55,40.55,40.45,6200,40.55,2800,19400,9439300
NIFTY13OCT2217200CE.NFO,12/10/2022,09:35:56,40.65,40.5,100,40.55,2700,6450,9439300
NIFTY13OCT2217200CE.NFO,12/10/2022,09:35:57,40.15,40.25,50,40.3,2950,45400,9439300
NIFTY13OCT2217200CE.NFO,12/10/2022,09:35:58,40.45,40.5,5150,40.6,5800,7150,9439300
NIFTY13OCT2217200CE.NFO,12/10/2022,09:35:59,40.35,40.3,3450,40.4,3850,28950,9439300
NIFTY13OCT2217200CE.NFO,12/10/2022,09:36:01,40.45,40.35,4800,40.45,2750,10100,9439300
NIFTY13OCT2217200CE.NFO,12/10/2022,09:36:02,40.85,40.75,3250,40.85,2850,29300,9439300
NIFTY13OCT2217200CE.NFO,12/10/2022,09:36:03,41,40.95,2800,41.1,6300,12500,9439300
NIFTY13OCT2217200CE.NFO,12/10/2022,09:36:04,40.75,40.7,5800,40.8,7350,7900,9439300
NIFTY13OCT2217200CE.NFO,12/10/2022,09:36:04,40.6,40.5,1500,40.6,6550,4050,9439300
NIFTY13OCT2217200CE.NFO,12/10/2022,09:36:05,40.6,40.75,200,40.85,9550,30400,9439300
NIFTY13OCT2217200CE.NFO,12/10/2022,09:36:06,41.05,40.9,3700,41,8250,8250,9439300
