Ticker,Date,Time,LTP,BuyPrice,BuyQty,SellPrice,SellQty,LTQ,OpenInterest
NIFTY13OCT2217200PE.NFO,12/10/2022,09:15:00,219.75,218.1,50,220,1600,6900,2372750
NIFTY13OCT2217200PE.NFO,12/10/2022,09:15:00,219.75,218.1,50,220,1600,0,2372750
NIFTY13OCT2217200PE.NFO,12/10/2022,09:15:00,220,218.1,50,220,1600,0,2372750
NIFTY13OCT2217200PE.NFO,12/10/2022,09:15:00,207.25,218.1,50,220,1600,0,2372750
NIFTY13OCT2217200PE.NFO,12/10/2022,09:15:01,228.5,226,50,228.5,400,6900,2372750
NIFTY13OCT2217200PE.NFO,12/10/2022,09:15:01,232.8,226,50,228.5,400,0,2372750
NIFTY13OCT2217200PE.NFO,12/10/2022,09:15:02,224.95,224.95,200,228.55,400,1650,2372750
NIFTY13OCT2217200PE.NFO,12/10/2022,09:15:04,232.35,231.5,400,235.35,300,4200,2372750
NIFTY13OCT2217200PE.NFO,12/10/2022,09:15:04,232.85,231.5,400,235.35,300,0,2372750
NIFTY13OCT2217200PE.NFO,12/10/2022,09:15:06,241.3,239.5,400,241.1,200,7550,2372750
NIFTY13OCT2217200PE.NFO,12/10/2022,09:15:06,244.1,239.5,400,241.1,200,0,2372750
NIFTY13OCT2217200PE.NFO,12/10/2022,09:15:07,242.35,241.35,200,242.25,400,2250,2372750
NIFTY13OCT2217200PE.NFO,12/10/2022,09:15:09,243.25,242.85,100,243.45,450,6550,2372750
NIFTY13OCT2217200PE.NFO,12/10/2022,09:15:09,245.4,242.85,100,243.45,450,0,2372750
NIFTY13OCT2217200PE.NFO,12/10/2022,09:15:11,243,243,150,243.05,350,15900,2372750
NIFTY13OCT2217200PE.NFO,12/10/2022,09:15:11,246.2,243,150,243.05,350,0,2372750
NIFTY13OCT2217200PE.NFO,12/10/2022,09:15:12,249.25,246.35,50,247.55,250,36650,2372750
NIFTY13OCT2217200PE.NFO,12/10/2022,09:15:12,251.85,246.35,50,247.55,250,0,2372750
NIFTY13OCT2217200PE.NFO,12/10/2022,09:15:14,244.15,244.15,50,244.55,200,13850,2372750
NIFTY13OCT2217200PE.NFO,12/10/2022,09:15:15,241.05,241,50,241.65,200,12850,2372750
NIFTY13OCT2217200PE.NFO,12/10/2022,09:15:16,239.05,238.5,300,238.6,200,14450,2372750
NIFTY13OCT2217200PE.NFO,12/10/2022,09:15:18,235.15,235.1,450,235.6,200,11550,2372750
NIFTY13OCT2217200PE.NFO,12/10/2022,09:15:19,230.9,230.05,50,230.2,200,7550,2372750
NIFTY13OCT2217200PE.NFO,12/10/2022,09:15:21,229.3,228.85,400,229.1,200,8800,2372750
NIFTY13OCT2217200PE.NFO,12/10/2022,09:15:22,226.45,226.45,200,227.55,50,10700,2372750
NIFTY13OCT2217200PE.NFO,12/10/2022,09:15:24,226.35,225.05,200,225.9,200,3750,2372750
NIFTY13OCT2217200PE.NFO,12/10/2022,09:15:25,223.65,222.9,50,223.75,200,2750,2372750
NIFTY13OCT2217200PE.NFO,12/10/2022,09:15:26,218.3,218.05,200,219.1,200,7200,2372750
NIFTY13OCT2217200PE.NFO,12/10/2022,09:15:28,215.85,216.55,200,217.35,150,2400,2372750
NIFTY13OCT2217200PE.NFO,12/10/2022,09:15:29,216.45,215.65,200,216.4,200,3500,2372750
NIFTY13OCT2217200PE.NFO,12/10/2022,09:15:30,215.4,214.45,50,215.4,200,4800,2372750
NIFTY13OCT2217200PE.NFO,12/10/2022,09:15:32,219.8,220.85,50,222.8,100,8800,2372750
NIFTY13OCT2217200PE.NFO,12/10/2022,09:15:33,224.4,224.3,50,225.3,400,5550,2372750
NIFTY13OCT2217200PE.NFO,12/10/2022,09:15:34,228.2,228.35,50,228.95,50,5150,2372750
NIFTY13OCT2217200PE.NFO,12/10/2022,09:15:36,222.35,221.75,100,222.55,50,7350,2372750
NIFTY13OCT2217200PE.NFO,12/10/2022,09:15:38,222.5,221.55,50,222.6,350,11500,2372750
NIFTY13OCT2217200PE.NFO,12/10/2022,09:15:39,221.25,221.85,50,222.5,200,7050,2372750
NIFTY13OCT2217200PE.NFO,12/10/2022,09:15:40,224.9,223.65,50,224.8,350,8800,2372750
NIFTY13OCT2217200PE.NFO,12/10/2022,09:15:41,226.6,226.75,50,228.95,200,5300,2372750
NIFTY13OCT2217200PE.NFO,12/10/2022,09:15:43,225.2,224.4,150,225.2,150,5450,2372750
NIFTY13OCT2217200PE.NFO,12/10/2022,09:15:44,224.9,224.2,100,224.8,200,2600,2372750
NIFTY13OCT2217200PE.NFO,12/10/2022,09:15:45,222.4,222.3,600,222.6,200,2000,2372750
NIFTY13OCT2217200PE.NFO,12/10/2022,09:15:47,221.15,221.15,73600,221.2,50,50050,2372750
NIFTY13OCT2217200PE.NFO,12/10/2022,09:15:48,221.2,221.15,57900,221.2,150,17500,2372750
NIFTY13OCT2217200PE.NFO,12/10/2022,09:15:49,221.8,221.45,50,221.8,200,10100,2372750
NIFTY13OCT2217200PE.NFO,12/10/2022,09:15:51,222.2,221.65,50,222.2,100,4700,2372750
NIFTY13OCT2217200PE.NFO,12/10/2022,09:15:52,225.95,226.1,50,227,450,7950,2372750
NIFTY13OCT2217200PE.NFO,12/10/2022,09:15:53,226,226.1,200,226.8,200,1450,2372750
NIFTY13OCT2217200PE.NFO,12/10/2022,09:15:55,226.15,225.55,50,226.1,200,2550,2372750
NIFTY13OCT2217200PE.NFO,12/10/2022,09:15:56,225.55,225.7,50,225.9,200,2000,2372750
NIFTY13OCT2217200PE.NFO,12/10/2022,09:15:57,226.2,225.85,100,226.2,150,3050,2372750
NIFTY13OCT2217200PE.NFO,12/10/2022,09:15:58,228.3,230.35,50,231.3,200,2550,2372750
NIFTY13OCT2217200PE.NFO,12/10/2022,09:16:00,230.5,232,50,232.7,250,2200,2372750
NIFTY13OCT2217200PE.NFO,12/10/2022,09:16:01,232.25,231.9,50,232.25,100,5250,2372750
NIFTY13OCT2217200PE.NFO,12/10/2022,09:16:03,232,231.7,50,232,1750,4950,2372750
NIFTY13OCT2217200PE.NFO,12/10/2022,09:16:04,235.4,235.25,50,235.6,150,4350,2372750
NIFTY13OCT2217200PE.NFO,12/10/2022,09:16:06,237,236.45,50,237.1,150,5800,2372750
NIFTY13OCT2217200PE.NFO,12/10/2022,09:16:07,238,238.15,50,238.35,150,3350,2372750
NIFTY13OCT2217200PE.NFO,12/10/2022,09:16:09,239.1,238.25,50,239,200,5500,2372750
NIFTY13OCT2217200PE.NFO,12/10/2022,09:16:10,239.7,239.75,600,240.15,150,4700,2372750
NIFTY13OCT2217200PE.NFO,12/10/2022,09:16:12,239.95,239.45,50,239.75,150,4350,2372750
NIFTY13OCT2217200PE.NFO,12/10/2022,09:16:13,240.45,239.85,50,240.55,50,3500,2372750
NIFTY13OCT2217200PE.NFO,12/10/2022,09:16:15,239.65,240.25,50,240.75,50,2550,2372750
NIFTY13OCT2217200PE.NFO,12/10/2022,09:16:16,240,239.95,50,240.35,50,1350,2372750
NIFTY13OCT2217200PE.NFO,12/10/2022,09:16:17,240,239.3,150,239.9,50,8100,2372750
NIFTY13OCT2217200PE.NFO,12/10/2022,09:16:19,239.6,239.4,50,239.6,150,2500,2372750
NIFTY13OCT2217200PE.NFO,12/10/2022,09:16:20,240.4,240.3,150,240.6,200,2650,2372750
NIFTY13OCT2217200PE.NFO,12/10/2022,09:16:21,240.6,240.3,150,240.5,200,2300,2372750
NIFTY13OCT2217200PE.NFO,12/10/2022,09:16:23,239.25,239.2,50,239.8,200,30850,2372750
NIFTY13OCT2217200PE.NFO,12/10/2022,09:16:24,240.55,240.15,150,240.5,200,7550,2372750
NIFTY13OCT2217200PE.NFO,12/10/2022,09:16:26,238.9,238.45,50,239,200,5950,2372750
NIFTY13OCT2217200PE.NFO,12/10/2022,09:16:27,231.9,231.4,100,232.45,200,12550,2372750
NIFTY13OCT2217200PE.NFO,12/10/2022,09:16:29,231.85,231.1,50,231.5,200,12100,2372750
NIFTY13OCT2217200PE.NFO,12/10/2022,09:16:30,230.1,230.45,50,231,200,7050,2372750
NIFTY13OCT2217200PE.NFO,12/10/2022,09:16:32,226.15,225.85,50,226.2,200,11300,2372750
NIFTY13OCT2217200PE.NFO,12/10/2022,09:16:33,227.45,228.85,50,229.2,50,2500,2372750
NIFTY13OCT2217200PE.NFO,12/10/2022,09:16:34,229.4,228.9,50,229.35,50,2350,2372750
NIFTY13OCT2217200PE.NFO,12/10/2022,09:16:36,228.9,228.9,50,229.4,200,2450,2372750
NIFTY13OCT2217200PE.NFO,12/10/2022,09:16:37,226.15,225.9,950,226,200,1050,2372750
NIFTY13OCT2217200PE.NFO,12/10/2022,09:16:39,226.1,225.85,50,226.2,200,2100,2372750
NIFTY13OCT2217200PE.NFO,12/10/2022,09:16:40,225.9,225.7,50,226.3,50,1350,2372750
NIFTY13OCT2217200PE.NFO,12/10/2022,09:16:41,225.2,225.2,100,225.75,50,1200,2372750
NIFTY13OCT2217200PE.NFO,12/10/2022,09:16:43,226.4,226.55,50,226.95,200,2450,2372750
NIFTY13OCT2217200PE.NFO,12/10/2022,09:16:44,230.2,229.75,50,230,200,2100,2372750
NIFTY13OCT2217200PE.NFO,12/10/2022,09:16:45,229.75,229.15,50,229.55,250,3150,2372750
NIFTY13OCT2217200PE.NFO,12/10/2022,09:16:47,231,230.55,50,231.2,200,2650,2372750
NIFTY13OCT2217200PE.NFO,12/10/2022,09:16:48,229.1,229.15,150,229.6,200,6000,2372750
NIFTY13OCT2217200PE.NFO,12/10/2022,09:16:50,228.1,227.7,150,228.25,50,4650,2372750
NIFTY13OCT2217200PE.NFO,12/10/2022,09:16:51,227.5,228,150,228.1,200,1450,2372750
NIFTY13OCT2217200PE.NFO,12/10/2022,09:16:52,226.2,226,500,226.25,150,5450,2372750
NIFTY13OCT2217200PE.NFO,12/10/2022,09:16:54,227.5,227.5,150,228,200,2700,2372750
NIFTY13OCT2217200PE.NFO,12/10/2022,09:16:55,228.35,228.65,50,228.75,100,800,2372750
NIFTY13OCT2217200PE.NFO,12/10/2022,09:16:56,228.8,228.6,300,229.1,50,250,2372750
NIFTY13OCT2217200PE.NFO,12/10/2022,09:16:57,229.05,229,50,229.15,100,950,2372750
NIFTY13OCT2217200PE.NFO,12/10/2022,09:16:59,228.75,228.7,50,229.1,300,2700,2372750
NIFTY13OCT2217200PE.NFO,12/10/2022,09:17:00,228.95,228.5,50,228.85,150,2400,2372750
NIFTY13OCT2217200PE.NFO,12/10/2022,09:17:01,232.7,232.7,50,233.15,100,2950,2372750
NIFTY13OCT2217200PE.NFO,12/10/2022,09:17:03,233.9,233.8,100,234.15,250,5800,2372750
NIFTY13OCT2217200PE.NFO,12/10/2022,09:17:05,233,232.9,350,233.5,750,2900,2372750
NIFTY13OCT2217200PE.NFO,12/10/2022,09:17:06,233.85,234.65,150,235,650,6250,2372750
NIFTY13OCT2217200PE.NFO,12/10/2022,09:17:08,233.6,232.65,150,233.4,400,5650,2372750
NIFTY13OCT2217200PE.NFO,12/10/2022,09:17:09,232.05,231.6,50,232.15,450,1400,2372750
NIFTY13OCT2217200PE.NFO,12/10/2022,09:17:11,231.5,231.15,150,231.55,250,1050,2372750
NIFTY13OCT2217200PE.NFO,12/10/2022,09:17:13,231.5,231.7,400,232.25,150,2200,2372750
NIFTY13OCT2217200PE.NFO,12/10/2022,09:17:14,225.2,224.8,50,224.95,50,42250,2372750
NIFTY13OCT2217200PE.NFO,12/10/2022,09:17:16,229.4,228.85,50,229.35,100,6000,2372750
NIFTY13OCT2217200PE.NFO,12/10/2022,09:17:17,229.75,229.7,250,230.35,150,3350,2372750
NIFTY13OCT2217200PE.NFO,12/10/2022,09:17:19,232.6,232.25,100,232.7,100,2000,2372750
NIFTY13OCT2217200PE.NFO,12/10/2022,09:17:20,233.7,233.95,100,234.35,100,7700,2372750
NIFTY13OCT2217200PE.NFO,12/10/2022,09:17:22,236.2,236.35,100,236.7,100,4050,2372750
NIFTY13OCT2217200PE.NFO,12/10/2022,09:17:24,237.2,236.55,100,237.3,350,2850,2372750
NIFTY13OCT2217200PE.NFO,12/10/2022,09:17:25,234.25,233.45,100,233.8,100,2600,2372750
NIFTY13OCT2217200PE.NFO,12/10/2022,09:17:27,236.35,235.95,150,236.4,100,2150,2372750
NIFTY13OCT2217200PE.NFO,12/10/2022,09:17:28,236.1,235.6,50,236,400,5800,2372750
NIFTY13OCT2217200PE.NFO,12/10/2022,09:17:29,236.05,236.1,100,236.65,200,1450,2372750
NIFTY13OCT2217200PE.NFO,12/10/2022,09:17:31,237.45,236.35,100,236.9,400,1100,2372750
NIFTY13OCT2217200PE.NFO,12/10/2022,09:17:32,236.05,236.05,50,236.55,400,2550,2372750
NIFTY13OCT2217200PE.NFO,12/10/2022,09:17:34,236.05,236.05,50,236.7,600,2950,2510300
NIFTY13OCT2217200PE.NFO,12/10/2022,09:17:35,236.55,236.4,250,236.85,100,4600,2510300
NIFTY13OCT2217200PE.NFO,12/10/2022,09:17:37,235.55,235.35,150,235.9,100,3850,2510300
NIFTY13OCT2217200PE.NFO,12/10/2022,09:17:38,231.65,231.45,200,232,100,3850,2510300
NIFTY13OCT2217200PE.NFO,12/10/2022,09:17:40,229.9,229.75,250,230.35,150,2750,2510300
NIFTY13OCT2217200PE.NFO,12/10/2022,09:17:41,227.3,227.2,550,227.9,350,6400,2510300
NIFTY13OCT2217200PE.NFO,12/10/2022,09:17:43,230.3,230.35,150,230.9,50,5650,2510300
NIFTY13OCT2217200PE.NFO,12/10/2022,09:17:44,230.5,231.1,200,231.45,100,1700,2510300
NIFTY13OCT2217200PE.NFO,12/10/2022,09:17:45,233,232.6,150,233.15,100,1900,2510300
NIFTY13OCT2217200PE.NFO,12/10/2022,09:17:47,231,230.55,50,231,350,2300,2510300
NIFTY13OCT2217200PE.NFO,12/10/2022,09:17:48,231.3,231.95,200,232.2,100,500,2510300
NIFTY13OCT2217200PE.NFO,12/10/2022,09:17:49,230.65,230.7,300,231.4,200,750,2510300
NIFTY13OCT2217200PE.NFO,12/10/2022,09:17:51,232.8,232,50,232.25,100,100,2510300
NIFTY13OCT2217200PE.NFO,12/10/2022,09:17:52,230.45,230.45,50,230.75,50,950,2510300
NIFTY13OCT2217200PE.NFO,12/10/2022,09:17:53,230.8,231.05,100,231.25,100,1450,2510300
NIFTY13OCT2217200PE.NFO,12/10/2022,09:17:55,229.1,229.1,50,229.35,50,2150,2510300
NIFTY13OCT2217200PE.NFO,12/10/2022,09:17:56,228.75,228.6,50,229,100,700,2510300
NIFTY13OCT2217200PE.NFO,12/10/2022,09:17:57,227.35,227.2,300,227.7,150,1400,2510300
NIFTY13OCT2217200PE.NFO,12/10/2022,09:17:59,227.2,227.25,250,228,500,2100,2510300
NIFTY13OCT2217200PE.NFO,12/10/2022,09:18:00,225.75,225.85,150,226.55,150,2900,2510300
NIFTY13OCT2217200PE.NFO,12/10/2022,09:18:01,223.85,223.4,150,223.9,100,16250,2510300
NIFTY13OCT2217200PE.NFO,12/10/2022,09:18:03,223.4,223.35,100,223.9,300,38450,2510300
NIFTY13OCT2217200PE.NFO,12/10/2022,09:18:04,222.4,222,100,222.4,150,19050,2510300
NIFTY13OCT2217200PE.NFO,12/10/2022,09:18:06,222.8,222.75,200,223.25,50,2800,2510300
NIFTY13OCT2217200PE.NFO,12/10/2022,09:18:07,224.4,225,100,225.5,300,3250,2510300
NIFTY13OCT2217200PE.NFO,12/10/2022,09:18:08,225.4,225,100,225.4,250,950,2510300
NIFTY13OCT2217200PE.NFO,12/10/2022,09:18:09,224.2,223.55,50,224,100,5200,2510300
NIFTY13OCT2217200PE.NFO,12/10/2022,09:18:11,225.9,225.65,300,226.2,200,48050,2510300
NIFTY13OCT2217200PE.NFO,12/10/2022,09:18:12,225,224.45,100,224.85,400,1550,2510300
NIFTY13OCT2217200PE.NFO,12/10/2022,09:18:13,223.8,223.45,100,224.05,100,1350,2510300
NIFTY13OCT2217200PE.NFO,12/10/2022,09:18:15,222.6,222.6,150,222.85,150,650,2510300
NIFTY13OCT2217200PE.NFO,12/10/2022,09:18:16,222.2,221.15,50,221.7,200,3800,2510300
NIFTY13OCT2217200PE.NFO,12/10/2022,09:18:17,219.6,219.3,100,219.7,500,5300,2510300
NIFTY13OCT2217200PE.NFO,12/10/2022,09:18:19,220,220,150,220.35,50,10550,2510300
NIFTY13OCT2217200PE.NFO,12/10/2022,09:18:21,215.5,215.15,100,215.8,100,8550,2510300
NIFTY13OCT2217200PE.NFO,12/10/2022,09:18:22,215.7,214.9,100,215.45,300,4850,2510300
NIFTY13OCT2217200PE.NFO,12/10/2022,09:18:23,216.25,216.05,100,216.45,150,2000,2510300
NIFTY13OCT2217200PE.NFO,12/10/2022,09:18:25,214.9,214.95,50,215.05,100,2250,2510300
NIFTY13OCT2217200PE.NFO,12/10/2022,09:18:26,214.35,214.4,200,214.85,400,2250,2510300
NIFTY13OCT2217200PE.NFO,12/10/2022,09:18:27,214.6,214.25,150,214.5,200,1050,2510300
NIFTY13OCT2217200PE.NFO,12/10/2022,09:18:29,214.8,214.05,400,214.6,200,6050,2510300
NIFTY13OCT2217200PE.NFO,12/10/2022,09:18:30,218.95,219.15,50,219.4,150,2900,2510300
NIFTY13OCT2217200PE.NFO,12/10/2022,09:18:31,220.6,220.25,250,220.85,150,4850,2510300
NIFTY13OCT2217200PE.NFO,12/10/2022,09:18:33,219.2,218.6,350,219.15,650,850,2510300
NIFTY13OCT2217200PE.NFO,12/10/2022,09:18:34,217.65,217.6,200,217.95,100,3000,2510300
NIFTY13OCT2217200PE.NFO,12/10/2022,09:18:35,217.5,217.5,50,217.9,150,550,2510300
NIFTY13OCT2217200PE.NFO,12/10/2022,09:18:36,217.95,217.5,100,217.9,200,1000,2510300
NIFTY13OCT2217200PE.NFO,12/10/2022,09:18:38,218.05,217.5,200,217.95,300,900,2510300
NIFTY13OCT2217200PE.NFO,12/10/2022,09:18:39,216.75,217.05,300,217.4,200,1050,2510300
NIFTY13OCT2217200PE.NFO,12/10/2022,09:18:40,216.35,216.5,50,216.7,200,1100,2510300
NIFTY13OCT2217200PE.NFO,12/10/2022,09:18:41,216.15,215.95,150,216.4,200,800,2510300
NIFTY13OCT2217200PE.NFO,12/10/2022,09:18:43,218.65,218.65,50,219,200,1900,2510300
NIFTY13OCT2217200PE.NFO,12/10/2022,09:18:44,217.5,217.25,100,217.65,150,1050,2510300
NIFTY13OCT2217200PE.NFO,12/10/2022,09:18:45,219.45,218.95,100,219.4,200,3100,2510300
NIFTY13OCT2217200PE.NFO,12/10/2022,09:18:46,220.25,220.15,100,220.6,200,2300,2510300
NIFTY13OCT2217200PE.NFO,12/10/2022,09:18:48,220.85,220.65,100,221.1,200,1400,2510300
NIFTY13OCT2217200PE.NFO,12/10/2022,09:18:49,224.2,224.1,100,224.5,300,1600,2510300
NIFTY13OCT2217200PE.NFO,12/10/2022,09:18:50,225.9,226.2,100,226.7,250,2350,2510300
NIFTY13OCT2217200PE.NFO,12/10/2022,09:18:52,227.2,226.5,50,226.6,200,2450,2510300
NIFTY13OCT2217200PE.NFO,12/10/2022,09:18:53,225.5,225.7,100,226.15,150,350,2510300
NIFTY13OCT2217200PE.NFO,12/10/2022,09:18:54,224.4,224.35,100,225,100,2400,2510300
NIFTY13OCT2217200PE.NFO,12/10/2022,09:18:55,223.8,223.5,150,224.05,100,950,2510300
NIFTY13OCT2217200PE.NFO,12/10/2022,09:18:57,224.85,224.15,100,224.7,100,700,2510300
NIFTY13OCT2217200PE.NFO,12/10/2022,09:18:58,225.55,224.75,100,225.25,100,500,2510300
NIFTY13OCT2217200PE.NFO,12/10/2022,09:18:59,223.65,224,50,224.35,100,1550,2510300
NIFTY13OCT2217200PE.NFO,12/10/2022,09:19:01,223.65,223.4,100,223.85,350,1750,2510300
NIFTY13OCT2217200PE.NFO,12/10/2022,09:19:02,224.15,225,50,225.35,150,1950,2510300
NIFTY13OCT2217200PE.NFO,12/10/2022,09:19:03,226.2,225.85,50,226.4,150,300,2510300
NIFTY13OCT2217200PE.NFO,12/10/2022,09:19:04,225.85,225.65,100,226.35,100,1350,2510300
NIFTY13OCT2217200PE.NFO,12/10/2022,09:19:05,227,226.45,100,226.9,100,200,2510300
NIFTY13OCT2217200PE.NFO,12/10/2022,09:19:06,229.15,228.8,100,229.35,450,2750,2510300
NIFTY13OCT2217200PE.NFO,12/10/2022,09:19:08,229.9,229.8,100,230,550,1500,2510300
NIFTY13OCT2217200PE.NFO,12/10/2022,09:19:10,231,230.6,200,231.05,100,4950,2510300
NIFTY13OCT2217200PE.NFO,12/10/2022,09:19:11,231.05,231.2,50,231.55,100,1000,2510300
NIFTY13OCT2217200PE.NFO,12/10/2022,09:19:12,231.4,231.3,550,232,1250,1400,2510300
NIFTY13OCT2217200PE.NFO,12/10/2022,09:19:14,233,233.1,600,233.5,250,2550,2510300
NIFTY13OCT2217200PE.NFO,12/10/2022,09:19:15,233.8,233.35,50,233.85,100,2150,2510300
NIFTY13OCT2217200PE.NFO,12/10/2022,09:19:16,233,233.2,350,233.55,250,1750,2510300
NIFTY13OCT2217200PE.NFO,12/10/2022,09:19:17,234.9,234.45,50,234.9,50,1800,2510300
NIFTY13OCT2217200PE.NFO,12/10/2022,09:19:19,235.3,234.75,100,235.05,50,5750,2510300
NIFTY13OCT2217200PE.NFO,12/10/2022,09:19:20,235.4,234.65,100,235.05,50,900,2510300
NIFTY13OCT2217200PE.NFO,12/10/2022,09:19:22,234.9,233.95,250,234.35,150,3300,2510300
NIFTY13OCT2217200PE.NFO,12/10/2022,09:19:23,233.2,233.2,100,233.55,100,550,2510300
NIFTY13OCT2217200PE.NFO,12/10/2022,09:19:24,231.7,231.2,300,231.75,100,2700,2510300
NIFTY13OCT2217200PE.NFO,12/10/2022,09:19:25,231.4,230.7,100,231.05,200,1150,2510300
NIFTY13OCT2217200PE.NFO,12/10/2022,09:19:26,229.9,229.35,50,229.75,100,6100,2510300
NIFTY13OCT2217200PE.NFO,12/10/2022,09:19:28,229.45,228.85,100,229.25,50,1300,2510300
NIFTY13OCT2217200PE.NFO,12/10/2022,09:19:29,229.45,229.6,100,230.05,250,700,2510300
NIFTY13OCT2217200PE.NFO,12/10/2022,09:19:30,229.55,229.25,150,229.7,300,1850,2510300
NIFTY13OCT2217200PE.NFO,12/10/2022,09:19:31,229.4,229.05,150,229.45,200,2150,2510300
NIFTY13OCT2217200PE.NFO,12/10/2022,09:19:32,229.2,228.75,100,229.05,200,1050,2510300
NIFTY13OCT2217200PE.NFO,12/10/2022,09:19:33,227.3,226.75,500,227,200,1850,2510300
NIFTY13OCT2217200PE.NFO,12/10/2022,09:19:35,226.6,226,50,226.5,850,700,2510300
NIFTY13OCT2217200PE.NFO,12/10/2022,09:19:36,227,227.9,200,228.2,350,2250,2510300
NIFTY13OCT2217200PE.NFO,12/10/2022,09:19:37,228.1,228.15,100,228.6,350,1150,2510300
NIFTY13OCT2217200PE.NFO,12/10/2022,09:19:38,230.2,230.15,100,230.55,550,2250,2510300
NIFTY13OCT2217200PE.NFO,12/10/2022,09:19:40,228.85,228.45,150,228.9,100,900,2510300
NIFTY13OCT2217200PE.NFO,12/10/2022,09:19:41,232,232.1,50,232.5,100,1100,2510300
NIFTY13OCT2217200PE.NFO,12/10/2022,09:19:42,232.4,231.8,100,232.15,50,2550,2510300
NIFTY13OCT2217200PE.NFO,12/10/2022,09:19:43,234.1,233.5,750,234.2,200,1650,2510300
NIFTY13OCT2217200PE.NFO,12/10/2022,09:19:45,233.55,233.55,200,234.15,100,600,2510300
NIFTY13OCT2217200PE.NFO,12/10/2022,09:19:46,232.4,231.6,100,232.15,150,1400,2510300
NIFTY13OCT2217200PE.NFO,12/10/2022,09:19:47,230.75,230.05,50,230.7,750,4100,2510300
NIFTY13OCT2217200PE.NFO,12/10/2022,09:19:48,230.6,230.1,100,230.55,200,1000,2510300
NIFTY13OCT2217200PE.NFO,12/10/2022,09:19:49,231.05,230.45,150,231,100,550,2510300
NIFTY13OCT2217200PE.NFO,12/10/2022,09:19:51,230.6,230.1,100,230.6,100,2000,2510300
NIFTY13OCT2217200PE.NFO,12/10/2022,09:19:52,228.8,227.8,100,228.4,750,4900,2510300
NIFTY13OCT2217200PE.NFO,12/10/2022,09:19:53,228.3,228.05,200,228.25,100,550,2510300
NIFTY13OCT2217200PE.NFO,12/10/2022,09:19:54,228.7,229,450,229.45,150,1850,2510300
NIFTY13OCT2217200PE.NFO,12/10/2022,09:19:55,228.2,227.7,200,228,200,350,2510300
NIFTY13OCT2217200PE.NFO,12/10/2022,09:19:57,227.3,226.8,300,227.3,50,2600,2510300
NIFTY13OCT2217200PE.NFO,12/10/2022,09:19:58,226.8,226.2,450,226.8,50,750,2510300
NIFTY13OCT2217200PE.NFO,12/10/2022,09:19:59,227.75,227.4,100,227.85,50,3750,2510300
NIFTY13OCT2217200PE.NFO,12/10/2022,09:20:00,229.8,229.75,300,230.35,100,9600,2510300
NIFTY13OCT2217200PE.NFO,12/10/2022,09:20:01,230.25,229.45,100,229.85,150,3700,2510300
NIFTY13OCT2217200PE.NFO,12/10/2022,09:20:03,228.7,229.4,150,229.8,100,2300,2510300
NIFTY13OCT2217200PE.NFO,12/10/2022,09:20:04,229.05,228.65,100,229.4,100,650,2510300
NIFTY13OCT2217200PE.NFO,12/10/2022,09:20:05,226.75,226.75,50,227.1,100,1850,2510300
NIFTY13OCT2217200PE.NFO,12/10/2022,09:20:06,226.25,226.5,200,226.9,150,1650,2510300
NIFTY13OCT2217200PE.NFO,12/10/2022,09:20:07,230.3,229.95,100,230.35,150,4850,2510300
NIFTY13OCT2217200PE.NFO,12/10/2022,09:20:09,232.25,232.35,100,232.8,150,2250,2510300
NIFTY13OCT2217200PE.NFO,12/10/2022,09:20:10,233.7,233.3,300,233.7,150,2150,2510300
NIFTY13OCT2217200PE.NFO,12/10/2022,09:20:11,232.05,231.7,350,232,1000,400,2510300
NIFTY13OCT2217200PE.NFO,12/10/2022,09:20:12,233.8,233.65,50,234,300,6550,2510300
NIFTY13OCT2217200PE.NFO,12/10/2022,09:20:14,231.15,231.05,150,231.65,100,2100,2510300
NIFTY13OCT2217200PE.NFO,12/10/2022,09:20:15,232.25,232.1,100,232.6,250,2750,2510300
NIFTY13OCT2217200PE.NFO,12/10/2022,09:20:16,230.6,230.35,100,230.65,100,2100,2510300
NIFTY13OCT2217200PE.NFO,12/10/2022,09:20:17,230.8,230.75,100,231.2,150,750,2510300
NIFTY13OCT2217200PE.NFO,12/10/2022,09:20:18,231.45,231.85,100,232.4,100,1600,2510300
NIFTY13OCT2217200PE.NFO,12/10/2022,09:20:20,233.1,232.65,300,233.05,200,2450,2510300
NIFTY13OCT2217200PE.NFO,12/10/2022,09:20:21,234.9,234.7,200,234.9,100,2150,2510300
NIFTY13OCT2217200PE.NFO,12/10/2022,09:20:22,234.75,234.65,50,234.95,100,1000,2510300
NIFTY13OCT2217200PE.NFO,12/10/2022,09:20:23,235.55,235.3,150,235.8,250,3250,2510300
NIFTY13OCT2217200PE.NFO,12/10/2022,09:20:24,236.5,236.55,50,236.9,400,4200,2510300
NIFTY13OCT2217200PE.NFO,12/10/2022,09:20:26,238.85,238.2,100,238.85,150,7000,2510300
NIFTY13OCT2217200PE.NFO,12/10/2022,09:20:27,238.2,238.55,100,238.95,150,1300,2510300
NIFTY13OCT2217200PE.NFO,12/10/2022,09:20:28,238,237.5,50,237.95,100,900,2510300
NIFTY13OCT2217200PE.NFO,12/10/2022,09:20:28,238.35,238.55,100,239.1,100,3650,2510300
NIFTY13OCT2217200PE.NFO,12/10/2022,09:20:30,238.1,238.15,100,238.5,50,2150,2510300
NIFTY13OCT2217200PE.NFO,12/10/2022,09:20:31,237.55,236.85,100,237.45,150,1450,2510300
NIFTY13OCT2217200PE.NFO,12/10/2022,09:20:32,237.95,237.45,200,238,200,2600,2510300
NIFTY13OCT2217200PE.NFO,12/10/2022,09:20:33,238,237.8,100,238.35,50,2750,2537050
NIFTY13OCT2217200PE.NFO,12/10/2022,09:20:34,238.3,238.4,100,238.8,200,1800,2537050
NIFTY13OCT2217200PE.NFO,12/10/2022,09:20:35,238.55,238.05,100,238.4,200,2750,2537050
NIFTY13OCT2217200PE.NFO,12/10/2022,09:20:36,238,238.45,100,238.85,100,1850,2537050
NIFTY13OCT2217200PE.NFO,12/10/2022,09:20:38,234.9,234.4,100,234.9,450,7800,2537050
NIFTY13OCT2217200PE.NFO,12/10/2022,09:20:39,232,232,150,232.65,100,4700,2537050
NIFTY13OCT2217200PE.NFO,12/10/2022,09:20:40,233.15,232.75,50,233.25,100,2300,2537050
NIFTY13OCT2217200PE.NFO,12/10/2022,09:20:41,232.05,231.95,100,232.4,250,2600,2537050
NIFTY13OCT2217200PE.NFO,12/10/2022,09:20:43,232.8,232.6,50,233,200,1500,2537050
NIFTY13OCT2217200PE.NFO,12/10/2022,09:20:44,233.3,232.9,200,233.35,450,2750,2537050
NIFTY13OCT2217200PE.NFO,12/10/2022,09:20:45,234.95,234.75,50,235.15,100,2100,2537050
NIFTY13OCT2217200PE.NFO,12/10/2022,09:20:46,234.85,234.1,200,234.5,450,250,2537050
NIFTY13OCT2217200PE.NFO,12/10/2022,09:20:47,235.65,235.25,200,235.7,150,1600,2537050
NIFTY13OCT2217200PE.NFO,12/10/2022,09:20:48,235,234.75,200,235.2,550,200,2537050
NIFTY13OCT2217200PE.NFO,12/10/2022,09:20:49,234.55,234.2,100,234.65,50,4300,2537050
NIFTY13OCT2217200PE.NFO,12/10/2022,09:20:49,234,234.15,150,234.65,150,950,2537050
NIFTY13OCT2217200PE.NFO,12/10/2022,09:20:51,234.2,233.7,150,234.2,250,5750,2537050
NIFTY13OCT2217200PE.NFO,12/10/2022,09:20:51,233.9,234.4,100,234.85,50,550,2537050
NIFTY13OCT2217200PE.NFO,12/10/2022,09:20:53,235.1,234.85,150,235.3,150,2500,2537050
NIFTY13OCT2217200PE.NFO,12/10/2022,09:20:54,235.5,235.2,150,235.65,50,2900,2537050
NIFTY13OCT2217200PE.NFO,12/10/2022,09:20:55,234.05,234.15,150,234.85,100,1200,2537050
NIFTY13OCT2217200PE.NFO,12/10/2022,09:20:56,234.95,234.9,150,235.35,100,350,2537050
NIFTY13OCT2217200PE.NFO,12/10/2022,09:20:57,235.1,235.4,50,235.7,250,3750,2537050
NIFTY13OCT2217200PE.NFO,12/10/2022,09:20:59,236.55,236.65,150,237.15,150,3650,2537050
NIFTY13OCT2217200PE.NFO,12/10/2022,09:21:00,236.15,236.7,350,237.1,150,250,2537050
NIFTY13OCT2217200PE.NFO,12/10/2022,09:21:01,236.85,236.25,150,236.85,450,1350,2537050
NIFTY13OCT2217200PE.NFO,12/10/2022,09:21:02,236.95,236.95,150,237.4,100,750,2537050
NIFTY13OCT2217200PE.NFO,12/10/2022,09:21:03,237.8,237.25,100,237.75,100,1150,2537050
NIFTY13OCT2217200PE.NFO,12/10/2022,09:21:04,237,237.2,200,237.75,100,850,2537050
NIFTY13OCT2217200PE.NFO,12/10/2022,09:21:05,237,236.3,200,236.7,50,1800,2537050
NIFTY13OCT2217200PE.NFO,12/10/2022,09:21:07,238.75,238.35,100,238.9,50,1550,2537050
NIFTY13OCT2217200PE.NFO,12/10/2022,09:21:08,239.05,239.15,100,239.5,100,1800,2537050
NIFTY13OCT2217200PE.NFO,12/10/2022,09:21:09,240.15,239.3,200,239.8,100,3550,2537050
NIFTY13OCT2217200PE.NFO,12/10/2022,09:21:10,241.65,241.1,100,241.5,100,1800,2537050
NIFTY13OCT2217200PE.NFO,12/10/2022,09:21:11,241.55,241.3,550,241.85,100,700,2537050
NIFTY13OCT2217200PE.NFO,12/10/2022,09:21:12,240.35,240.3,100,240.85,200,1350,2537050
NIFTY13OCT2217200PE.NFO,12/10/2022,09:21:13,239.8,239.95,100,240.35,100,2850,2537050
NIFTY13OCT2217200PE.NFO,12/10/2022,09:21:14,240.6,240.55,150,241.05,100,1600,2537050
NIFTY13OCT2217200PE.NFO,12/10/2022,09:21:15,241.4,241.55,100,241.95,100,1100,2537050
NIFTY13OCT2217200PE.NFO,12/10/2022,09:21:16,240.05,240.4,50,240.8,50,1550,2537050
NIFTY13OCT2217200PE.NFO,12/10/2022,09:21:17,240.65,240.5,50,240.85,150,750,2537050
NIFTY13OCT2217200PE.NFO,12/10/2022,09:21:18,241,240.7,50,241,500,1400,2537050
NIFTY13OCT2217200PE.NFO,12/10/2022,09:21:19,238.95,238.7,100,239.25,200,2100,2537050
NIFTY13OCT2217200PE.NFO,12/10/2022,09:21:20,239.35,238.8,100,239.3,250,1550,2537050
NIFTY13OCT2217200PE.NFO,12/10/2022,09:21:21,240,239.6,200,240,150,1850,2537050
NIFTY13OCT2217200PE.NFO,12/10/2022,09:21:22,241.4,241.4,550,241.8,50,3000,2537050
NIFTY13OCT2217200PE.NFO,12/10/2022,09:21:23,242.1,241.95,100,242.35,50,600,2537050
NIFTY13OCT2217200PE.NFO,12/10/2022,09:21:24,241.35,240.85,100,241.4,100,2900,2537050
NIFTY13OCT2217200PE.NFO,12/10/2022,09:21:25,241.8,241.75,200,241.95,100,5850,2537050
NIFTY13OCT2217200PE.NFO,12/10/2022,09:21:26,241.9,241.3,50,241.9,350,2500,2537050
NIFTY13OCT2217200PE.NFO,12/10/2022,09:21:27,242.15,242.1,200,242.5,100,2750,2537050
NIFTY13OCT2217200PE.NFO,12/10/2022,09:21:28,240.5,240.05,50,240.45,400,2800,2537050
NIFTY13OCT2217200PE.NFO,12/10/2022,09:21:29,239.8,239.85,100,240.2,50,1750,2537050
NIFTY13OCT2217200PE.NFO,12/10/2022,09:21:30,241.35,241,100,241.45,100,1500,2537050
NIFTY13OCT2217200PE.NFO,12/10/2022,09:21:32,241.8,241.8,50,242.3,100,5000,2537050
NIFTY13OCT2217200PE.NFO,12/10/2022,09:21:33,243.35,243.1,200,243.75,400,2250,2537050
NIFTY13OCT2217200PE.NFO,12/10/2022,09:21:34,243.2,242.65,100,243.2,100,2050,2537050
NIFTY13OCT2217200PE.NFO,12/10/2022,09:21:35,240,240.1,50,240.55,100,2400,2537050
NIFTY13OCT2217200PE.NFO,12/10/2022,09:21:36,240.55,240.65,100,241.15,100,700,2537050
NIFTY13OCT2217200PE.NFO,12/10/2022,09:21:37,241.2,240.9,300,241.2,100,2850,2537050
NIFTY13OCT2217200PE.NFO,12/10/2022,09:21:38,240.6,240.7,100,241.15,50,650,2537050
NIFTY13OCT2217200PE.NFO,12/10/2022,09:21:39,241.8,241.3,100,241.7,350,700,2537050
NIFTY13OCT2217200PE.NFO,12/10/2022,09:21:40,242.35,242.45,50,242.7,50,2100,2537050
NIFTY13OCT2217200PE.NFO,12/10/2022,09:21:40,242.7,242.85,50,243,150,50,2537050
NIFTY13OCT2217200PE.NFO,12/10/2022,09:21:41,243.2,242.65,300,243.2,150,800,2537050
NIFTY13OCT2217200PE.NFO,12/10/2022,09:21:42,242,242.55,100,243.1,50,950,2537050
NIFTY13OCT2217200PE.NFO,12/10/2022,09:21:44,242.85,242.6,200,243.1,100,3600,2537050
NIFTY13OCT2217200PE.NFO,12/10/2022,09:21:45,244,243.35,100,243.85,100,550,2537050
NIFTY13OCT2217200PE.NFO,12/10/2022,09:21:45,242.85,243.1,200,243.7,100,3350,2537050
NIFTY13OCT2217200PE.NFO,12/10/2022,09:21:46,242.75,242.6,1050,243.2,100,800,2537050
NIFTY13OCT2217200PE.NFO,12/10/2022,09:21:48,244,243.55,100,244,50,1050,2537050
NIFTY13OCT2217200PE.NFO,12/10/2022,09:21:49,244.95,244.2,50,244.7,200,5200,2537050
NIFTY13OCT2217200PE.NFO,12/10/2022,09:21:50,247,246.3,100,246.75,100,1550,2537050
NIFTY13OCT2217200PE.NFO,12/10/2022,09:21:51,247.3,246.85,50,247.2,100,750,2537050
NIFTY13OCT2217200PE.NFO,12/10/2022,09:21:52,248.2,248.1,100,248.6,100,2500,2537050
NIFTY13OCT2217200PE.NFO,12/10/2022,09:21:53,248.25,247.85,250,248.35,100,3400,2537050
NIFTY13OCT2217200PE.NFO,12/10/2022,09:21:54,248.95,248.35,100,248.95,50,2600,2537050
NIFTY13OCT2217200PE.NFO,12/10/2022,09:21:56,249.4,249,450,249.4,300,5800,2537050
NIFTY13OCT2217200PE.NFO,12/10/2022,09:21:57,249.5,249.3,150,249.8,100,1850,2537050
NIFTY13OCT2217200PE.NFO,12/10/2022,09:21:58,249.3,248.8,200,249.4,150,4800,2537050
NIFTY13OCT2217200PE.NFO,12/10/2022,09:21:59,249.3,249.35,200,249.7,250,900,2537050
NIFTY13OCT2217200PE.NFO,12/10/2022,09:22:00,248.45,247.95,100,248.4,100,7550,2537050
NIFTY13OCT2217200PE.NFO,12/10/2022,09:22:01,248.45,248.5,200,248.95,100,7150,2537050
NIFTY13OCT2217200PE.NFO,12/10/2022,09:22:02,244.9,245.4,200,245.8,100,7000,2537050
NIFTY13OCT2217200PE.NFO,12/10/2022,09:22:03,245.6,245.5,200,246,100,900,2537050
NIFTY13OCT2217200PE.NFO,12/10/2022,09:22:04,246.4,246.4,150,246.75,150,300,2537050
NIFTY13OCT2217200PE.NFO,12/10/2022,09:22:05,245.5,245.4,100,245.9,100,1150,2537050
NIFTY13OCT2217200PE.NFO,12/10/2022,09:22:06,243.8,243.9,150,244.5,450,3450,2537050
NIFTY13OCT2217200PE.NFO,12/10/2022,09:22:07,242.9,242.8,250,243.4,250,1600,2537050
NIFTY13OCT2217200PE.NFO,12/10/2022,09:22:08,242.95,242.75,250,242.95,100,1150,2537050
NIFTY13OCT2217200PE.NFO,12/10/2022,09:22:09,242.7,242.7,50,243.05,100,700,2537050
NIFTY13OCT2217200PE.NFO,12/10/2022,09:22:10,243.05,243.05,50,243.6,200,400,2537050
NIFTY13OCT2217200PE.NFO,12/10/2022,09:22:11,242.35,242,200,242.55,100,900,2537050
NIFTY13OCT2217200PE.NFO,12/10/2022,09:22:12,241.35,241.1,100,241.65,250,2050,2537050
NIFTY13OCT2217200PE.NFO,12/10/2022,09:22:13,240.9,240.4,50,240.9,50,1700,2537050
NIFTY13OCT2217200PE.NFO,12/10/2022,09:22:14,240.5,240.8,200,241.15,1600,950,2537050
NIFTY13OCT2217200PE.NFO,12/10/2022,09:22:15,239.5,239.5,100,240.05,100,7200,2537050
NIFTY13OCT2217200PE.NFO,12/10/2022,09:22:16,240,239.45,200,240,50,1000,2537050
NIFTY13OCT2217200PE.NFO,12/10/2022,09:22:18,239.35,239.25,150,239.6,100,750,2537050
NIFTY13OCT2217200PE.NFO,12/10/2022,09:22:19,240.25,239.55,100,240.15,50,1150,2537050
NIFTY13OCT2217200PE.NFO,12/10/2022,09:22:20,237.75,237.2,100,237.7,100,2050,2537050
NIFTY13OCT2217200PE.NFO,12/10/2022,09:22:21,238.2,238.15,100,238.55,250,750,2537050
NIFTY13OCT2217200PE.NFO,12/10/2022,09:22:22,237.95,237.15,100,237.65,150,950,2537050
NIFTY13OCT2217200PE.NFO,12/10/2022,09:22:24,235.8,235.4,100,235.95,200,1250,2537050
NIFTY13OCT2217200PE.NFO,12/10/2022,09:22:25,235.15,235.1,550,235.5,100,4950,2537050
NIFTY13OCT2217200PE.NFO,12/10/2022,09:22:26,234.9,234.25,100,234.9,250,1850,2537050
NIFTY13OCT2217200PE.NFO,12/10/2022,09:22:27,233.05,233.85,200,234.3,100,850,2537050
NIFTY13OCT2217200PE.NFO,12/10/2022,09:22:28,234,234,450,234.6,100,200,2537050
NIFTY13OCT2217200PE.NFO,12/10/2022,09:22:29,234,233.45,150,233.9,100,3650,2537050
NIFTY13OCT2217200PE.NFO,12/10/2022,09:22:31,232.9,232.8,100,233.3,100,2350,2537050
NIFTY13OCT2217200PE.NFO,12/10/2022,09:22:32,231.8,231.95,100,232.45,150,1150,2537050
NIFTY13OCT2217200PE.NFO,12/10/2022,09:22:33,230.6,230.55,50,231,100,1800,2537050
NIFTY13OCT2217200PE.NFO,12/10/2022,09:22:34,230.7,230.75,150,231.2,100,500,2537050
NIFTY13OCT2217200PE.NFO,12/10/2022,09:22:35,230.55,230.25,50,230.7,100,1050,2537050
NIFTY13OCT2217200PE.NFO,12/10/2022,09:22:36,228.6,227.05,100,227.7,50,5350,2537050
NIFTY13OCT2217200PE.NFO,12/10/2022,09:22:37,228.1,227.85,150,228.45,550,2650,2537050
NIFTY13OCT2217200PE.NFO,12/10/2022,09:22:38,226.65,226.65,100,227.35,50,3400,2537050
NIFTY13OCT2217200PE.NFO,12/10/2022,09:22:39,226.35,226,50,226.35,400,350,2537050
NIFTY13OCT2217200PE.NFO,12/10/2022,09:22:40,225.4,225.7,100,226.1,150,3200,2537050
NIFTY13OCT2217200PE.NFO,12/10/2022,09:22:41,225.15,224.55,150,225.05,100,6150,2537050
NIFTY13OCT2217200PE.NFO,12/10/2022,09:22:42,225.35,225.35,50,225.85,100,200,2537050
NIFTY13OCT2217200PE.NFO,12/10/2022,09:22:43,226.1,225.6,100,226.15,200,3650,2537050
NIFTY13OCT2217200PE.NFO,12/10/2022,09:22:44,225.1,223.95,150,224.35,150,3900,2537050
NIFTY13OCT2217200PE.NFO,12/10/2022,09:22:45,224.4,223.75,100,224.35,50,2750,2537050
NIFTY13OCT2217200PE.NFO,12/10/2022,09:22:46,224.2,223,500,223.45,100,1050,2537050
NIFTY13OCT2217200PE.NFO,12/10/2022,09:22:47,224.15,224.4,350,224.85,150,5800,2537050
NIFTY13OCT2217200PE.NFO,12/10/2022,09:22:48,224.4,223.7,400,224.25,350,2350,2537050
NIFTY13OCT2217200PE.NFO,12/10/2022,09:22:49,223.45,223.05,150,223.45,50,1100,2537050
NIFTY13OCT2217200PE.NFO,12/10/2022,09:22:50,223.5,223.1,300,223.55,100,200,2537050
NIFTY13OCT2217200PE.NFO,12/10/2022,09:22:51,223,223.15,100,223.55,150,2100,2537050
NIFTY13OCT2217200PE.NFO,12/10/2022,09:22:52,221.9,222,200,222.5,100,1750,2537050
NIFTY13OCT2217200PE.NFO,12/10/2022,09:22:53,219.85,219.45,250,220.05,100,7800,2537050
NIFTY13OCT2217200PE.NFO,12/10/2022,09:22:54,219.6,219.95,50,220.45,150,3850,2537050
NIFTY13OCT2217200PE.NFO,12/10/2022,09:22:55,219.2,218.7,200,219.2,100,2550,2537050
NIFTY13OCT2217200PE.NFO,12/10/2022,09:22:56,218.05,218,100,218.25,100,1300,2537050
NIFTY13OCT2217200PE.NFO,12/10/2022,09:22:57,218.35,218.1,150,218.55,100,1350,2537050
NIFTY13OCT2217200PE.NFO,12/10/2022,09:22:58,218.85,218.35,100,218.85,350,1450,2537050
NIFTY13OCT2217200PE.NFO,12/10/2022,09:22:59,218.5,218.5,100,219,350,300,2537050
NIFTY13OCT2217200PE.NFO,12/10/2022,09:23:00,218.5,218.5,50,218.7,150,1600,2537050
NIFTY13OCT2217200PE.NFO,12/10/2022,09:23:01,223.1,222.35,200,222.95,250,9750,2537050
NIFTY13OCT2217200PE.NFO,12/10/2022,09:23:03,225,224.75,100,225.25,150,2500,2537050
NIFTY13OCT2217200PE.NFO,12/10/2022,09:23:04,225.35,224.6,100,225,350,1100,2537050
NIFTY13OCT2217200PE.NFO,12/10/2022,09:23:05,224.95,224.75,100,225.25,50,2050,2537050
NIFTY13OCT2217200PE.NFO,12/10/2022,09:23:06,227.6,227.15,50,227.65,100,950,2537050
NIFTY13OCT2217200PE.NFO,12/10/2022,09:23:07,228.4,228,200,228.75,50,1150,2537050
NIFTY13OCT2217200PE.NFO,12/10/2022,09:23:08,227.6,227.35,150,227.9,150,1950,2537050
NIFTY13OCT2217200PE.NFO,12/10/2022,09:23:09,227.55,226.7,150,227.2,150,750,2537050
NIFTY13OCT2217200PE.NFO,12/10/2022,09:23:11,226.65,227.2,150,227.95,400,2700,2537050
NIFTY13OCT2217200PE.NFO,12/10/2022,09:23:12,227.55,226.8,50,227.25,100,1300,2537050
NIFTY13OCT2217200PE.NFO,12/10/2022,09:23:13,226.2,226.3,200,226.75,350,1950,2537050
NIFTY13OCT2217200PE.NFO,12/10/2022,09:23:14,225.8,226.05,50,226.4,250,400,2537050
NIFTY13OCT2217200PE.NFO,12/10/2022,09:23:15,223.7,223.85,50,224.2,100,1600,2537050
NIFTY13OCT2217200PE.NFO,12/10/2022,09:23:16,224.1,224.05,100,224.45,50,250,2537050
NIFTY13OCT2217200PE.NFO,12/10/2022,09:23:17,225.45,224.3,100,224.75,700,4400,2537050
NIFTY13OCT2217200PE.NFO,12/10/2022,09:23:18,225.3,224.85,100,225.3,100,550,2537050
NIFTY13OCT2217200PE.NFO,12/10/2022,09:23:19,226.85,226.65,100,226.95,50,1350,2537050
NIFTY13OCT2217200PE.NFO,12/10/2022,09:23:20,226.7,226.3,750,226.9,150,700,2537050
NIFTY13OCT2217200PE.NFO,12/10/2022,09:23:21,227.05,227.15,100,227.7,200,100,2537050
NIFTY13OCT2217200PE.NFO,12/10/2022,09:23:22,227.35,227.25,100,227.8,200,4250,2537050
NIFTY13OCT2217200PE.NFO,12/10/2022,09:23:23,226.5,225.8,50,226.35,50,600,2537050
NIFTY13OCT2217200PE.NFO,12/10/2022,09:23:24,224.65,224.35,100,224.85,200,200,2537050
NIFTY13OCT2217200PE.NFO,12/10/2022,09:23:25,224.1,223.15,100,223.7,100,450,2537050
NIFTY13OCT2217200PE.NFO,12/10/2022,09:23:26,225.15,224.6,100,225.1,100,2000,2537050
NIFTY13OCT2217200PE.NFO,12/10/2022,09:23:27,225.7,225.35,100,226,400,350,2537050
NIFTY13OCT2217200PE.NFO,12/10/2022,09:23:28,225.25,225.05,100,225.6,400,150,2537050
NIFTY13OCT2217200PE.NFO,12/10/2022,09:23:29,225.4,225.1,100,225.5,50,700,2537050
NIFTY13OCT2217200PE.NFO,12/10/2022,09:23:30,224.7,224.55,150,225.25,250,1200,2537050
NIFTY13OCT2217200PE.NFO,12/10/2022,09:23:31,225.45,225.2,150,225.65,250,200,2537050
NIFTY13OCT2217200PE.NFO,12/10/2022,09:23:32,225.55,225.35,200,225.85,150,900,2537050
NIFTY13OCT2217200PE.NFO,12/10/2022,09:23:33,223.65,223.35,100,223.8,100,5050,2530800
NIFTY13OCT2217200PE.NFO,12/10/2022,09:23:34,222.55,222.8,350,223.45,250,550,2530800
NIFTY13OCT2217200PE.NFO,12/10/2022,09:23:35,221.4,221.1,150,221.55,100,1350,2530800
NIFTY13OCT2217200PE.NFO,12/10/2022,09:23:37,220,219.45,150,220.05,250,2250,2530800
NIFTY13OCT2217200PE.NFO,12/10/2022,09:23:38,220.5,219.75,150,220.2,50,250,2530800
NIFTY13OCT2217200PE.NFO,12/10/2022,09:23:39,218.85,219.3,100,219.8,100,3250,2530800
NIFTY13OCT2217200PE.NFO,12/10/2022,09:23:40,218.3,218.3,200,218.65,350,450,2530800
NIFTY13OCT2217200PE.NFO,12/10/2022,09:23:41,217.1,216.6,100,217.1,50,3500,2530800
NIFTY13OCT2217200PE.NFO,12/10/2022,09:23:42,217.8,217.25,100,217.8,450,450,2530800
NIFTY13OCT2217200PE.NFO,12/10/2022,09:23:43,219.05,218.35,100,218.85,100,5000,2530800
NIFTY13OCT2217200PE.NFO,12/10/2022,09:23:44,218.4,218.45,550,219,100,600,2530800
NIFTY13OCT2217200PE.NFO,12/10/2022,09:23:45,218.2,218.15,100,218.7,100,2700,2530800
NIFTY13OCT2217200PE.NFO,12/10/2022,09:23:46,218.4,217.85,100,218.4,50,400,2530800
NIFTY13OCT2217200PE.NFO,12/10/2022,09:23:47,217.35,217.15,150,217.5,150,1400,2530800
NIFTY13OCT2217200PE.NFO,12/10/2022,09:23:48,218.7,218.45,100,219,100,2100,2530800
NIFTY13OCT2217200PE.NFO,12/10/2022,09:23:49,217.15,216.65,150,217.15,50,1800,2530800
NIFTY13OCT2217200PE.NFO,12/10/2022,09:23:50,217.85,217.7,150,218.3,150,3650,2530800
NIFTY13OCT2217200PE.NFO,12/10/2022,09:23:51,218.3,218.3,100,218.9,100,1100,2530800
NIFTY13OCT2217200PE.NFO,12/10/2022,09:23:53,220.2,219.5,550,220.05,50,3000,2530800
NIFTY13OCT2217200PE.NFO,12/10/2022,09:23:54,219.95,219.1,150,219.6,50,1450,2530800
NIFTY13OCT2217200PE.NFO,12/10/2022,09:23:55,218.5,217.95,150,218.4,250,4800,2530800
NIFTY13OCT2217200PE.NFO,12/10/2022,09:23:56,220.6,220.15,100,220.6,50,2050,2530800
NIFTY13OCT2217200PE.NFO,12/10/2022,09:23:58,219,219.1,150,219.7,100,3450,2530800
NIFTY13OCT2217200PE.NFO,12/10/2022,09:23:59,220,219.7,50,220.25,150,300,2530800
NIFTY13OCT2217200PE.NFO,12/10/2022,09:24:00,220.1,220.6,50,220.95,200,1100,2530800
NIFTY13OCT2217200PE.NFO,12/10/2022,09:24:01,220.6,220.8,100,221.3,50,200,2530800
NIFTY13OCT2217200PE.NFO,12/10/2022,09:24:02,221.8,221.05,50,221.5,100,300,2530800
NIFTY13OCT2217200PE.NFO,12/10/2022,09:24:03,221.7,221.25,500,221.85,250,1000,2530800
NIFTY13OCT2217200PE.NFO,12/10/2022,09:24:04,219.45,219,300,219.5,450,800,2530800
NIFTY13OCT2217200PE.NFO,12/10/2022,09:24:06,218.75,218.05,100,218.6,150,1650,2530800
NIFTY13OCT2217200PE.NFO,12/10/2022,09:24:07,219.3,219,400,219.4,100,250,2530800
NIFTY13OCT2217200PE.NFO,12/10/2022,09:24:07,219.45,219.05,50,219.45,150,150,2530800
NIFTY13OCT2217200PE.NFO,12/10/2022,09:24:08,220.25,219.75,100,220.2,100,150,2530800
NIFTY13OCT2217200PE.NFO,12/10/2022,09:24:09,220.3,219.65,100,220,2500,1200,2530800
NIFTY13OCT2217200PE.NFO,12/10/2022,09:24:10,221.45,221.6,200,222,250,4650,2530800
NIFTY13OCT2217200PE.NFO,12/10/2022,09:24:11,220.95,220.8,400,221.3,100,800,2530800
NIFTY13OCT2217200PE.NFO,12/10/2022,09:24:12,220.7,221.8,200,222,250,3100,2530800
NIFTY13OCT2217200PE.NFO,12/10/2022,09:24:14,224,223.15,100,223.7,450,400,2530800
NIFTY13OCT2217200PE.NFO,12/10/2022,09:24:15,221.85,221.15,50,221.6,100,350,2530800
NIFTY13OCT2217200PE.NFO,12/10/2022,09:24:16,219.95,220.3,550,220.7,50,3800,2530800
NIFTY13OCT2217200PE.NFO,12/10/2022,09:24:17,219.8,219.7,400,220.15,150,150,2530800
NIFTY13OCT2217200PE.NFO,12/10/2022,09:24:18,219.4,219.05,150,219.6,100,350,2530800
NIFTY13OCT2217200PE.NFO,12/10/2022,09:24:19,220.05,218.75,100,219.25,100,250,2530800
NIFTY13OCT2217200PE.NFO,12/10/2022,09:24:20,218,217.25,150,217.7,150,950,2530800
NIFTY13OCT2217200PE.NFO,12/10/2022,09:24:21,219.4,218.55,100,219.2,150,1050,2530800
NIFTY13OCT2217200PE.NFO,12/10/2022,09:24:23,220.5,220.55,150,221.05,150,2600,2530800
NIFTY13OCT2217200PE.NFO,12/10/2022,09:24:24,222,222.5,500,222.95,150,100,2530800
NIFTY13OCT2217200PE.NFO,12/10/2022,09:24:25,223.5,223.5,50,224,400,850,2530800
NIFTY13OCT2217200PE.NFO,12/10/2022,09:24:26,223.95,223.45,450,223.95,100,2850,2530800
NIFTY13OCT2217200PE.NFO,12/10/2022,09:24:27,223.5,222.8,150,223.35,500,300,2530800
NIFTY13OCT2217200PE.NFO,12/10/2022,09:24:29,221.45,221.35,100,221.8,50,250,2530800
NIFTY13OCT2217200PE.NFO,12/10/2022,09:24:30,221.35,220.4,300,220.8,50,50,2530800
NIFTY13OCT2217200PE.NFO,12/10/2022,09:24:30,221.35,220.5,200,220.85,350,0,2530800
NIFTY13OCT2217200PE.NFO,12/10/2022,09:24:31,221.05,220.45,150,220.95,100,600,2530800
NIFTY13OCT2217200PE.NFO,12/10/2022,09:24:32,221.05,220,300,220.3,50,200,2530800
NIFTY13OCT2217200PE.NFO,12/10/2022,09:24:33,220.6,220.2,200,220.65,50,1700,2530800
NIFTY13OCT2217200PE.NFO,12/10/2022,09:24:34,220.5,220.2,100,220.6,100,350,2530800
NIFTY13OCT2217200PE.NFO,12/10/2022,09:24:35,219.2,219.85,100,220.35,100,50,2530800
NIFTY13OCT2217200PE.NFO,12/10/2022,09:24:36,220.7,220.9,100,221.25,100,1800,2530800
NIFTY13OCT2217200PE.NFO,12/10/2022,09:24:37,221.25,221,100,221.4,200,150,2530800
NIFTY13OCT2217200PE.NFO,12/10/2022,09:24:38,221,220.6,100,221.05,200,1050,2530800
NIFTY13OCT2217200PE.NFO,12/10/2022,09:24:39,220.9,220.9,50,221.2,100,600,2530800
NIFTY13OCT2217200PE.NFO,12/10/2022,09:24:40,221.2,220.8,300,221.4,100,950,2530800
NIFTY13OCT2217200PE.NFO,12/10/2022,09:24:41,220.15,220.35,50,220.65,100,550,2530800
NIFTY13OCT2217200PE.NFO,12/10/2022,09:24:42,220.55,220.1,200,220.5,200,2650,2530800
NIFTY13OCT2217200PE.NFO,12/10/2022,09:24:43,219.7,219.45,100,219.85,200,400,2530800
NIFTY13OCT2217200PE.NFO,12/10/2022,09:24:44,220.75,220.5,100,220.8,150,200,2530800
NIFTY13OCT2217200PE.NFO,12/10/2022,09:24:45,220.5,220.1,100,220.65,200,300,2530800
NIFTY13OCT2217200PE.NFO,12/10/2022,09:24:46,220.45,219.9,100,220.35,50,1400,2530800
NIFTY13OCT2217200PE.NFO,12/10/2022,09:24:47,220.15,219.7,100,220.15,50,1200,2530800
NIFTY13OCT2217200PE.NFO,12/10/2022,09:24:48,220.15,220.05,200,220.5,200,0,2530800
NIFTY13OCT2217200PE.NFO,12/10/2022,09:24:49,219,218.45,200,219,1200,350,2530800
NIFTY13OCT2217200PE.NFO,12/10/2022,09:24:50,219.5,218.65,100,219.3,850,450,2530800
NIFTY13OCT2217200PE.NFO,12/10/2022,09:24:51,219.95,220.85,100,221.35,150,2650,2530800
NIFTY13OCT2217200PE.NFO,12/10/2022,09:24:52,220.5,220.55,400,221.1,350,550,2530800
NIFTY13OCT2217200PE.NFO,12/10/2022,09:24:53,219.1,219.1,300,219.55,100,900,2530800
NIFTY13OCT2217200PE.NFO,12/10/2022,09:24:55,219.95,219.8,100,220.35,100,300,2530800
NIFTY13OCT2217200PE.NFO,12/10/2022,09:24:55,220,220,50,220.5,100,100,2530800
NIFTY13OCT2217200PE.NFO,12/10/2022,09:24:56,220.05,220,200,220.5,100,900,2530800
NIFTY13OCT2217200PE.NFO,12/10/2022,09:24:57,221.85,221.8,200,221.85,200,300,2530800
NIFTY13OCT2217200PE.NFO,12/10/2022,09:24:58,221.35,221.45,50,221.85,200,50,2530800
NIFTY13OCT2217200PE.NFO,12/10/2022,09:24:59,221.8,220.95,50,221.3,50,500,2530800
NIFTY13OCT2217200PE.NFO,12/10/2022,09:25:00,219,219,700,219.45,750,3050,2530800
NIFTY13OCT2217200PE.NFO,12/10/2022,09:25:01,218.75,218,850,218.6,100,2000,2530800
NIFTY13OCT2217200PE.NFO,12/10/2022,09:25:02,218.4,218.3,200,218.8,100,400,2530800
NIFTY13OCT2217200PE.NFO,12/10/2022,09:25:03,219.9,219.5,50,219.9,50,2000,2530800
NIFTY13OCT2217200PE.NFO,12/10/2022,09:25:04,219.8,219.1,200,219.6,50,800,2530800
NIFTY13OCT2217200PE.NFO,12/10/2022,09:25:05,217.8,217.7,100,218.15,150,300,2530800
NIFTY13OCT2217200PE.NFO,12/10/2022,09:25:06,217.5,217.25,200,217.75,500,3200,2530800
NIFTY13OCT2217200PE.NFO,12/10/2022,09:25:08,217.85,216.85,200,217.35,550,2000,2530800
NIFTY13OCT2217200PE.NFO,12/10/2022,09:25:09,214.55,214.05,150,214.45,50,11850,2530800
NIFTY13OCT2217200PE.NFO,12/10/2022,09:25:10,214.5,213.8,100,214.45,300,7700,2530800
NIFTY13OCT2217200PE.NFO,12/10/2022,09:25:11,213.65,212.9,100,213.7,850,4550,2530800
NIFTY13OCT2217200PE.NFO,12/10/2022,09:25:12,213.15,213.15,100,213.65,250,2400,2530800
NIFTY13OCT2217200PE.NFO,12/10/2022,09:25:14,211.55,211.65,150,212.2,150,1250,2530800
NIFTY13OCT2217200PE.NFO,12/10/2022,09:25:15,211.75,211.5,50,211.8,200,700,2530800
NIFTY13OCT2217200PE.NFO,12/10/2022,09:25:16,209.55,209.45,150,209.95,300,6750,2530800
NIFTY13OCT2217200PE.NFO,12/10/2022,09:25:17,210.75,210.3,150,210.75,100,1500,2530800
NIFTY13OCT2217200PE.NFO,12/10/2022,09:25:18,210.55,210.5,100,211.05,50,900,2530800
NIFTY13OCT2217200PE.NFO,12/10/2022,09:25:19,210.85,209.95,100,210.4,350,500,2530800
NIFTY13OCT2217200PE.NFO,12/10/2022,09:25:21,211.5,210.35,150,210.85,100,3000,2530800
NIFTY13OCT2217200PE.NFO,12/10/2022,09:25:22,210.55,210.05,100,210.55,100,1700,2530800
NIFTY13OCT2217200PE.NFO,12/10/2022,09:25:22,210.1,209.95,100,210.25,150,2250,2530800
NIFTY13OCT2217200PE.NFO,12/10/2022,09:25:23,209.55,209.1,200,209.6,400,700,2530800
NIFTY13OCT2217200PE.NFO,12/10/2022,09:25:24,210.05,210.25,100,210.55,1450,250,2530800
NIFTY13OCT2217200PE.NFO,12/10/2022,09:25:25,209.75,209.75,300,210.3,50,6800,2530800
NIFTY13OCT2217200PE.NFO,12/10/2022,09:25:26,209.85,210.5,500,211,350,300,2530800
NIFTY13OCT2217200PE.NFO,12/10/2022,09:25:27,210.8,210.45,350,210.95,100,750,2530800
NIFTY13OCT2217200PE.NFO,12/10/2022,09:25:28,211.2,211.1,300,211.55,200,2050,2530800
NIFTY13OCT2217200PE.NFO,12/10/2022,09:25:29,211.5,211.05,200,211.5,200,4250,2530800
NIFTY13OCT2217200PE.NFO,12/10/2022,09:25:31,212.2,212.55,50,212.8,100,2400,2530800
NIFTY13OCT2217200PE.NFO,12/10/2022,09:25:31,212.8,212.55,50,212.9,150,500,2530800
NIFTY13OCT2217200PE.NFO,12/10/2022,09:25:32,212.25,212.2,150,212.6,200,2400,2530800
NIFTY13OCT2217200PE.NFO,12/10/2022,09:25:33,210.6,210.3,150,210.7,50,1250,2530800
NIFTY13OCT2217200PE.NFO,12/10/2022,09:25:34,211.1,210.75,100,211.2,50,1700,2530800
NIFTY13OCT2217200PE.NFO,12/10/2022,09:25:35,209.8,209.9,100,210.45,150,3900,2530800
NIFTY13OCT2217200PE.NFO,12/10/2022,09:25:36,209.85,209.35,150,209.8,300,1650,2530800
NIFTY13OCT2217200PE.NFO,12/10/2022,09:25:38,209.55,209.05,150,209.55,50,850,2530800
NIFTY13OCT2217200PE.NFO,12/10/2022,09:25:38,209.15,209,600,209.4,200,600,2530800
NIFTY13OCT2217200PE.NFO,12/10/2022,09:25:39,209.25,209.25,450,209.7,50,1200,2530800
NIFTY13OCT2217200PE.NFO,12/10/2022,09:25:40,212,212,100,212.45,100,1500,2530800
NIFTY13OCT2217200PE.NFO,12/10/2022,09:25:41,211.15,210.55,50,211.05,250,650,2530800
NIFTY13OCT2217200PE.NFO,12/10/2022,09:25:43,209.5,209.55,100,209.95,150,750,2530800
NIFTY13OCT2217200PE.NFO,12/10/2022,09:25:44,208.25,208.25,150,208.7,200,1750,2530800
NIFTY13OCT2217200PE.NFO,12/10/2022,09:25:45,209.45,209,100,209.45,150,550,2530800
NIFTY13OCT2217200PE.NFO,12/10/2022,09:25:46,209.2,208.5,100,208.95,100,7450,2530800
NIFTY13OCT2217200PE.NFO,12/10/2022,09:25:47,208.8,208.85,150,209.3,100,850,2530800
NIFTY13OCT2217200PE.NFO,12/10/2022,09:25:48,209.8,209.7,150,210.15,100,1150,2530800
NIFTY13OCT2217200PE.NFO,12/10/2022,09:25:50,209.95,210.15,150,210.5,50,1200,2530800
NIFTY13OCT2217200PE.NFO,12/10/2022,09:25:50,210.15,210.15,150,210.5,50,50,2530800
NIFTY13OCT2217200PE.NFO,12/10/2022,09:25:51,209.3,209,500,209.5,100,700,2530800
NIFTY13OCT2217200PE.NFO,12/10/2022,09:25:52,210.35,210.2,300,210.65,200,200,2530800
NIFTY13OCT2217200PE.NFO,12/10/2022,09:25:53,209.8,209.15,250,209.55,100,300,2530800
NIFTY13OCT2217200PE.NFO,12/10/2022,09:25:54,209.55,209.05,100,209.5,150,200,2530800
NIFTY13OCT2217200PE.NFO,12/10/2022,09:25:55,208,207.65,150,208.15,100,550,2530800
NIFTY13OCT2217200PE.NFO,12/10/2022,09:25:56,208.35,207.1,100,207.6,100,600,2530800
NIFTY13OCT2217200PE.NFO,12/10/2022,09:25:56,206.65,207.1,100,207.6,100,0,2530800
NIFTY13OCT2217200PE.NFO,12/10/2022,09:25:57,205.9,205.7,150,206.1,200,750,2530800
NIFTY13OCT2217200PE.NFO,12/10/2022,09:25:57,205.65,205.7,150,206.1,200,0,2530800
NIFTY13OCT2217200PE.NFO,12/10/2022,09:25:58,207.8,207.3,150,207.8,150,300,2530800
NIFTY13OCT2217200PE.NFO,12/10/2022,09:25:59,207.1,207.05,150,207.45,100,300,2530800
NIFTY13OCT2217200PE.NFO,12/10/2022,09:26:01,205.45,205.3,50,205.6,100,600,2530800
NIFTY13OCT2217200PE.NFO,12/10/2022,09:26:01,205.4,205.3,50,205.6,100,0,2530800
NIFTY13OCT2217200PE.NFO,12/10/2022,09:26:01,205.45,205.5,150,205.7,50,0,2530800
NIFTY13OCT2217200PE.NFO,12/10/2022,09:26:02,205.8,205.3,50,205.7,100,950,2530800
NIFTY13OCT2217200PE.NFO,12/10/2022,09:26:03,206.3,205.4,200,205.85,250,1650,2530800
NIFTY13OCT2217200PE.NFO,12/10/2022,09:26:04,206.15,205.9,150,206.4,100,2000,2530800
NIFTY13OCT2217200PE.NFO,12/10/2022,09:26:05,206.45,206.4,150,206.8,100,5200,2530800
NIFTY13OCT2217200PE.NFO,12/10/2022,09:26:05,204.45,206.4,150,206.8,100,0,2530800
NIFTY13OCT2217200PE.NFO,12/10/2022,09:26:06,207.3,206.85,100,207.4,100,1350,2530800
NIFTY13OCT2217200PE.NFO,12/10/2022,09:26:07,206.35,207,500,207.55,100,250,2530800
NIFTY13OCT2217200PE.NFO,12/10/2022,09:26:09,208.85,207.85,100,208.3,100,250,2530800
NIFTY13OCT2217200PE.NFO,12/10/2022,09:26:09,207.75,208,500,208.5,400,200,2530800
NIFTY13OCT2217200PE.NFO,12/10/2022,09:26:10,208,207.7,150,208.2,250,600,2530800
NIFTY13OCT2217200PE.NFO,12/10/2022,09:26:11,206.9,206.3,50,206.7,150,300,2530800
NIFTY13OCT2217200PE.NFO,12/10/2022,09:26:12,206,205.5,200,205.95,150,3500,2530800
NIFTY13OCT2217200PE.NFO,12/10/2022,09:26:13,205.85,205.95,150,206.4,300,1300,2530800
NIFTY13OCT2217200PE.NFO,12/10/2022,09:26:14,205.55,205.8,100,206.2,50,150,2530800
NIFTY13OCT2217200PE.NFO,12/10/2022,09:26:15,205.85,205.65,50,206.1,200,2450,2530800
NIFTY13OCT2217200PE.NFO,12/10/2022,09:26:16,205.45,205.1,50,205.45,350,200,2530800
NIFTY13OCT2217200PE.NFO,12/10/2022,09:26:18,205.2,205.25,150,205.6,50,3650,2530800
NIFTY13OCT2217200PE.NFO,12/10/2022,09:26:18,205.45,204.9,150,205.35,50,1900,2530800
NIFTY13OCT2217200PE.NFO,12/10/2022,09:26:20,204.95,204.4,500,204.85,300,2050,2530800
NIFTY13OCT2217200PE.NFO,12/10/2022,09:26:20,204.35,204.4,500,204.85,300,0,2530800
NIFTY13OCT2217200PE.NFO,12/10/2022,09:26:21,204.5,204.75,100,205,1000,1000,2530800
NIFTY13OCT2217200PE.NFO,12/10/2022,09:26:21,204.25,204.75,100,205,1000,0,2530800
NIFTY13OCT2217200PE.NFO,12/10/2022,09:26:21,204.5,204.4,200,204.9,200,0,2530800
NIFTY13OCT2217200PE.NFO,12/10/2022,09:26:22,204,204.45,100,204.9,200,650,2530800
NIFTY13OCT2217200PE.NFO,12/10/2022,09:26:22,204,204.45,100,204.9,200,0,2530800
NIFTY13OCT2217200PE.NFO,12/10/2022,09:26:23,203.3,203.35,150,203.85,550,2500,2530800
NIFTY13OCT2217200PE.NFO,12/10/2022,09:26:23,203.25,203.35,150,203.85,550,0,2530800
NIFTY13OCT2217200PE.NFO,12/10/2022,09:26:24,204.9,204.8,200,205.25,250,2300,2530800
NIFTY13OCT2217200PE.NFO,12/10/2022,09:26:25,205.25,205.25,50,205.55,250,1700,2530800
NIFTY13OCT2217200PE.NFO,12/10/2022,09:26:26,204.15,204.05,100,204.3,50,550,2530800
NIFTY13OCT2217200PE.NFO,12/10/2022,09:26:27,203.75,203.7,650,204.15,100,450,2530800
NIFTY13OCT2217200PE.NFO,12/10/2022,09:26:28,203.25,203.2,300,203.65,100,650,2530800
NIFTY13OCT2217200PE.NFO,12/10/2022,09:26:30,204.2,203.7,100,204.25,100,950,2530800
NIFTY13OCT2217200PE.NFO,12/10/2022,09:26:31,203.65,203.35,200,203.75,100,500,2530800
NIFTY13OCT2217200PE.NFO,12/10/2022,09:26:32,204.25,204.3,150,204.75,100,5900,2530800
NIFTY13OCT2217200PE.NFO,12/10/2022,09:26:32,204.6,204.65,250,205.05,150,400,2530800
NIFTY13OCT2217200PE.NFO,12/10/2022,09:26:33,205.35,205.15,100,205.55,150,2100,2530800
NIFTY13OCT2217200PE.NFO,12/10/2022,09:26:34,205.45,205.85,150,206.3,200,2950,2535650
NIFTY13OCT2217200PE.NFO,12/10/2022,09:26:36,207.1,207.3,100,207.75,200,1200,2535650
NIFTY13OCT2217200PE.NFO,12/10/2022,09:26:37,208.4,208.5,100,208.9,100,1400,2535650
NIFTY13OCT2217200PE.NFO,12/10/2022,09:26:38,207.9,207.85,100,208.35,400,3250,2535650
NIFTY13OCT2217200PE.NFO,12/10/2022,09:26:39,207.8,207.6,250,208.1,100,1350,2535650
NIFTY13OCT2217200PE.NFO,12/10/2022,09:26:39,207.8,207.95,200,208.35,250,0,2535650
NIFTY13OCT2217200PE.NFO,12/10/2022,09:26:40,208.5,207,250,207.5,250,4300,2535650
NIFTY13OCT2217200PE.NFO,12/10/2022,09:26:41,205.95,205.8,250,206.3,200,2100,2535650
NIFTY13OCT2217200PE.NFO,12/10/2022,09:26:42,204.5,204.3,200,204.75,50,1550,2535650
NIFTY13OCT2217200PE.NFO,12/10/2022,09:26:43,204.35,204,200,204.35,150,800,2535650
NIFTY13OCT2217200PE.NFO,12/10/2022,09:26:44,204.5,203.9,150,204.4,150,2650,2535650
NIFTY13OCT2217200PE.NFO,12/10/2022,09:26:45,204.1,203.7,150,204.1,200,2500,2535650
NIFTY13OCT2217200PE.NFO,12/10/2022,09:26:46,204.2,203.75,100,204.15,200,450,2535650
NIFTY13OCT2217200PE.NFO,12/10/2022,09:26:47,204.5,204.15,50,204.5,100,1050,2535650
NIFTY13OCT2217200PE.NFO,12/10/2022,09:26:49,204.5,204.65,100,205.05,300,2450,2535650
NIFTY13OCT2217200PE.NFO,12/10/2022,09:26:50,204.05,204,200,204.25,150,450,2535650
NIFTY13OCT2217200PE.NFO,12/10/2022,09:26:51,203.7,203.9,100,204.3,150,750,2535650
NIFTY13OCT2217200PE.NFO,12/10/2022,09:26:51,204.35,203.95,100,204.35,150,200,2535650
NIFTY13OCT2217200PE.NFO,12/10/2022,09:26:52,204.25,203.7,150,204.1,100,3150,2535650
NIFTY13OCT2217200PE.NFO,12/10/2022,09:26:53,203.3,203.2,250,203.6,200,1350,2535650
NIFTY13OCT2217200PE.NFO,12/10/2022,09:26:53,203,203.2,250,203.6,200,0,2535650
NIFTY13OCT2217200PE.NFO,12/10/2022,09:26:54,203.75,203.05,100,203.35,100,800,2535650
NIFTY13OCT2217200PE.NFO,12/10/2022,09:26:55,203.15,203.15,150,203.45,100,4050,2535650
NIFTY13OCT2217200PE.NFO,12/10/2022,09:26:57,203.3,202.85,100,203.25,300,2650,2535650
NIFTY13OCT2217200PE.NFO,12/10/2022,09:26:57,202.55,202.85,100,203.25,300,0,2535650
NIFTY13OCT2217200PE.NFO,12/10/2022,09:26:58,204.25,204.6,350,205.05,200,1450,2535650
NIFTY13OCT2217200PE.NFO,12/10/2022,09:26:59,204.1,204.25,500,204.65,100,750,2535650
NIFTY13OCT2217200PE.NFO,12/10/2022,09:27:00,204.35,203.55,150,203.95,100,800,2535650
NIFTY13OCT2217200PE.NFO,12/10/2022,09:27:00,203.3,203.3,150,203.65,100,200,2535650
NIFTY13OCT2217200PE.NFO,12/10/2022,09:27:01,203.65,204.7,50,205.1,200,2000,2535650
NIFTY13OCT2217200PE.NFO,12/10/2022,09:27:02,205,204.2,250,204.55,50,700,2535650
NIFTY13OCT2217200PE.NFO,12/10/2022,09:27:03,204.45,203.75,50,204.1,50,1900,2535650
NIFTY13OCT2217200PE.NFO,12/10/2022,09:27:04,204.35,204.45,100,204.85,50,450,2535650
NIFTY13OCT2217200PE.NFO,12/10/2022,09:27:05,204.35,204.4,100,204.8,500,350,2535650
NIFTY13OCT2217200PE.NFO,12/10/2022,09:27:06,205.95,205.65,350,206,150,1550,2535650
NIFTY13OCT2217200PE.NFO,12/10/2022,09:27:08,208,207.8,150,208.15,150,1450,2535650
NIFTY13OCT2217200PE.NFO,12/10/2022,09:27:08,208,207.6,200,208,250,50,2535650
NIFTY13OCT2217200PE.NFO,12/10/2022,09:27:10,207.45,207.1,100,207.45,50,1600,2535650
NIFTY13OCT2217200PE.NFO,12/10/2022,09:27:11,205.45,205.5,150,205.8,50,2250,2535650
NIFTY13OCT2217200PE.NFO,12/10/2022,09:27:12,206.2,205.95,200,206.35,100,2700,2535650
NIFTY13OCT2217200PE.NFO,12/10/2022,09:27:13,206.7,206.2,300,206.75,600,1650,2535650
NIFTY13OCT2217200PE.NFO,12/10/2022,09:27:13,206.7,206.2,250,206.85,500,0,2535650
NIFTY13OCT2217200PE.NFO,12/10/2022,09:27:14,207.95,207.4,650,208,2000,3650,2535650
NIFTY13OCT2217200PE.NFO,12/10/2022,09:27:15,207.15,206.65,100,207.1,50,6200,2535650
NIFTY13OCT2217200PE.NFO,12/10/2022,09:27:16,208.9,208.65,100,209,1500,1100,2535650
NIFTY13OCT2217200PE.NFO,12/10/2022,09:27:17,209,208.65,50,208.95,200,750,2535650
NIFTY13OCT2217200PE.NFO,12/10/2022,09:27:18,208.4,208.25,200,208.65,150,750,2535650
NIFTY13OCT2217200PE.NFO,12/10/2022,09:27:19,208.55,208.35,100,208.6,500,400,2535650
NIFTY13OCT2217200PE.NFO,12/10/2022,09:27:21,208.9,209.05,200,209.4,100,10900,2535650
NIFTY13OCT2217200PE.NFO,12/10/2022,09:27:22,209.55,209.05,250,209.45,200,3900,2535650
NIFTY13OCT2217200PE.NFO,12/10/2022,09:27:23,207.2,207.05,50,207.35,50,2900,2535650
NIFTY13OCT2217200PE.NFO,12/10/2022,09:27:24,207.2,206.95,200,207.3,200,4800,2535650
NIFTY13OCT2217200PE.NFO,12/10/2022,09:27:24,207.2,207.15,200,207.5,50,0,2535650
NIFTY13OCT2217200PE.NFO,12/10/2022,09:27:25,207.6,207.05,200,207.35,50,1200,2535650
NIFTY13OCT2217200PE.NFO,12/10/2022,09:27:26,206.65,206.2,150,206.6,200,900,2535650
NIFTY13OCT2217200PE.NFO,12/10/2022,09:27:27,206.1,205.55,100,206,200,400,2535650
NIFTY13OCT2217200PE.NFO,12/10/2022,09:27:28,204.1,204.4,200,204.85,150,1650,2535650
NIFTY13OCT2217200PE.NFO,12/10/2022,09:27:29,205.05,204.55,200,205,150,2650,2535650
NIFTY13OCT2217200PE.NFO,12/10/2022,09:27:30,204.1,204.35,350,204.8,300,1300,2535650
NIFTY13OCT2217200PE.NFO,12/10/2022,09:27:31,204.45,204.5,50,204.85,50,1900,2535650
NIFTY13OCT2217200PE.NFO,12/10/2022,09:27:32,204.65,204.8,100,205.25,300,3900,2535650
NIFTY13OCT2217200PE.NFO,12/10/2022,09:27:33,206.05,205.85,950,206.3,100,1400,2535650
NIFTY13OCT2217200PE.NFO,12/10/2022,09:27:35,205.25,205.4,100,205.8,350,200,2535650
NIFTY13OCT2217200PE.NFO,12/10/2022,09:27:36,205.5,205,300,205.2,150,100,2535650
NIFTY13OCT2217200PE.NFO,12/10/2022,09:27:37,205.55,205.75,200,206,100,350,2535650
NIFTY13OCT2217200PE.NFO,12/10/2022,09:27:37,205.35,205.55,100,205.95,200,50,2535650
NIFTY13OCT2217200PE.NFO,12/10/2022,09:27:38,205,205,100,205.3,350,350,2535650
NIFTY13OCT2217200PE.NFO,12/10/2022,09:27:39,204.15,204.2,150,204.5,150,600,2535650
NIFTY13OCT2217200PE.NFO,12/10/2022,09:27:40,204.85,204.35,300,204.8,100,400,2535650
NIFTY13OCT2217200PE.NFO,12/10/2022,09:27:41,205.1,204.1,200,204.55,150,1200,2535650
NIFTY13OCT2217200PE.NFO,12/10/2022,09:27:42,204.2,203.85,200,204.25,250,1250,2535650
NIFTY13OCT2217200PE.NFO,12/10/2022,09:27:43,204.75,204.7,50,205,1100,950,2535650
NIFTY13OCT2217200PE.NFO,12/10/2022,09:27:44,205,204.85,150,205.25,150,1350,2535650
NIFTY13OCT2217200PE.NFO,12/10/2022,09:27:45,205.7,205.4,500,205.75,50,1700,2535650
NIFTY13OCT2217200PE.NFO,12/10/2022,09:27:46,205.25,205.3,250,205.7,50,100,2535650
NIFTY13OCT2217200PE.NFO,12/10/2022,09:27:48,204.7,204.8,150,205,200,200,2535650
NIFTY13OCT2217200PE.NFO,12/10/2022,09:27:49,205.25,204.9,150,205.3,200,250,2535650
NIFTY13OCT2217200PE.NFO,12/10/2022,09:27:50,206,205.8,50,206.2,400,250,2535650
NIFTY13OCT2217200PE.NFO,12/10/2022,09:27:50,205.6,205.55,50,205.85,100,250,2535650
NIFTY13OCT2217200PE.NFO,12/10/2022,09:27:51,206,205.6,50,205.85,50,1500,2535650
NIFTY13OCT2217200PE.NFO,12/10/2022,09:27:52,204.5,204.3,200,204.6,50,4000,2535650
NIFTY13OCT2217200PE.NFO,12/10/2022,09:27:54,204.25,203.75,450,204.25,50,1100,2535650
NIFTY13OCT2217200PE.NFO,12/10/2022,09:27:55,204.35,204.05,100,204.55,150,1150,2535650
NIFTY13OCT2217200PE.NFO,12/10/2022,09:27:56,203.55,203.25,150,203.7,150,1500,2535650
NIFTY13OCT2217200PE.NFO,12/10/2022,09:27:57,203.8,203.65,250,204.05,50,100,2535650
NIFTY13OCT2217200PE.NFO,12/10/2022,09:27:58,203.1,203.7,450,204.1,50,11850,2535650
NIFTY13OCT2217200PE.NFO,12/10/2022,09:27:59,206,205.95,200,206.35,50,7950,2535650
NIFTY13OCT2217200PE.NFO,12/10/2022,09:28:00,204.05,204,100,204.35,100,300,2535650
NIFTY13OCT2217200PE.NFO,12/10/2022,09:28:01,203.75,203.75,200,204.15,150,1600,2535650
NIFTY13OCT2217200PE.NFO,12/10/2022,09:28:02,203.85,203.4,100,203.8,150,1750,2535650
NIFTY13OCT2217200PE.NFO,12/10/2022,09:28:03,203.8,203.8,100,204.15,50,650,2535650
NIFTY13OCT2217200PE.NFO,12/10/2022,09:28:04,203.9,203.7,150,203.9,50,50,2535650
NIFTY13OCT2217200PE.NFO,12/10/2022,09:28:05,203.1,203,800,203.25,150,1350,2535650
NIFTY13OCT2217200PE.NFO,12/10/2022,09:28:06,203.75,203.5,100,203.85,150,1250,2535650
NIFTY13OCT2217200PE.NFO,12/10/2022,09:28:07,202.3,203,50,203.25,250,200,2535650
NIFTY13OCT2217200PE.NFO,12/10/2022,09:28:07,202.3,203,50,203.25,250,0,2535650
NIFTY13OCT2217200PE.NFO,12/10/2022,09:28:08,202.2,203,100,203.3,50,550,2535650
NIFTY13OCT2217200PE.NFO,12/10/2022,09:28:08,202.2,203,100,203.3,50,0,2535650
NIFTY13OCT2217200PE.NFO,12/10/2022,09:28:09,203.7,203.8,50,204,200,800,2535650
NIFTY13OCT2217200PE.NFO,12/10/2022,09:28:10,203.05,203.05,100,203.35,50,550,2535650
NIFTY13OCT2217200PE.NFO,12/10/2022,09:28:11,205.25,205,150,205.35,50,3750,2535650
NIFTY13OCT2217200PE.NFO,12/10/2022,09:28:12,206,205.55,500,206,250,350,2535650
NIFTY13OCT2217200PE.NFO,12/10/2022,09:28:13,205.9,206.1,50,206.45,100,550,2535650
NIFTY13OCT2217200PE.NFO,12/10/2022,09:28:15,207,206.45,200,206.9,250,350,2535650
NIFTY13OCT2217200PE.NFO,12/10/2022,09:28:16,206.8,206.95,50,207.15,100,950,2535650
NIFTY13OCT2217200PE.NFO,12/10/2022,09:28:16,206.65,206.6,100,207,50,150,2535650
NIFTY13OCT2217200PE.NFO,12/10/2022,09:28:17,206.3,206.4,600,206.75,50,700,2535650
NIFTY13OCT2217200PE.NFO,12/10/2022,09:28:18,207.3,207.05,200,207.35,50,350,2535650
NIFTY13OCT2217200PE.NFO,12/10/2022,09:28:19,206.75,206.65,100,207.05,150,150,2535650
NIFTY13OCT2217200PE.NFO,12/10/2022,09:28:20,206.25,206.35,150,206.8,150,1200,2535650
NIFTY13OCT2217200PE.NFO,12/10/2022,09:28:21,204.6,204.2,200,204.55,50,1250,2535650
NIFTY13OCT2217200PE.NFO,12/10/2022,09:28:23,204.3,204.35,200,204.75,350,300,2535650
NIFTY13OCT2217200PE.NFO,12/10/2022,09:28:24,205.35,205,50,205.1,50,1950,2535650
NIFTY13OCT2217200PE.NFO,12/10/2022,09:28:25,206.7,206.8,200,207.2,300,800,2535650
NIFTY13OCT2217200PE.NFO,12/10/2022,09:28:26,207.15,206.65,100,207.05,300,600,2535650
NIFTY13OCT2217200PE.NFO,12/10/2022,09:28:27,206.5,206.4,100,206.9,400,100,2535650
NIFTY13OCT2217200PE.NFO,12/10/2022,09:28:28,206.5,206.55,200,206.85,100,0,2535650
NIFTY13OCT2217200PE.NFO,12/10/2022,09:28:28,206.5,206.55,200,206.9,350,0,2535650
NIFTY13OCT2217200PE.NFO,12/10/2022,09:28:29,206.95,206.5,200,206.75,250,100,2535650
NIFTY13OCT2217200PE.NFO,12/10/2022,09:28:30,206.6,206.4,300,206.8,150,700,2535650
NIFTY13OCT2217200PE.NFO,12/10/2022,09:28:32,205.7,206.65,100,206.95,100,850,2535650
NIFTY13OCT2217200PE.NFO,12/10/2022,09:28:33,206.45,206.65,100,207,250,1600,2535650
NIFTY13OCT2217200PE.NFO,12/10/2022,09:28:34,207.15,207,100,207.45,300,1750,2535650
NIFTY13OCT2217200PE.NFO,12/10/2022,09:28:35,208.65,208.4,100,208.75,150,350,2535650
NIFTY13OCT2217200PE.NFO,12/10/2022,09:28:36,209,208.55,200,208.95,100,700,2535650
NIFTY13OCT2217200PE.NFO,12/10/2022,09:28:37,209.35,208.8,1350,209.3,150,300,2535650
NIFTY13OCT2217200PE.NFO,12/10/2022,09:28:38,209.75,209.25,100,209.65,150,2300,2535650
NIFTY13OCT2217200PE.NFO,12/10/2022,09:28:39,208.4,208.15,200,208.6,100,2150,2535650
NIFTY13OCT2217200PE.NFO,12/10/2022,09:28:40,209.25,209.35,100,209.75,100,950,2535650
NIFTY13OCT2217200PE.NFO,12/10/2022,09:28:41,209.2,209.05,100,209.5,100,250,2535650
NIFTY13OCT2217200PE.NFO,12/10/2022,09:28:42,209.3,209.35,150,209.75,100,250,2535650
NIFTY13OCT2217200PE.NFO,12/10/2022,09:28:42,209.3,209.3,50,209.75,100,50,2535650
NIFTY13OCT2217200PE.NFO,12/10/2022,09:28:43,209.05,209.2,400,209.6,200,2050,2535650
NIFTY13OCT2217200PE.NFO,12/10/2022,09:28:45,209.35,208.85,150,209.3,200,1250,2535650
NIFTY13OCT2217200PE.NFO,12/10/2022,09:28:46,209.3,208.8,150,209.2,150,650,2535650
NIFTY13OCT2217200PE.NFO,12/10/2022,09:28:47,209,208.85,150,209,100,1300,2535650
NIFTY13OCT2217200PE.NFO,12/10/2022,09:28:47,209.05,208.6,150,208.95,200,350,2535650
NIFTY13OCT2217200PE.NFO,12/10/2022,09:28:48,210,209.9,150,210.3,50,11400,2535650
NIFTY13OCT2217200PE.NFO,12/10/2022,09:28:49,210.05,209.55,150,210,250,300,2535650
NIFTY13OCT2217200PE.NFO,12/10/2022,09:28:51,209.7,209.3,100,209.7,250,1600,2535650
NIFTY13OCT2217200PE.NFO,12/10/2022,09:28:51,210,209.7,200,210,550,750,2535650
NIFTY13OCT2217200PE.NFO,12/10/2022,09:28:53,208.95,208.2,200,208.65,100,3050,2535650
NIFTY13OCT2217200PE.NFO,12/10/2022,09:28:54,209.6,209.5,200,209.85,150,2000,2535650
NIFTY13OCT2217200PE.NFO,12/10/2022,09:28:55,209.5,209.4,250,209.85,150,250,2535650
NIFTY13OCT2217200PE.NFO,12/10/2022,09:28:56,209.05,209.45,100,209.85,400,500,2535650
NIFTY13OCT2217200PE.NFO,12/10/2022,09:28:56,209.6,209.4,100,209.8,250,150,2535650
NIFTY13OCT2217200PE.NFO,12/10/2022,09:28:57,209.05,208.95,600,209.25,400,250,2535650
NIFTY13OCT2217200PE.NFO,12/10/2022,09:28:59,207,206.95,1500,207.15,250,2750,2535650
NIFTY13OCT2217200PE.NFO,12/10/2022,09:29:00,205.85,205.35,200,205.85,250,2550,2535650
NIFTY13OCT2217200PE.NFO,12/10/2022,09:29:01,205.65,205.05,200,205.45,400,800,2535650
NIFTY13OCT2217200PE.NFO,12/10/2022,09:29:02,204.6,204.65,200,204.95,100,850,2535650
NIFTY13OCT2217200PE.NFO,12/10/2022,09:29:03,205.1,204.7,200,205.05,100,3050,2535650
NIFTY13OCT2217200PE.NFO,12/10/2022,09:29:04,204,204,200,204.3,100,1800,2535650
NIFTY13OCT2217200PE.NFO,12/10/2022,09:29:05,204.1,204.1,150,204.5,250,950,2535650
NIFTY13OCT2217200PE.NFO,12/10/2022,09:29:05,204.25,203.6,100,203.9,50,50,2535650
NIFTY13OCT2217200PE.NFO,12/10/2022,09:29:06,203.4,203.4,150,203.65,100,650,2535650
NIFTY13OCT2217200PE.NFO,12/10/2022,09:29:07,203.4,203.15,150,203.5,200,500,2535650
NIFTY13OCT2217200PE.NFO,12/10/2022,09:29:09,203,202.6,50,203,250,2750,2535650
NIFTY13OCT2217200PE.NFO,12/10/2022,09:29:10,201.3,201,150,201.3,100,15650,2535650
NIFTY13OCT2217200PE.NFO,12/10/2022,09:29:10,199.35,201,150,201.3,100,0,2535650
NIFTY13OCT2217200PE.NFO,12/10/2022,09:29:11,200,199.6,150,199.95,150,1550,2535650
NIFTY13OCT2217200PE.NFO,12/10/2022,09:29:12,199.1,198.7,150,199.1,150,3700,2535650
NIFTY13OCT2217200PE.NFO,12/10/2022,09:29:12,198.6,198.7,150,199.1,150,0,2535650
NIFTY13OCT2217200PE.NFO,12/10/2022,09:29:13,199.55,199.25,150,199.6,150,800,2535650
NIFTY13OCT2217200PE.NFO,12/10/2022,09:29:13,199.55,199.7,150,200,250,0,2535650
NIFTY13OCT2217200PE.NFO,12/10/2022,09:29:15,201.1,201.15,100,201.45,150,1050,2535650
NIFTY13OCT2217200PE.NFO,12/10/2022,09:29:16,201.7,202.2,100,202.65,100,1950,2535650
NIFTY13OCT2217200PE.NFO,12/10/2022,09:29:17,201.6,201.45,100,201.8,100,400,2535650
NIFTY13OCT2217200PE.NFO,12/10/2022,09:29:18,202.85,202.9,50,203.25,150,350,2535650
NIFTY13OCT2217200PE.NFO,12/10/2022,09:29:19,204,202.85,100,203.2,100,50,2535650
NIFTY13OCT2217200PE.NFO,12/10/2022,09:29:19,204,203.25,50,203.65,250,0,2535650
NIFTY13OCT2217200PE.NFO,12/10/2022,09:29:20,203.85,203.4,100,203.85,150,800,2535650
NIFTY13OCT2217200PE.NFO,12/10/2022,09:29:22,203.85,203.3,250,203.75,100,0,2535650
NIFTY13OCT2217200PE.NFO,12/10/2022,09:29:23,203.3,202.7,150,203.15,150,50,2535650
NIFTY13OCT2217200PE.NFO,12/10/2022,09:29:24,202.3,202.15,150,202.65,850,1500,2535650
NIFTY13OCT2217200PE.NFO,12/10/2022,09:29:25,203.25,202.7,200,203.2,150,1450,2535650
NIFTY13OCT2217200PE.NFO,12/10/2022,09:29:26,203.05,203,100,203.45,150,1800,2535650
NIFTY13OCT2217200PE.NFO,12/10/2022,09:29:27,202.95,202.8,150,203.35,550,2300,2535650
NIFTY13OCT2217200PE.NFO,12/10/2022,09:29:28,203.6,203.25,50,203.65,300,2900,2535650
NIFTY13OCT2217200PE.NFO,12/10/2022,09:29:29,202.2,202.2,50,202.55,100,1600,2535650
NIFTY13OCT2217200PE.NFO,12/10/2022,09:29:29,202.6,202.15,150,202.55,250,600,2535650
NIFTY13OCT2217200PE.NFO,12/10/2022,09:29:30,202.45,202.05,550,202.55,150,1050,2535650
NIFTY13OCT2217200PE.NFO,12/10/2022,09:29:32,202.7,202.35,200,202.8,1350,500,2535650
NIFTY13OCT2217200PE.NFO,12/10/2022,09:29:33,202.45,202.65,200,203,200,1200,2535650
NIFTY13OCT2217200PE.NFO,12/10/2022,09:29:34,203.25,203,100,203.4,300,1250,2578900
NIFTY13OCT2217200PE.NFO,12/10/2022,09:29:35,203.25,202.6,100,202.9,100,0,2578900
NIFTY13OCT2217200PE.NFO,12/10/2022,09:29:35,203.25,202.75,100,203.1,50,0,2578900
NIFTY13OCT2217200PE.NFO,12/10/2022,09:29:36,202.5,202.05,150,202.4,400,100,2578900
NIFTY13OCT2217200PE.NFO,12/10/2022,09:29:38,202.35,202.55,200,202.9,150,100,2578900
NIFTY13OCT2217200PE.NFO,12/10/2022,09:29:38,202.85,202.6,200,202.95,50,100,2578900
NIFTY13OCT2217200PE.NFO,12/10/2022,09:29:40,202.5,202.15,150,202.5,50,700,2578900
NIFTY13OCT2217200PE.NFO,12/10/2022,09:29:40,201.6,201.1,250,201.65,150,1050,2578900
NIFTY13OCT2217200PE.NFO,12/10/2022,09:29:42,201.35,201.05,50,201.35,100,4650,2578900
NIFTY13OCT2217200PE.NFO,12/10/2022,09:29:43,200.3,200.35,200,200.55,200,1650,2578900
NIFTY13OCT2217200PE.NFO,12/10/2022,09:29:44,198.6,198.6,550,199,200,7200,2578900
NIFTY13OCT2217200PE.NFO,12/10/2022,09:29:46,197.6,197.45,200,197.8,300,4200,2578900
NIFTY13OCT2217200PE.NFO,12/10/2022,09:29:46,197.6,197.45,200,197.8,300,0,2578900
NIFTY13OCT2217200PE.NFO,12/10/2022,09:29:47,197.4,197.25,100,197.8,600,3700,2578900
NIFTY13OCT2217200PE.NFO,12/10/2022,09:29:47,196.85,197.25,100,197.8,600,0,2578900
NIFTY13OCT2217200PE.NFO,12/10/2022,09:29:48,197.45,197.2,150,197.7,1500,900,2578900
NIFTY13OCT2217200PE.NFO,12/10/2022,09:29:49,198.1,198.1,450,198.5,200,6050,2578900
NIFTY13OCT2217200PE.NFO,12/10/2022,09:29:49,198.1,198.2,800,198.6,200,0,2578900
NIFTY13OCT2217200PE.NFO,12/10/2022,09:29:50,197.75,197.85,100,198.3,100,1250,2578900
NIFTY13OCT2217200PE.NFO,12/10/2022,09:29:51,199.9,199.45,200,199.8,150,2350,2578900
NIFTY13OCT2217200PE.NFO,12/10/2022,09:29:53,200,199.15,100,199.5,100,2250,2578900
NIFTY13OCT2217200PE.NFO,12/10/2022,09:29:54,198.8,198.7,50,198.85,100,2950,2578900
NIFTY13OCT2217200PE.NFO,12/10/2022,09:29:55,198.5,198.3,150,198.45,250,1300,2578900
NIFTY13OCT2217200PE.NFO,12/10/2022,09:29:56,198.45,198.15,150,198.4,200,5650,2578900
NIFTY13OCT2217200PE.NFO,12/10/2022,09:29:56,198.15,198,150,198.4,200,950,2578900
NIFTY13OCT2217200PE.NFO,12/10/2022,09:29:57,198.15,198.15,300,198.35,50,2950,2578900
NIFTY13OCT2217200PE.NFO,12/10/2022,09:29:59,198,197.75,200,198,350,750,2578900
NIFTY13OCT2217200PE.NFO,12/10/2022,09:30:00,197.3,197.25,150,197.45,200,5500,2578900
NIFTY13OCT2217200PE.NFO,12/10/2022,09:30:00,196.65,197.25,150,197.45,200,0,2578900
NIFTY13OCT2217200PE.NFO,12/10/2022,09:30:01,197.05,196.9,400,197.3,150,950,2578900
NIFTY13OCT2217200PE.NFO,12/10/2022,09:30:02,197.65,197.6,100,198,250,2300,2578900
NIFTY13OCT2217200PE.NFO,12/10/2022,09:30:03,197.15,196.9,150,197.25,100,1200,2578900
NIFTY13OCT2217200PE.NFO,12/10/2022,09:30:04,197.5,197.25,200,197.6,250,2000,2578900
NIFTY13OCT2217200PE.NFO,12/10/2022,09:30:04,196.55,197.25,200,197.6,250,0,2578900
NIFTY13OCT2217200PE.NFO,12/10/2022,09:30:05,199.9,199.6,50,199.95,100,750,2578900
NIFTY13OCT2217200PE.NFO,12/10/2022,09:30:06,198.6,198.2,50,198.55,150,1200,2578900
NIFTY13OCT2217200PE.NFO,12/10/2022,09:30:07,198,197.65,150,198,900,1300,2578900
NIFTY13OCT2217200PE.NFO,12/10/2022,09:30:08,197.7,197.4,200,198.05,400,2400,2578900
NIFTY13OCT2217200PE.NFO,12/10/2022,09:30:09,197.5,197.35,200,197.75,150,1150,2578900
NIFTY13OCT2217200PE.NFO,12/10/2022,09:30:11,196.75,196.45,200,196.75,100,4750,2578900
NIFTY13OCT2217200PE.NFO,12/10/2022,09:30:11,196.1,196.45,200,196.75,100,0,2578900
NIFTY13OCT2217200PE.NFO,12/10/2022,09:30:12,197.55,197.25,150,197.65,400,500,2578900
NIFTY13OCT2217200PE.NFO,12/10/2022,09:30:13,198.55,198.6,100,198.9,100,5550,2578900
NIFTY13OCT2217200PE.NFO,12/10/2022,09:30:14,197.8,197.7,100,198.1,100,2050,2578900
NIFTY13OCT2217200PE.NFO,12/10/2022,09:30:15,197.95,198.75,100,199.1,100,200,2578900
NIFTY13OCT2217200PE.NFO,12/10/2022,09:30:16,199.25,199.4,300,199.95,350,1200,2578900
NIFTY13OCT2217200PE.NFO,12/10/2022,09:30:17,199.85,199.4,100,199.85,200,1750,2578900
NIFTY13OCT2217200PE.NFO,12/10/2022,09:30:17,199.2,199.2,200,199.7,200,250,2578900
NIFTY13OCT2217200PE.NFO,12/10/2022,09:30:18,199.15,199.1,200,199.6,550,100,2578900
NIFTY13OCT2217200PE.NFO,12/10/2022,09:30:19,199.85,199.85,150,200.3,100,800,2578900
NIFTY13OCT2217200PE.NFO,12/10/2022,09:30:20,198.5,198.4,600,198.9,250,2150,2578900
NIFTY13OCT2217200PE.NFO,12/10/2022,09:30:21,197.7,197.65,50,198.05,250,2150,2578900
NIFTY13OCT2217200PE.NFO,12/10/2022,09:30:22,199,198.9,200,199.15,50,3200,2578900
NIFTY13OCT2217200PE.NFO,12/10/2022,09:30:23,198.8,198.85,150,199.3,100,1700,2578900
NIFTY13OCT2217200PE.NFO,12/10/2022,09:30:24,200.05,200.1,350,200.5,200,1050,2578900
NIFTY13OCT2217200PE.NFO,12/10/2022,09:30:26,198.7,198.7,100,199,200,1350,2578900
NIFTY13OCT2217200PE.NFO,12/10/2022,09:30:27,198.45,198.45,100,198.8,400,2050,2578900
NIFTY13OCT2217200PE.NFO,12/10/2022,09:30:27,197.35,197.4,200,197.7,50,2000,2578900
NIFTY13OCT2217200PE.NFO,12/10/2022,09:30:28,198.15,198.25,300,198.7,100,750,2578900
NIFTY13OCT2217200PE.NFO,12/10/2022,09:30:29,199.25,199.55,150,199.95,200,2250,2578900
NIFTY13OCT2217200PE.NFO,12/10/2022,09:30:31,199.4,199,1100,199.5,200,1050,2578900
NIFTY13OCT2217200PE.NFO,12/10/2022,09:30:32,199.7,198.9,50,199.15,150,100,2578900
NIFTY13OCT2217200PE.NFO,12/10/2022,09:30:33,198.6,198.7,150,199.05,50,200,2578900
NIFTY13OCT2217200PE.NFO,12/10/2022,09:30:34,198.7,199,450,199.45,1300,200,2578900
NIFTY13OCT2217200PE.NFO,12/10/2022,09:30:35,199.5,199.4,50,199.55,150,3750,2578900
NIFTY13OCT2217200PE.NFO,12/10/2022,09:30:36,198.45,198.3,400,198.6,150,1600,2578900
NIFTY13OCT2217200PE.NFO,12/10/2022,09:30:37,197.7,197.45,200,197.7,100,2100,2578900
NIFTY13OCT2217200PE.NFO,12/10/2022,09:30:38,197.1,197.1,200,197.35,150,1600,2578900
NIFTY13OCT2217200PE.NFO,12/10/2022,09:30:39,197.55,197.25,200,197.6,100,2050,2578900
NIFTY13OCT2217200PE.NFO,12/10/2022,09:30:40,197.85,197.15,150,197.5,300,2100,2578900
NIFTY13OCT2217200PE.NFO,12/10/2022,09:30:41,197,196.8,100,197.05,300,300,2578900
NIFTY13OCT2217200PE.NFO,12/10/2022,09:30:42,195.3,195.15,200,195.45,100,10750,2578900
NIFTY13OCT2217200PE.NFO,12/10/2022,09:30:42,194.55,195.15,200,195.45,100,0,2578900
NIFTY13OCT2217200PE.NFO,12/10/2022,09:30:43,195.65,195.5,200,195.8,100,200,2578900
NIFTY13OCT2217200PE.NFO,12/10/2022,09:30:44,194.95,195,250,195.45,100,1000,2578900
NIFTY13OCT2217200PE.NFO,12/10/2022,09:30:45,196.25,195.95,200,196.4,450,1500,2578900
NIFTY13OCT2217200PE.NFO,12/10/2022,09:30:47,194.5,194.5,50,194.95,400,2550,2578900
NIFTY13OCT2217200PE.NFO,12/10/2022,09:30:47,194.5,194.5,50,194.95,400,0,2578900
NIFTY13OCT2217200PE.NFO,12/10/2022,09:30:48,194.95,195.35,100,195.7,50,800,2578900
NIFTY13OCT2217200PE.NFO,12/10/2022,09:30:49,195,195,1500,195.2,250,200,2578900
NIFTY13OCT2217200PE.NFO,12/10/2022,09:30:50,195.25,195,250,195.3,150,1850,2578900
NIFTY13OCT2217200PE.NFO,12/10/2022,09:30:51,195.05,195.1,250,195.6,550,1250,2578900
NIFTY13OCT2217200PE.NFO,12/10/2022,09:30:51,195.05,195.15,150,195.55,150,350,2578900
NIFTY13OCT2217200PE.NFO,12/10/2022,09:30:52,195.1,195.2,350,195.65,250,250,2578900
NIFTY13OCT2217200PE.NFO,12/10/2022,09:30:53,195.25,195.2,150,195.65,300,550,2578900
NIFTY13OCT2217200PE.NFO,12/10/2022,09:30:54,196.05,195.9,550,196.35,150,2750,2578900
NIFTY13OCT2217200PE.NFO,12/10/2022,09:30:55,197.85,197.55,100,197.95,200,1200,2578900
NIFTY13OCT2217200PE.NFO,12/10/2022,09:30:57,199.7,199.8,400,200,1600,1100,2578900
NIFTY13OCT2217200PE.NFO,12/10/2022,09:30:58,202.4,202.6,250,203,100,6500,2578900
NIFTY13OCT2217200PE.NFO,12/10/2022,09:31:00,200.95,200.85,250,201.25,450,2000,2578900
NIFTY13OCT2217200PE.NFO,12/10/2022,09:31:01,201.65,201.75,50,202.25,150,1400,2578900
NIFTY13OCT2217200PE.NFO,12/10/2022,09:31:02,200.65,201.25,100,201.65,100,450,2578900
NIFTY13OCT2217200PE.NFO,12/10/2022,09:31:03,202.1,201.9,150,202.4,150,1900,2578900
NIFTY13OCT2217200PE.NFO,12/10/2022,09:31:04,201.9,201.75,100,202.15,200,750,2578900
NIFTY13OCT2217200PE.NFO,12/10/2022,09:31:05,201,200.95,150,201.45,700,3200,2578900
NIFTY13OCT2217200PE.NFO,12/10/2022,09:31:06,201.7,201.8,200,202,500,1650,2578900
NIFTY13OCT2217200PE.NFO,12/10/2022,09:31:07,204.1,203.85,200,204.3,350,4500,2578900
NIFTY13OCT2217200PE.NFO,12/10/2022,09:31:08,206.2,206,450,206.5,100,6550,2578900
NIFTY13OCT2217200PE.NFO,12/10/2022,09:31:10,204.85,204.95,150,205.45,150,1700,2578900
NIFTY13OCT2217200PE.NFO,12/10/2022,09:31:11,206.45,206.2,200,206.65,200,750,2578900
NIFTY13OCT2217200PE.NFO,12/10/2022,09:31:12,207.9,207.15,150,207.6,150,3900,2578900
NIFTY13OCT2217200PE.NFO,12/10/2022,09:31:13,206.1,206.25,450,206.8,150,3800,2578900
NIFTY13OCT2217200PE.NFO,12/10/2022,09:31:14,205.5,205.7,200,206.2,150,700,2578900
NIFTY13OCT2217200PE.NFO,12/10/2022,09:31:15,203.25,203.2,200,203.55,150,2900,2578900
NIFTY13OCT2217200PE.NFO,12/10/2022,09:31:15,203.85,203.15,100,203.55,150,100,2578900
NIFTY13OCT2217200PE.NFO,12/10/2022,09:31:17,205,204.95,150,205.35,100,1400,2578900
NIFTY13OCT2217200PE.NFO,12/10/2022,09:31:18,205.25,204.4,400,205,600,1100,2578900
NIFTY13OCT2217200PE.NFO,12/10/2022,09:31:19,204.9,204.35,150,204.9,700,800,2578900
NIFTY13OCT2217200PE.NFO,12/10/2022,09:31:20,204,204,100,204.45,300,3550,2578900
NIFTY13OCT2217200PE.NFO,12/10/2022,09:31:21,204.65,205.1,150,205.4,150,5750,2578900
NIFTY13OCT2217200PE.NFO,12/10/2022,09:31:21,204.65,205.05,150,205.45,250,0,2578900
NIFTY13OCT2217200PE.NFO,12/10/2022,09:31:23,206.25,206.45,150,206.85,250,1100,2578900
NIFTY13OCT2217200PE.NFO,12/10/2022,09:31:24,207.15,207.2,300,207.6,150,1950,2578900
NIFTY13OCT2217200PE.NFO,12/10/2022,09:31:25,208.2,208.15,350,208.6,150,4650,2578900
NIFTY13OCT2217200PE.NFO,12/10/2022,09:31:26,209.5,209.05,150,209.55,400,2400,2578900
NIFTY13OCT2217200PE.NFO,12/10/2022,09:31:27,209.6,209,350,209.45,150,300,2578900
NIFTY13OCT2217200PE.NFO,12/10/2022,09:31:27,209.45,209.1,400,209.6,150,50,2578900
NIFTY13OCT2217200PE.NFO,12/10/2022,09:31:29,208.25,207.8,300,208.2,450,2200,2578900
NIFTY13OCT2217200PE.NFO,12/10/2022,09:31:30,206.55,206.45,200,206.5,2750,350,2578900
NIFTY13OCT2217200PE.NFO,12/10/2022,09:31:31,206.65,206.25,250,206.75,150,4350,2578900
NIFTY13OCT2217200PE.NFO,12/10/2022,09:31:32,204.95,204.85,150,205.3,200,3900,2578900
NIFTY13OCT2217200PE.NFO,12/10/2022,09:31:33,204.4,204,50,204.25,50,800,2578900
NIFTY13OCT2217200PE.NFO,12/10/2022,09:31:34,204.4,204.9,150,205.35,250,1500,2578900
NIFTY13OCT2217200PE.NFO,12/10/2022,09:31:35,204.5,204.8,150,205.25,200,200,2578900
NIFTY13OCT2217200PE.NFO,12/10/2022,09:31:37,205.15,204.75,200,205.1,50,350,2578900
NIFTY13OCT2217200PE.NFO,12/10/2022,09:31:37,205.25,204.6,200,205,200,4900,2578900
NIFTY13OCT2217200PE.NFO,12/10/2022,09:31:39,204,203.6,150,203.95,150,1150,2578900
NIFTY13OCT2217200PE.NFO,12/10/2022,09:31:40,205.5,205.35,200,206,500,2050,2578900
NIFTY13OCT2217200PE.NFO,12/10/2022,09:31:41,205,205.15,200,205.65,300,150,2578900
NIFTY13OCT2217200PE.NFO,12/10/2022,09:31:42,204.05,203.95,200,204.35,250,1400,2578900
NIFTY13OCT2217200PE.NFO,12/10/2022,09:31:43,204.75,204.6,150,205.05,550,300,2578900
NIFTY13OCT2217200PE.NFO,12/10/2022,09:31:43,204.8,204.2,350,204.7,150,850,2578900
NIFTY13OCT2217200PE.NFO,12/10/2022,09:31:44,204.85,204.6,500,205.05,150,850,2578900
NIFTY13OCT2217200PE.NFO,12/10/2022,09:31:45,204.75,204.35,150,204.75,550,350,2578900
NIFTY13OCT2217200PE.NFO,12/10/2022,09:31:47,203.85,203.95,200,204.3,50,450,2578900
NIFTY13OCT2217200PE.NFO,12/10/2022,09:31:48,203.5,203.6,200,204,750,1050,2578900
NIFTY13OCT2217200PE.NFO,12/10/2022,09:31:49,202.8,202.4,150,202.8,150,750,2578900
NIFTY13OCT2217200PE.NFO,12/10/2022,09:31:50,203.15,203.6,450,204.05,350,250,2578900
NIFTY13OCT2217200PE.NFO,12/10/2022,09:31:51,205.45,205.4,100,205.8,200,3500,2578900
NIFTY13OCT2217200PE.NFO,12/10/2022,09:31:51,205.75,205.5,50,205.75,50,100,2578900
NIFTY13OCT2217200PE.NFO,12/10/2022,09:31:52,205.3,205.25,100,205.65,200,250,2578900
NIFTY13OCT2217200PE.NFO,12/10/2022,09:31:53,204.7,204,700,204.4,150,1800,2578900
NIFTY13OCT2217200PE.NFO,12/10/2022,09:31:54,203.45,203.5,350,204,900,100,2578900
NIFTY13OCT2217200PE.NFO,12/10/2022,09:31:55,203.4,202.85,150,203.35,150,250,2578900
NIFTY13OCT2217200PE.NFO,12/10/2022,09:31:56,202.4,202.55,150,203.1,350,150,2578900
NIFTY13OCT2217200PE.NFO,12/10/2022,09:31:58,204.15,203.7,450,204.25,150,450,2578900
NIFTY13OCT2217200PE.NFO,12/10/2022,09:31:59,204.4,204.15,200,204.6,150,300,2578900
NIFTY13OCT2217200PE.NFO,12/10/2022,09:31:59,204.85,204.8,150,205.25,350,200,2578900
NIFTY13OCT2217200PE.NFO,12/10/2022,09:32:00,207,207.4,150,207.85,150,450,2578900
NIFTY13OCT2217200PE.NFO,12/10/2022,09:32:01,207.05,206.1,250,206.75,50,2050,2578900
NIFTY13OCT2217200PE.NFO,12/10/2022,09:32:02,206.35,206.45,150,206.85,100,300,2578900
NIFTY13OCT2217200PE.NFO,12/10/2022,09:32:04,204.4,204.6,150,205.15,150,1500,2578900
NIFTY13OCT2217200PE.NFO,12/10/2022,09:32:05,204.15,204.15,250,204.6,450,1800,2578900
NIFTY13OCT2217200PE.NFO,12/10/2022,09:32:06,202.25,202.75,150,203.2,200,5850,2578900
NIFTY13OCT2217200PE.NFO,12/10/2022,09:32:07,202.1,202.1,200,202.4,50,2050,2578900
NIFTY13OCT2217200PE.NFO,12/10/2022,09:32:08,202.85,202.6,550,203.2,200,1700,2578900
NIFTY13OCT2217200PE.NFO,12/10/2022,09:32:08,203.2,202.75,150,203.2,200,250,2578900
NIFTY13OCT2217200PE.NFO,12/10/2022,09:32:09,201.65,201.7,300,202.1,50,3000,2578900
NIFTY13OCT2217200PE.NFO,12/10/2022,09:32:10,202.3,201.4,150,201.85,300,2150,2578900
NIFTY13OCT2217200PE.NFO,12/10/2022,09:32:12,200.9,200.55,200,200.95,200,2200,2578900
NIFTY13OCT2217200PE.NFO,12/10/2022,09:32:13,200.95,200.55,300,201,50,1600,2578900
NIFTY13OCT2217200PE.NFO,12/10/2022,09:32:14,198.8,198.9,700,199.4,750,6250,2578900
NIFTY13OCT2217200PE.NFO,12/10/2022,09:32:15,199.25,198.6,200,198.9,50,1600,2578900
NIFTY13OCT2217200PE.NFO,12/10/2022,09:32:15,198.8,198.45,150,199,150,350,2578900
NIFTY13OCT2217200PE.NFO,12/10/2022,09:32:17,198.9,198,1350,198.25,50,2500,2578900
NIFTY13OCT2217200PE.NFO,12/10/2022,09:32:18,198.55,198.65,450,199.05,250,1300,2578900
NIFTY13OCT2217200PE.NFO,12/10/2022,09:32:19,198.45,198.45,200,198.8,50,550,2578900
NIFTY13OCT2217200PE.NFO,12/10/2022,09:32:20,198.35,198.35,100,198.75,50,450,2578900
NIFTY13OCT2217200PE.NFO,12/10/2022,09:32:21,200,200,50,200.4,200,500,2578900
NIFTY13OCT2217200PE.NFO,12/10/2022,09:32:22,200.95,200.9,200,201.2,50,550,2578900
NIFTY13OCT2217200PE.NFO,12/10/2022,09:32:23,202.4,202.15,350,202.55,100,2450,2578900
NIFTY13OCT2217200PE.NFO,12/10/2022,09:32:23,202.75,203,200,203.25,350,50,2578900
NIFTY13OCT2217200PE.NFO,12/10/2022,09:32:25,203.85,203.9,350,204.3,150,1200,2578900
NIFTY13OCT2217200PE.NFO,12/10/2022,09:32:25,203.85,204.3,250,204.7,100,0,2578900
NIFTY13OCT2217200PE.NFO,12/10/2022,09:32:26,203.75,203.8,200,204.3,150,2200,2578900
NIFTY13OCT2217200PE.NFO,12/10/2022,09:32:28,204.6,204.15,200,204.55,200,250,2578900
NIFTY13OCT2217200PE.NFO,12/10/2022,09:32:29,204.6,203.65,400,204.1,100,700,2578900
NIFTY13OCT2217200PE.NFO,12/10/2022,09:32:30,203.7,203.35,200,203.75,650,50,2578900
NIFTY13OCT2217200PE.NFO,12/10/2022,09:32:31,202.8,202.25,350,202.65,200,750,2578900
NIFTY13OCT2217200PE.NFO,12/10/2022,09:32:32,202.1,201.7,150,202.1,150,1850,2578900
NIFTY13OCT2217200PE.NFO,12/10/2022,09:32:33,202.1,201.85,200,202.2,150,250,2578900
NIFTY13OCT2217200PE.NFO,12/10/2022,09:32:34,200.45,200.4,200,200.65,200,1150,2578900
NIFTY13OCT2217200PE.NFO,12/10/2022,09:32:35,200.3,200,50,200.3,500,800,2578900
NIFTY13OCT2217200PE.NFO,12/10/2022,09:32:36,200.35,200.35,50,200.45,50,850,2585200
NIFTY13OCT2217200PE.NFO,12/10/2022,09:32:37,200,199.85,200,200.2,100,750,2585200
NIFTY13OCT2217200PE.NFO,12/10/2022,09:32:38,200.4,200.4,150,200.8,250,200,2585200
NIFTY13OCT2217200PE.NFO,12/10/2022,09:32:39,199.95,199.7,150,200.1,150,350,2585200
NIFTY13OCT2217200PE.NFO,12/10/2022,09:32:40,200.65,200.7,50,201.05,650,300,2585200
NIFTY13OCT2217200PE.NFO,12/10/2022,09:32:41,201,201,150,201.25,100,300,2585200
NIFTY13OCT2217200PE.NFO,12/10/2022,09:32:41,201.3,201.25,250,201.6,100,50,2585200
NIFTY13OCT2217200PE.NFO,12/10/2022,09:32:43,201.25,200.55,350,201,800,250,2585200
NIFTY13OCT2217200PE.NFO,12/10/2022,09:32:44,201.25,200.5,350,200.9,450,0,2585200
NIFTY13OCT2217200PE.NFO,12/10/2022,09:32:45,200.3,201,50,201.35,400,300,2585200
NIFTY13OCT2217200PE.NFO,12/10/2022,09:32:46,200.35,200.25,100,200.5,350,100,2585200
NIFTY13OCT2217200PE.NFO,12/10/2022,09:32:47,199,198.6,50,198.8,850,4750,2585200
NIFTY13OCT2217200PE.NFO,12/10/2022,09:32:48,199.05,198.95,50,199.2,150,800,2585200
NIFTY13OCT2217200PE.NFO,12/10/2022,09:32:49,199.45,199.4,50,199.65,150,200,2585200
NIFTY13OCT2217200PE.NFO,12/10/2022,09:32:50,198.8,198.6,250,199.05,550,1050,2585200
NIFTY13OCT2217200PE.NFO,12/10/2022,09:32:51,198.15,198.15,50,198.4,200,1150,2585200
NIFTY13OCT2217200PE.NFO,12/10/2022,09:32:52,197,197.25,150,197.55,50,2550,2585200
NIFTY13OCT2217200PE.NFO,12/10/2022,09:32:53,196.85,196.55,150,197.05,450,1850,2585200
NIFTY13OCT2217200PE.NFO,12/10/2022,09:32:54,196.45,196.6,150,196.95,100,600,2585200
NIFTY13OCT2217200PE.NFO,12/10/2022,09:32:55,196,195.85,500,196.1,200,1400,2585200
NIFTY13OCT2217200PE.NFO,12/10/2022,09:32:56,195.65,195.3,200,195.65,100,1550,2585200
NIFTY13OCT2217200PE.NFO,12/10/2022,09:32:57,195.6,195.45,150,195.8,200,1500,2585200
NIFTY13OCT2217200PE.NFO,12/10/2022,09:32:58,195.35,195,1900,195.25,150,2400,2585200
NIFTY13OCT2217200PE.NFO,12/10/2022,09:32:59,194.95,194.4,1500,194.85,150,3150,2585200
NIFTY13OCT2217200PE.NFO,12/10/2022,09:32:59,194.45,194.4,1500,194.85,150,0,2585200
NIFTY13OCT2217200PE.NFO,12/10/2022,09:33:00,195.55,195,1000,195.3,1200,4000,2585200
NIFTY13OCT2217200PE.NFO,12/10/2022,09:33:01,194.4,194.4,50,194.7,750,1550,2585200
NIFTY13OCT2217200PE.NFO,12/10/2022,09:33:01,194.4,194.4,50,194.7,750,0,2585200
NIFTY13OCT2217200PE.NFO,12/10/2022,09:33:02,194.85,194.45,150,194.75,150,4550,2585200
NIFTY13OCT2217200PE.NFO,12/10/2022,09:33:02,193.3,194.45,150,194.75,150,0,2585200
NIFTY13OCT2217200PE.NFO,12/10/2022,09:33:03,195,195,250,195.25,150,1850,2585200
NIFTY13OCT2217200PE.NFO,12/10/2022,09:33:04,195.95,195.8,250,196.2,150,1200,2585200
NIFTY13OCT2217200PE.NFO,12/10/2022,09:33:05,196.55,197.85,250,198.2,150,250,2585200
NIFTY13OCT2217200PE.NFO,12/10/2022,09:33:06,198.5,198.5,150,198.9,150,950,2585200
NIFTY13OCT2217200PE.NFO,12/10/2022,09:33:07,198.9,198.35,450,198.75,150,300,2585200
NIFTY13OCT2217200PE.NFO,12/10/2022,09:33:08,199.8,199.9,150,200.35,200,1250,2585200
NIFTY13OCT2217200PE.NFO,12/10/2022,09:33:09,200.4,200.6,250,200.95,350,150,2585200
NIFTY13OCT2217200PE.NFO,12/10/2022,09:33:10,200.9,200.65,300,201.1,200,550,2585200
NIFTY13OCT2217200PE.NFO,12/10/2022,09:33:11,199.85,199.2,800,199.75,350,1700,2585200
NIFTY13OCT2217200PE.NFO,12/10/2022,09:33:12,200.8,199.8,150,200.1,150,4150,2585200
NIFTY13OCT2217200PE.NFO,12/10/2022,09:33:13,201.3,201.5,150,201.9,100,550,2585200
NIFTY13OCT2217200PE.NFO,12/10/2022,09:33:14,202.25,201.7,200,202.1,150,200,2585200
NIFTY13OCT2217200PE.NFO,12/10/2022,09:33:15,201.9,201.5,150,201.8,50,350,2585200
NIFTY13OCT2217200PE.NFO,12/10/2022,09:33:16,202.35,201.55,750,202,150,500,2585200
NIFTY13OCT2217200PE.NFO,12/10/2022,09:33:18,202.1,202.5,450,202.9,150,1800,2585200
NIFTY13OCT2217200PE.NFO,12/10/2022,09:33:19,204.25,204.3,100,204.65,200,2100,2585200
NIFTY13OCT2217200PE.NFO,12/10/2022,09:33:20,204.85,204.9,350,205.4,200,6650,2585200
NIFTY13OCT2217200PE.NFO,12/10/2022,09:33:21,204.3,204.35,400,204.8,200,5800,2585200
NIFTY13OCT2217200PE.NFO,12/10/2022,09:33:22,205.55,205.2,200,205.55,100,1800,2585200
NIFTY13OCT2217200PE.NFO,12/10/2022,09:33:23,205.1,205.1,100,205.55,500,1150,2585200
NIFTY13OCT2217200PE.NFO,12/10/2022,09:33:24,204.2,204.2,100,204.6,300,5150,2585200
NIFTY13OCT2217200PE.NFO,12/10/2022,09:33:25,204,204.5,200,204.8,200,500,2585200
NIFTY13OCT2217200PE.NFO,12/10/2022,09:33:26,204.65,205.1,200,205.55,200,300,2585200
NIFTY13OCT2217200PE.NFO,12/10/2022,09:33:27,204.25,204.15,150,204.55,150,1350,2585200
NIFTY13OCT2217200PE.NFO,12/10/2022,09:33:28,205,204.15,200,204.65,300,5800,2585200
NIFTY13OCT2217200PE.NFO,12/10/2022,09:33:29,203,202.7,200,203,50,2500,2585200
NIFTY13OCT2217200PE.NFO,12/10/2022,09:33:30,202.3,202.25,150,202.55,250,1200,2585200
NIFTY13OCT2217200PE.NFO,12/10/2022,09:33:31,203.9,203.7,150,204.05,150,500,2585200
NIFTY13OCT2217200PE.NFO,12/10/2022,09:33:32,203.9,203.3,150,203.75,300,0,2585200
NIFTY13OCT2217200PE.NFO,12/10/2022,09:33:33,202.95,202.4,150,202.55,150,100,2585200
NIFTY13OCT2217200PE.NFO,12/10/2022,09:33:34,200.85,200.55,50,200.8,800,8050,2585200
NIFTY13OCT2217200PE.NFO,12/10/2022,09:33:35,200.65,200.05,1000,200.15,150,4600,2585200
NIFTY13OCT2217200PE.NFO,12/10/2022,09:33:36,196,196.05,50,196.55,350,4000,2585200
NIFTY13OCT2217200PE.NFO,12/10/2022,09:33:37,195.3,195.25,50,195.6,150,900,2585200
NIFTY13OCT2217200PE.NFO,12/10/2022,09:33:39,192.05,191.65,150,192.05,150,7900,2585200
NIFTY13OCT2217200PE.NFO,12/10/2022,09:33:39,191.4,191.65,150,192.05,150,0,2585200
NIFTY13OCT2217200PE.NFO,12/10/2022,09:33:40,192.05,192.15,50,192.25,50,6850,2585200
NIFTY13OCT2217200PE.NFO,12/10/2022,09:33:40,190.6,192.15,50,192.25,50,0,2585200
NIFTY13OCT2217200PE.NFO,12/10/2022,09:33:41,192.75,192.2,150,192.75,500,2450,2585200
NIFTY13OCT2217200PE.NFO,12/10/2022,09:33:42,192.5,191.7,350,192.25,200,16600,2585200
NIFTY13OCT2217200PE.NFO,12/10/2022,09:33:42,189.8,191.7,350,192.25,200,0,2585200
NIFTY13OCT2217200PE.NFO,12/10/2022,09:33:44,191.5,191.15,200,191.6,500,1900,2585200
NIFTY13OCT2217200PE.NFO,12/10/2022,09:33:45,190.95,191.3,150,191.55,350,2450,2585200
NIFTY13OCT2217200PE.NFO,12/10/2022,09:33:46,190,189.65,50,189.9,200,1300,2585200
NIFTY13OCT2217200PE.NFO,12/10/2022,09:33:47,190.8,190.9,50,191.3,100,1950,2585200
NIFTY13OCT2217200PE.NFO,12/10/2022,09:33:48,190.35,190,50,190.35,800,600,2585200
NIFTY13OCT2217200PE.NFO,12/10/2022,09:33:49,191.35,191.15,150,191.45,350,3600,2585200
NIFTY13OCT2217200PE.NFO,12/10/2022,09:33:50,191.55,191.5,400,191.8,350,3450,2585200
NIFTY13OCT2217200PE.NFO,12/10/2022,09:33:51,190.8,191,150,191.4,50,2000,2585200
NIFTY13OCT2217200PE.NFO,12/10/2022,09:33:52,189.65,189.75,200,190.4,1250,2850,2585200
NIFTY13OCT2217200PE.NFO,12/10/2022,09:33:52,189.65,189.75,200,190.4,1250,0,2585200
NIFTY13OCT2217200PE.NFO,12/10/2022,09:33:53,191.25,190.5,350,191.15,200,750,2585200
NIFTY13OCT2217200PE.NFO,12/10/2022,09:33:54,188.3,187.95,200,188.3,150,12650,2585200
NIFTY13OCT2217200PE.NFO,12/10/2022,09:33:54,187.85,187.95,200,188.3,150,0,2585200
NIFTY13OCT2217200PE.NFO,12/10/2022,09:33:55,188.15,187.9,50,188.1,350,3650,2585200
NIFTY13OCT2217200PE.NFO,12/10/2022,09:33:55,187.35,187.9,50,188.1,350,0,2585200
NIFTY13OCT2217200PE.NFO,12/10/2022,09:33:56,187.55,187.65,300,188.15,50,1000,2585200
NIFTY13OCT2217200PE.NFO,12/10/2022,09:33:57,187.25,187.25,50,187.75,50,4100,2585200
NIFTY13OCT2217200PE.NFO,12/10/2022,09:33:57,187.25,187.25,50,187.75,50,0,2585200
NIFTY13OCT2217200PE.NFO,12/10/2022,09:33:58,187.25,187.05,50,187.5,350,0,2585200
NIFTY13OCT2217200PE.NFO,12/10/2022,09:33:59,186.1,185.65,50,186.05,650,5600,2585200
NIFTY13OCT2217200PE.NFO,12/10/2022,09:33:59,185.25,185.65,50,186.05,650,0,2585200
NIFTY13OCT2217200PE.NFO,12/10/2022,09:34:00,185.7,186.3,50,186.65,350,2150,2585200
NIFTY13OCT2217200PE.NFO,12/10/2022,09:34:01,186.1,185.3,50,185.75,250,2000,2585200
NIFTY13OCT2217200PE.NFO,12/10/2022,09:34:02,186.05,185.45,350,185.9,150,3200,2585200
NIFTY13OCT2217200PE.NFO,12/10/2022,09:34:03,187.25,187.3,50,187.55,150,5450,2585200
NIFTY13OCT2217200PE.NFO,12/10/2022,09:34:03,185.2,187.3,50,187.55,150,0,2585200
NIFTY13OCT2217200PE.NFO,12/10/2022,09:34:04,187.45,187.2,50,187.5,300,200,2585200
NIFTY13OCT2217200PE.NFO,12/10/2022,09:34:05,187.8,188,150,188.3,150,3400,2585200
NIFTY13OCT2217200PE.NFO,12/10/2022,09:34:06,187.85,187.7,50,188.1,200,1700,2585200
NIFTY13OCT2217200PE.NFO,12/10/2022,09:34:07,188.3,187.75,150,188.15,150,2650,2585200
NIFTY13OCT2217200PE.NFO,12/10/2022,09:34:08,187.25,187.25,100,187.7,100,1300,2585200
NIFTY13OCT2217200PE.NFO,12/10/2022,09:34:09,188,187.8,150,188,50,2150,2585200
NIFTY13OCT2217200PE.NFO,12/10/2022,09:34:10,187.85,187.65,150,188.05,250,1350,2585200
NIFTY13OCT2217200PE.NFO,12/10/2022,09:34:11,188.9,188.5,100,188.85,150,2500,2585200
NIFTY13OCT2217200PE.NFO,12/10/2022,09:34:12,188.5,188.5,100,188.9,150,700,2585200
NIFTY13OCT2217200PE.NFO,12/10/2022,09:34:13,188.9,188.65,200,189.05,900,100,2585200
NIFTY13OCT2217200PE.NFO,12/10/2022,09:34:14,188.5,188.25,350,188.7,200,1650,2585200
NIFTY13OCT2217200PE.NFO,12/10/2022,09:34:15,188.8,188.3,200,188.7,150,2050,2585200
NIFTY13OCT2217200PE.NFO,12/10/2022,09:34:16,187.5,187.5,200,187.9,150,3150,2585200
NIFTY13OCT2217200PE.NFO,12/10/2022,09:34:17,188,187.4,350,187.9,350,2050,2585200
NIFTY13OCT2217200PE.NFO,12/10/2022,09:34:18,186.35,186.45,200,186.85,150,2300,2585200
NIFTY13OCT2217200PE.NFO,12/10/2022,09:34:19,185.45,185.7,350,186.1,200,4600,2585200
NIFTY13OCT2217200PE.NFO,12/10/2022,09:34:20,185.6,185.55,200,185.95,250,1950,2585200
NIFTY13OCT2217200PE.NFO,12/10/2022,09:34:20,185.05,185.55,200,185.95,250,0,2585200
NIFTY13OCT2217200PE.NFO,12/10/2022,09:34:21,184.35,184,100,184.3,50,8250,2585200
NIFTY13OCT2217200PE.NFO,12/10/2022,09:34:21,184.1,184,100,184.3,50,0,2585200
NIFTY13OCT2217200PE.NFO,12/10/2022,09:34:22,186.4,186.35,150,186.85,150,10650,2585200
NIFTY13OCT2217200PE.NFO,12/10/2022,09:34:22,183.25,186.35,150,186.85,150,0,2585200
NIFTY13OCT2217200PE.NFO,12/10/2022,09:34:23,186.3,186.25,350,186.8,150,3500,2585200
NIFTY13OCT2217200PE.NFO,12/10/2022,09:34:24,185.6,185.15,500,185.65,150,3400,2585200
NIFTY13OCT2217200PE.NFO,12/10/2022,09:34:25,186.8,186.15,150,186.75,150,2900,2585200
NIFTY13OCT2217200PE.NFO,12/10/2022,09:34:26,185.1,184.65,200,185,50,2050,2585200
NIFTY13OCT2217200PE.NFO,12/10/2022,09:34:27,185.1,184.6,200,185.2,700,200,2585200
NIFTY13OCT2217200PE.NFO,12/10/2022,09:34:28,185.8,185.25,350,185.7,350,1900,2585200
NIFTY13OCT2217200PE.NFO,12/10/2022,09:34:29,186.2,185.8,150,186.25,400,3200,2585200
NIFTY13OCT2217200PE.NFO,12/10/2022,09:34:30,186.65,186.3,250,186.75,200,3350,2585200
NIFTY13OCT2217200PE.NFO,12/10/2022,09:34:31,186.4,186.7,50,187,50,6150,2585200
NIFTY13OCT2217200PE.NFO,12/10/2022,09:34:32,188.2,188.35,200,188.8,200,2800,2585200
NIFTY13OCT2217200PE.NFO,12/10/2022,09:34:33,188.9,188.35,150,189,550,1600,2585200
NIFTY13OCT2217200PE.NFO,12/10/2022,09:34:34,188.05,187.75,200,188.1,100,650,2585200
NIFTY13OCT2217200PE.NFO,12/10/2022,09:34:35,188,187.05,250,187.55,50,700,2585200
NIFTY13OCT2217200PE.NFO,12/10/2022,09:34:36,187.65,187.65,100,188.05,250,4000,2585200
NIFTY13OCT2217200PE.NFO,12/10/2022,09:34:37,186.9,187.2,100,187.55,200,500,2585200
NIFTY13OCT2217200PE.NFO,12/10/2022,09:34:38,186.15,186.5,200,186.9,50,1800,2585200
NIFTY13OCT2217200PE.NFO,12/10/2022,09:34:39,186.7,186.45,100,186.75,50,500,2585200
NIFTY13OCT2217200PE.NFO,12/10/2022,09:34:40,188.6,188.45,150,188.9,250,7550,2585200
NIFTY13OCT2217200PE.NFO,12/10/2022,09:34:41,188.45,188.25,200,188.7,100,1500,2585200
NIFTY13OCT2217200PE.NFO,12/10/2022,09:34:42,187.95,187.95,150,188.3,200,4300,2585200
NIFTY13OCT2217200PE.NFO,12/10/2022,09:34:43,188.2,187.55,200,187.95,50,2300,2585200
NIFTY13OCT2217200PE.NFO,12/10/2022,09:34:44,188.65,188.15,350,188.6,300,1250,2585200
NIFTY13OCT2217200PE.NFO,12/10/2022,09:34:45,188.3,187.85,100,188.25,150,2250,2585200
NIFTY13OCT2217200PE.NFO,12/10/2022,09:34:46,188,187.85,150,188.2,50,2150,2585200
NIFTY13OCT2217200PE.NFO,12/10/2022,09:34:47,188.5,188.65,200,189.1,250,3300,2585200
NIFTY13OCT2217200PE.NFO,12/10/2022,09:34:48,188.2,188.05,900,188.55,300,1850,2585200
NIFTY13OCT2217200PE.NFO,12/10/2022,09:34:49,188.7,188.85,50,189.2,200,2650,2585200
NIFTY13OCT2217200PE.NFO,12/10/2022,09:34:50,190,189.9,200,190,2650,1300,2585200
NIFTY13OCT2217200PE.NFO,12/10/2022,09:34:51,190.35,189.95,150,190.4,900,5350,2585200
NIFTY13OCT2217200PE.NFO,12/10/2022,09:34:52,189.65,189.15,650,189.55,150,3300,2585200
NIFTY13OCT2217200PE.NFO,12/10/2022,09:34:53,189.1,188.7,100,189,150,2300,2585200
NIFTY13OCT2217200PE.NFO,12/10/2022,09:34:54,188,187.65,150,188,1400,3900,2585200
NIFTY13OCT2217200PE.NFO,12/10/2022,09:34:55,186.3,186.6,150,186.95,150,2350,2585200
NIFTY13OCT2217200PE.NFO,12/10/2022,09:34:56,188.5,188.7,150,189.15,300,2400,2585200
NIFTY13OCT2217200PE.NFO,12/10/2022,09:34:57,189.7,190.1,150,190.45,50,950,2585200
NIFTY13OCT2217200PE.NFO,12/10/2022,09:34:59,188.3,188,100,188.25,50,1850,2585200
NIFTY13OCT2217200PE.NFO,12/10/2022,09:34:59,188.7,188.35,150,188.75,150,1550,2585200
NIFTY13OCT2217200PE.NFO,12/10/2022,09:35:00,186.75,186.7,250,187.25,600,3250,2585200
NIFTY13OCT2217200PE.NFO,12/10/2022,09:35:01,187.55,187.15,250,187.6,200,1550,2585200
NIFTY13OCT2217200PE.NFO,12/10/2022,09:35:02,187.95,187.5,100,187.95,50,3150,2585200
NIFTY13OCT2217200PE.NFO,12/10/2022,09:35:04,188.45,188.45,150,188.65,1000,6750,2585200
NIFTY13OCT2217200PE.NFO,12/10/2022,09:35:04,188.45,187.8,150,188.1,100,2300,2585200
NIFTY13OCT2217200PE.NFO,12/10/2022,09:35:06,188.05,188.15,100,188.35,150,7500,2585200
NIFTY13OCT2217200PE.NFO,12/10/2022,09:35:07,187.7,187.45,200,187.7,250,1550,2585200
NIFTY13OCT2217200PE.NFO,12/10/2022,09:35:07,187.55,187.25,150,187.4,150,550,2585200
NIFTY13OCT2217200PE.NFO,12/10/2022,09:35:08,187.85,187.3,100,187.6,250,1850,2585200
NIFTY13OCT2217200PE.NFO,12/10/2022,09:35:09,187.75,187.8,150,188.2,150,5500,2585200
NIFTY13OCT2217200PE.NFO,12/10/2022,09:35:10,187.75,187.8,150,188.2,150,2500,2585200
NIFTY13OCT2217200PE.NFO,12/10/2022,09:35:11,187.15,187.2,150,187.55,150,4100,2585200
NIFTY13OCT2217200PE.NFO,12/10/2022,09:35:13,186.95,186.45,300,187,200,5250,2585200
NIFTY13OCT2217200PE.NFO,12/10/2022,09:35:13,186.6,186.4,150,186.9,250,750,2585200
NIFTY13OCT2217200PE.NFO,12/10/2022,09:35:14,186.1,186.2,150,186.65,150,1550,2585200
NIFTY13OCT2217200PE.NFO,12/10/2022,09:35:15,186.35,185.95,350,186.5,1850,2900,2585200
NIFTY13OCT2217200PE.NFO,12/10/2022,09:35:16,187.85,187.25,50,187.6,150,8850,2585200
NIFTY13OCT2217200PE.NFO,12/10/2022,09:35:17,187.8,187.25,200,187.65,350,1900,2585200
NIFTY13OCT2217200PE.NFO,12/10/2022,09:35:18,186,185.75,200,185.95,50,1400,2585200
NIFTY13OCT2217200PE.NFO,12/10/2022,09:35:19,186.4,186.7,200,187.05,150,250,2585200
NIFTY13OCT2217200PE.NFO,12/10/2022,09:35:20,187.9,187.95,350,188.35,300,3900,2585200
NIFTY13OCT2217200PE.NFO,12/10/2022,09:35:21,189.35,189.4,100,189.6,200,6850,2585200
NIFTY13OCT2217200PE.NFO,12/10/2022,09:35:23,187.25,187.25,50,187.55,50,1050,2585200
NIFTY13OCT2217200PE.NFO,12/10/2022,09:35:23,187.65,187.1,150,187.4,50,450,2585200
NIFTY13OCT2217200PE.NFO,12/10/2022,09:35:25,185.1,184.8,600,185.15,300,8200,2585200
NIFTY13OCT2217200PE.NFO,12/10/2022,09:35:26,183.9,184.1,150,184.5,150,1550,2585200
NIFTY13OCT2217200PE.NFO,12/10/2022,09:35:26,184.2,183.8,200,184,100,300,2585200
NIFTY13OCT2217200PE.NFO,12/10/2022,09:35:27,185.15,184.8,350,185.15,100,2050,2585200
NIFTY13OCT2217200PE.NFO,12/10/2022,09:35:28,185.75,185.05,50,185.4,50,2300,2585200
NIFTY13OCT2217200PE.NFO,12/10/2022,09:35:29,185.05,185,650,185.5,350,650,2585200
NIFTY13OCT2217200PE.NFO,12/10/2022,09:35:30,186,185.75,50,186,150,100,2585200
NIFTY13OCT2217200PE.NFO,12/10/2022,09:35:31,186.15,186,1250,186.4,100,400,2585200
NIFTY13OCT2217200PE.NFO,12/10/2022,09:35:33,186.85,186,750,186.5,600,450,2585200
NIFTY13OCT2217200PE.NFO,12/10/2022,09:35:33,186.85,186.15,150,186.55,150,0,2585200
NIFTY13OCT2217200PE.NFO,12/10/2022,09:35:34,185.35,185.3,350,185.8,100,600,2585200
NIFTY13OCT2217200PE.NFO,12/10/2022,09:35:35,185.8,185.65,400,186.15,100,150,2585200
NIFTY13OCT2217200PE.NFO,12/10/2022,09:35:36,186.65,186.8,1400,187.25,200,1500,2579850
NIFTY13OCT2217200PE.NFO,12/10/2022,09:35:37,186.75,186.25,400,186.85,150,1300,2579850
NIFTY13OCT2217200PE.NFO,12/10/2022,09:35:38,187,186.8,500,187.15,100,3700,2579850
NIFTY13OCT2217200PE.NFO,12/10/2022,09:35:39,187.1,186.9,150,187.4,150,200,2579850
NIFTY13OCT2217200PE.NFO,12/10/2022,09:35:40,185.3,185.4,300,185.85,150,850,2579850
NIFTY13OCT2217200PE.NFO,12/10/2022,09:35:41,185.75,185.8,600,186.25,200,250,2579850
NIFTY13OCT2217200PE.NFO,12/10/2022,09:35:42,185,184.75,300,185.15,50,1300,2579850
NIFTY13OCT2217200PE.NFO,12/10/2022,09:35:43,185.1,184.55,150,184.9,200,200,2579850
NIFTY13OCT2217200PE.NFO,12/10/2022,09:35:44,184.4,184.55,250,184.9,200,1850,2579850
NIFTY13OCT2217200PE.NFO,12/10/2022,09:35:46,185.75,185.75,300,186.15,150,3650,2579850
NIFTY13OCT2217200PE.NFO,12/10/2022,09:35:46,186.15,186.15,100,186.5,100,900,2579850
NIFTY13OCT2217200PE.NFO,12/10/2022,09:35:47,186.05,186.05,50,186.35,200,800,2579850
NIFTY13OCT2217200PE.NFO,12/10/2022,09:35:48,185.85,185.8,200,186.15,300,1950,2579850
NIFTY13OCT2217200PE.NFO,12/10/2022,09:35:49,186.45,186.15,150,186.45,50,700,2579850
NIFTY13OCT2217200PE.NFO,12/10/2022,09:35:50,184.45,184.5,50,184.9,150,2000,2579850
NIFTY13OCT2217200PE.NFO,12/10/2022,09:35:51,184.7,185.65,350,186.05,50,850,2579850
NIFTY13OCT2217200PE.NFO,12/10/2022,09:35:52,185.3,184.9,150,185.3,100,1300,2579850
NIFTY13OCT2217200PE.NFO,12/10/2022,09:35:53,185.6,185.6,550,186.05,300,1250,2579850
NIFTY13OCT2217200PE.NFO,12/10/2022,09:35:54,186.15,186,250,186.35,200,550,2579850
NIFTY13OCT2217200PE.NFO,12/10/2022,09:35:55,185.8,185.75,100,186.25,150,1900,2579850
