Ticker,Date,Time,LTP,BuyPrice,BuyQty,SellPrice,SellQty,LTQ,OpenInterest
NIFTY06OCT2217300PE.NFO,04/10/2022,09:15:00,197,192.1,100,244.85,150,300,232650
NIFTY06OCT2217300PE.NFO,04/10/2022,09:15:00,197,192.1,100,244.85,150,0,232650
NIFTY06OCT2217300PE.NFO,04/10/2022,09:15:00,197,192.1,100,244.85,150,0,232650
NIFTY06OCT2217300PE.NFO,04/10/2022,09:15:00,191.95,192.1,100,244.85,150,0,232650
NIFTY06OCT2217300PE.NFO,04/10/2022,09:15:01,201.35,203.6,50,210.9,100,3050,232650
NIFTY06OCT2217300PE.NFO,04/10/2022,09:15:01,216.45,203.6,50,210.9,100,0,232650
NIFTY06OCT2217300PE.NFO,04/10/2022,09:15:03,228.3,212.55,200,219,800,3050,232650
NIFTY06OCT2217300PE.NFO,04/10/2022,09:15:03,231.25,212.55,200,219,800,0,232650
NIFTY06OCT2217300PE.NFO,04/10/2022,09:15:04,211.35,207.45,200,211.85,150,1750,232650
NIFTY06OCT2217300PE.NFO,04/10/2022,09:15:06,216.15,214.95,50,218.5,250,2950,232650
NIFTY06OCT2217300PE.NFO,04/10/2022,09:15:08,215.25,212.05,100,218.35,200,5700,232650
NIFTY06OCT2217300PE.NFO,04/10/2022,09:15:09,206,206.55,100,209.55,200,6200,232650
NIFTY06OCT2217300PE.NFO,04/10/2022,09:15:11,205.7,205.8,50,207.95,200,4850,232650
NIFTY06OCT2217300PE.NFO,04/10/2022,09:15:13,204.85,205.45,50,206.95,200,5500,232650
NIFTY06OCT2217300PE.NFO,04/10/2022,09:15:14,206,206,100,206.9,950,3850,232650
NIFTY06OCT2217300PE.NFO,04/10/2022,09:15:16,207.15,207.3,200,208.25,1200,4450,232650
NIFTY06OCT2217300PE.NFO,04/10/2022,09:15:17,204.6,203.8,200,204.65,950,4750,232650
NIFTY06OCT2217300PE.NFO,04/10/2022,09:15:19,206.15,205.25,50,206.3,200,5450,232650
NIFTY06OCT2217300PE.NFO,04/10/2022,09:15:20,202.7,202.65,50,203.85,200,4150,232650
NIFTY06OCT2217300PE.NFO,04/10/2022,09:15:22,206,204.8,50,205.75,200,12550,232650
NIFTY06OCT2217300PE.NFO,04/10/2022,09:15:24,205.25,204.45,50,205.25,200,6200,232650
NIFTY06OCT2217300PE.NFO,04/10/2022,09:15:25,204.55,204.15,50,204.5,50,4300,232650
NIFTY06OCT2217300PE.NFO,04/10/2022,09:15:27,206.9,205.8,200,206.95,200,5800,232650
NIFTY06OCT2217300PE.NFO,04/10/2022,09:15:28,205.3,207.35,100,207.8,950,2100,232650
NIFTY06OCT2217300PE.NFO,04/10/2022,09:15:30,209.05,207.9,150,208.95,200,1600,232650
NIFTY06OCT2217300PE.NFO,04/10/2022,09:15:31,206.95,206.45,100,207.6,700,1000,232650
NIFTY06OCT2217300PE.NFO,04/10/2022,09:15:33,208,208.05,200,208.85,200,2800,232650
NIFTY06OCT2217300PE.NFO,04/10/2022,09:15:34,207.9,207.05,100,208.25,200,450,232650
NIFTY06OCT2217300PE.NFO,04/10/2022,09:15:36,207.2,207.2,100,207.95,50,950,232650
NIFTY06OCT2217300PE.NFO,04/10/2022,09:15:37,207.35,206.55,50,207.3,50,2000,232650
NIFTY06OCT2217300PE.NFO,04/10/2022,09:15:39,205.4,205.3,250,205.95,100,2200,232650
NIFTY06OCT2217300PE.NFO,04/10/2022,09:15:41,204.2,204.1,250,204.8,50,1750,232650
NIFTY06OCT2217300PE.NFO,04/10/2022,09:15:42,204.7,204.05,200,204.8,200,1900,232650
NIFTY06OCT2217300PE.NFO,04/10/2022,09:15:43,203.55,203.55,50,204.2,500,600,232650
NIFTY06OCT2217300PE.NFO,04/10/2022,09:15:45,203.8,203.95,150,204.75,50,2600,232650
NIFTY06OCT2217300PE.NFO,04/10/2022,09:15:47,204.25,203.4,100,203.8,50,2700,232650
NIFTY06OCT2217300PE.NFO,04/10/2022,09:15:48,204.45,203.7,250,204.6,200,2850,232650
NIFTY06OCT2217300PE.NFO,04/10/2022,09:15:50,203.8,203.35,200,204.15,150,650,232650
NIFTY06OCT2217300PE.NFO,04/10/2022,09:15:51,203.8,203.15,200,204,600,800,232650
NIFTY06OCT2217300PE.NFO,04/10/2022,09:15:53,203.5,203.1,200,203.8,200,250,232650
NIFTY06OCT2217300PE.NFO,04/10/2022,09:15:55,203.15,203.15,50,203.65,50,3150,232650
NIFTY06OCT2217300PE.NFO,04/10/2022,09:15:56,203.7,203,550,203.3,200,600,232650
NIFTY06OCT2217300PE.NFO,04/10/2022,09:15:58,202.7,202.65,250,203.2,200,900,232650
NIFTY06OCT2217300PE.NFO,04/10/2022,09:15:59,202.25,202.55,50,203.1,250,900,232650
NIFTY06OCT2217300PE.NFO,04/10/2022,09:16:01,201.4,201,200,201.5,150,600,232650
NIFTY06OCT2217300PE.NFO,04/10/2022,09:16:02,200.5,200.55,50,201.05,50,2600,232650
NIFTY06OCT2217300PE.NFO,04/10/2022,09:16:04,200,199.45,100,199.95,50,3950,232650
NIFTY06OCT2217300PE.NFO,04/10/2022,09:16:05,199.15,198.85,50,199.3,50,1500,232650
NIFTY06OCT2217300PE.NFO,04/10/2022,09:16:07,198.5,197.9,250,198.45,50,1350,232650
NIFTY06OCT2217300PE.NFO,04/10/2022,09:16:08,198.45,198.05,100,198.35,50,1400,232650
NIFTY06OCT2217300PE.NFO,04/10/2022,09:16:10,198.35,198.2,200,198.7,50,1850,232650
NIFTY06OCT2217300PE.NFO,04/10/2022,09:16:12,197.3,197.2,200,197.7,50,1050,232650
NIFTY06OCT2217300PE.NFO,04/10/2022,09:16:13,197.65,197.15,50,197.55,50,2150,232650
NIFTY06OCT2217300PE.NFO,04/10/2022,09:16:15,197.6,197.1,50,197.6,50,3000,232650
NIFTY06OCT2217300PE.NFO,04/10/2022,09:16:16,196.7,196.55,50,197.1,50,700,232650
NIFTY06OCT2217300PE.NFO,04/10/2022,09:16:18,195.9,196.1,200,196.6,50,1100,232650
NIFTY06OCT2217300PE.NFO,04/10/2022,09:16:19,195.75,195.5,50,195.95,50,50,232650
NIFTY06OCT2217300PE.NFO,04/10/2022,09:16:20,196.05,195.35,50,195.85,200,300,232650
NIFTY06OCT2217300PE.NFO,04/10/2022,09:16:22,195.25,193.9,50,194.4,200,300,232650
NIFTY06OCT2217300PE.NFO,04/10/2022,09:16:23,193.5,193.5,50,193.95,50,450,232650
NIFTY06OCT2217300PE.NFO,04/10/2022,09:16:25,192.5,192.45,50,193,100,3600,232650
NIFTY06OCT2217300PE.NFO,04/10/2022,09:16:26,192,191.85,100,192.2,200,1000,232650
NIFTY06OCT2217300PE.NFO,04/10/2022,09:16:28,191.25,191,50,191.45,50,500,232650
NIFTY06OCT2217300PE.NFO,04/10/2022,09:16:28,191.25,191,50,191.45,50,0,232650
NIFTY06OCT2217300PE.NFO,04/10/2022,09:16:30,190.35,190.45,350,190.7,200,2600,232650
NIFTY06OCT2217300PE.NFO,04/10/2022,09:16:30,190.1,190.45,350,190.7,200,0,232650
NIFTY06OCT2217300PE.NFO,04/10/2022,09:16:31,191.2,190.65,50,191.1,200,1150,232650
NIFTY06OCT2217300PE.NFO,04/10/2022,09:16:33,190.8,191.5,150,191.7,300,1600,232650
NIFTY06OCT2217300PE.NFO,04/10/2022,09:16:34,190.2,190.2,150,190.7,200,2750,232650
NIFTY06OCT2217300PE.NFO,04/10/2022,09:16:34,190.05,190.2,150,190.7,200,0,232650
NIFTY06OCT2217300PE.NFO,04/10/2022,09:16:36,192,191.7,50,192.1,50,1000,232650
NIFTY06OCT2217300PE.NFO,04/10/2022,09:16:38,192.05,192.3,50,192.4,200,1800,232650
NIFTY06OCT2217300PE.NFO,04/10/2022,09:16:39,192.2,191.75,150,192.25,50,1500,232650
NIFTY06OCT2217300PE.NFO,04/10/2022,09:16:41,192.15,192.3,150,192.55,50,1750,232650
NIFTY06OCT2217300PE.NFO,04/10/2022,09:16:42,192.95,192.25,100,192.7,50,1050,232650
NIFTY06OCT2217300PE.NFO,04/10/2022,09:16:44,192.25,191.75,50,192.1,200,1850,232650
NIFTY06OCT2217300PE.NFO,04/10/2022,09:16:46,192.25,191.65,150,192,100,350,232650
NIFTY06OCT2217300PE.NFO,04/10/2022,09:16:47,191.75,191.35,150,191.55,200,350,232650
NIFTY06OCT2217300PE.NFO,04/10/2022,09:16:49,190.5,190.5,450,190.75,150,2450,232650
NIFTY06OCT2217300PE.NFO,04/10/2022,09:16:50,190.6,190.1,150,190.5,1150,650,232650
NIFTY06OCT2217300PE.NFO,04/10/2022,09:16:52,189.7,189.8,100,190.2,450,4100,232650
NIFTY06OCT2217300PE.NFO,04/10/2022,09:16:52,189.7,189.8,100,190.2,450,0,232650
NIFTY06OCT2217300PE.NFO,04/10/2022,09:16:53,188.95,188.45,100,188.85,50,1900,232650
NIFTY06OCT2217300PE.NFO,04/10/2022,09:16:53,188.25,188.45,100,188.85,50,0,232650
NIFTY06OCT2217300PE.NFO,04/10/2022,09:16:55,188.85,188.05,100,188.3,200,1700,232650
NIFTY06OCT2217300PE.NFO,04/10/2022,09:16:55,188.1,188.05,100,188.3,200,0,232650
NIFTY06OCT2217300PE.NFO,04/10/2022,09:16:56,187.7,187.4,100,187.95,100,4400,232650
NIFTY06OCT2217300PE.NFO,04/10/2022,09:16:56,187,187.4,100,187.95,100,0,232650
NIFTY06OCT2217300PE.NFO,04/10/2022,09:16:58,187.85,187.6,150,188,250,350,232650
NIFTY06OCT2217300PE.NFO,04/10/2022,09:17:00,187,186.95,100,187.4,200,2200,232650
NIFTY06OCT2217300PE.NFO,04/10/2022,09:17:01,188.05,187.65,150,188,950,3300,232650
NIFTY06OCT2217300PE.NFO,04/10/2022,09:17:01,186.45,187.65,150,188,950,0,232650
NIFTY06OCT2217300PE.NFO,04/10/2022,09:17:03,186.7,186.65,200,186.95,100,500,232650
NIFTY06OCT2217300PE.NFO,04/10/2022,09:17:03,186.4,186.65,200,186.95,100,0,232650
NIFTY06OCT2217300PE.NFO,04/10/2022,09:17:04,185.7,185.2,100,185.65,100,2450,232650
NIFTY06OCT2217300PE.NFO,04/10/2022,09:17:04,185.6,185.2,100,185.65,100,0,232650
NIFTY06OCT2217300PE.NFO,04/10/2022,09:17:06,184.3,184.25,200,184.75,150,3100,232650
NIFTY06OCT2217300PE.NFO,04/10/2022,09:17:06,184.2,184.25,200,184.75,150,0,232650
NIFTY06OCT2217300PE.NFO,04/10/2022,09:17:08,184.6,184.5,100,184.8,200,250,232650
NIFTY06OCT2217300PE.NFO,04/10/2022,09:17:09,184,183.65,150,184.1,200,4250,232650
NIFTY06OCT2217300PE.NFO,04/10/2022,09:17:09,183.05,183.65,150,184.1,200,0,232650
NIFTY06OCT2217300PE.NFO,04/10/2022,09:17:11,183.3,183.15,50,183.45,500,1050,232650
NIFTY06OCT2217300PE.NFO,04/10/2022,09:17:11,182.7,183.15,50,183.45,500,0,232650
NIFTY06OCT2217300PE.NFO,04/10/2022,09:17:12,183,182.5,100,182.85,350,2550,232650
NIFTY06OCT2217300PE.NFO,04/10/2022,09:17:12,182.65,182.5,100,182.85,350,0,232650
NIFTY06OCT2217300PE.NFO,04/10/2022,09:17:14,182.75,182.45,200,182.95,150,2850,232650
NIFTY06OCT2217300PE.NFO,04/10/2022,09:17:14,182.15,182.45,200,182.95,150,0,232650
NIFTY06OCT2217300PE.NFO,04/10/2022,09:17:15,182.1,181.8,250,182.1,500,3700,232650
NIFTY06OCT2217300PE.NFO,04/10/2022,09:17:15,181.95,181.8,250,182.1,500,0,232650
NIFTY06OCT2217300PE.NFO,04/10/2022,09:17:17,180.6,180.25,150,180.45,50,4900,232650
NIFTY06OCT2217300PE.NFO,04/10/2022,09:17:17,180.35,180.25,150,180.45,50,0,232650
NIFTY06OCT2217300PE.NFO,04/10/2022,09:17:19,181.05,180.85,350,181.15,50,1950,232650
NIFTY06OCT2217300PE.NFO,04/10/2022,09:17:19,180.25,180.85,350,181.15,50,0,232650
NIFTY06OCT2217300PE.NFO,04/10/2022,09:17:20,180.6,180.5,500,180.95,150,2700,232650
NIFTY06OCT2217300PE.NFO,04/10/2022,09:17:20,180.15,180.5,500,180.95,150,0,232650
NIFTY06OCT2217300PE.NFO,04/10/2022,09:17:22,180.9,180.65,350,180.95,50,3800,232650
NIFTY06OCT2217300PE.NFO,04/10/2022,09:17:23,180.75,180.45,200,180.8,250,2150,232650
NIFTY06OCT2217300PE.NFO,04/10/2022,09:17:25,180.35,180.15,350,180.5,200,3100,232650
NIFTY06OCT2217300PE.NFO,04/10/2022,09:17:25,180.05,180.15,350,180.5,200,0,232650
NIFTY06OCT2217300PE.NFO,04/10/2022,09:17:27,179.35,178.8,150,179.3,550,8900,232650
NIFTY06OCT2217300PE.NFO,04/10/2022,09:17:27,178.45,178.8,150,179.3,550,0,232650
NIFTY06OCT2217300PE.NFO,04/10/2022,09:17:28,179.6,179.35,50,179.8,200,4650,232650
NIFTY06OCT2217300PE.NFO,04/10/2022,09:17:30,179.1,178.45,150,178.75,100,1500,232650
NIFTY06OCT2217300PE.NFO,04/10/2022,09:17:30,178.35,178.45,150,178.75,100,0,232650
NIFTY06OCT2217300PE.NFO,04/10/2022,09:17:32,178.65,178.35,250,178.7,50,2550,319250
NIFTY06OCT2217300PE.NFO,04/10/2022,09:17:33,177.95,177.5,450,177.9,200,3500,319250
NIFTY06OCT2217300PE.NFO,04/10/2022,09:17:33,177.55,177.5,450,177.9,200,0,319250
NIFTY06OCT2217300PE.NFO,04/10/2022,09:17:35,177.8,177.55,250,177.9,200,4300,319250
NIFTY06OCT2217300PE.NFO,04/10/2022,09:17:37,178.2,177.8,850,178.3,50,3700,319250
NIFTY06OCT2217300PE.NFO,04/10/2022,09:17:38,177.25,177.4,200,177.75,200,4050,319250
NIFTY06OCT2217300PE.NFO,04/10/2022,09:17:38,177.25,177.4,200,177.75,200,0,319250
NIFTY06OCT2217300PE.NFO,04/10/2022,09:17:40,177.35,177.2,450,177.6,350,7300,319250
NIFTY06OCT2217300PE.NFO,04/10/2022,09:17:41,178,178,400,178.25,150,6550,319250
NIFTY06OCT2217300PE.NFO,04/10/2022,09:17:43,178.1,178,450,178.15,150,3750,319250
NIFTY06OCT2217300PE.NFO,04/10/2022,09:17:44,178.55,178.25,200,178.6,250,5600,319250
NIFTY06OCT2217300PE.NFO,04/10/2022,09:17:46,182.45,182.15,650,182.45,50,24750,319250
NIFTY06OCT2217300PE.NFO,04/10/2022,09:17:47,180.8,180.55,400,180.95,100,5150,319250
NIFTY06OCT2217300PE.NFO,04/10/2022,09:17:48,180.3,179.85,250,180.25,50,2900,319250
NIFTY06OCT2217300PE.NFO,04/10/2022,09:17:50,179.6,179.35,50,179.7,100,1250,319250
NIFTY06OCT2217300PE.NFO,04/10/2022,09:17:52,181.05,180.7,100,181.05,50,1900,319250
NIFTY06OCT2217300PE.NFO,04/10/2022,09:17:53,181.5,181.4,350,181.65,200,2300,319250
NIFTY06OCT2217300PE.NFO,04/10/2022,09:17:55,181.85,181.75,250,182.05,150,1800,319250
NIFTY06OCT2217300PE.NFO,04/10/2022,09:17:57,181.35,181.35,400,181.8,150,1700,319250
NIFTY06OCT2217300PE.NFO,04/10/2022,09:17:58,181.9,182,100,182.25,200,8200,319250
NIFTY06OCT2217300PE.NFO,04/10/2022,09:17:59,182.6,182.3,250,182.7,550,3950,319250
NIFTY06OCT2217300PE.NFO,04/10/2022,09:18:01,181.2,181.25,250,181.65,50,2900,319250
NIFTY06OCT2217300PE.NFO,04/10/2022,09:18:03,180.35,180.25,100,180.75,150,2600,319250
NIFTY06OCT2217300PE.NFO,04/10/2022,09:18:04,180.8,180.2,100,180.6,450,800,319250
NIFTY06OCT2217300PE.NFO,04/10/2022,09:18:06,180,179.75,100,180.05,150,6100,319250
NIFTY06OCT2217300PE.NFO,04/10/2022,09:18:08,179.7,179.6,250,180.1,350,2350,319250
NIFTY06OCT2217300PE.NFO,04/10/2022,09:18:09,180.05,180.2,100,180.45,200,7400,319250
NIFTY06OCT2217300PE.NFO,04/10/2022,09:18:10,181.05,180.55,400,180.95,200,1000,319250
NIFTY06OCT2217300PE.NFO,04/10/2022,09:18:12,180,179.95,200,180.25,550,2600,319250
NIFTY06OCT2217300PE.NFO,04/10/2022,09:18:14,179.5,179.7,200,179.95,150,3750,319250
NIFTY06OCT2217300PE.NFO,04/10/2022,09:18:15,180.05,179.7,100,180.05,50,3350,319250
NIFTY06OCT2217300PE.NFO,04/10/2022,09:18:17,180.45,180.05,200,180.45,50,2050,319250
NIFTY06OCT2217300PE.NFO,04/10/2022,09:18:18,181.1,180.6,100,180.95,100,250,319250
NIFTY06OCT2217300PE.NFO,04/10/2022,09:18:20,184.65,184.7,50,184.85,250,4800,319250
NIFTY06OCT2217300PE.NFO,04/10/2022,09:18:22,183.1,182.4,200,182.9,200,500,319250
NIFTY06OCT2217300PE.NFO,04/10/2022,09:18:23,186.4,186.2,200,186.75,150,6550,319250
NIFTY06OCT2217300PE.NFO,04/10/2022,09:18:25,185.5,185.35,50,185.6,100,3400,319250
NIFTY06OCT2217300PE.NFO,04/10/2022,09:18:27,186,185.85,100,186.25,200,2000,319250
NIFTY06OCT2217300PE.NFO,04/10/2022,09:18:28,185.6,185.1,200,185.5,100,1450,319250
NIFTY06OCT2217300PE.NFO,04/10/2022,09:18:30,185.75,185,400,185.35,50,2000,319250
NIFTY06OCT2217300PE.NFO,04/10/2022,09:18:32,185.4,185.4,50,185.75,100,2900,319250
NIFTY06OCT2217300PE.NFO,04/10/2022,09:18:33,185.65,185.65,100,185.85,1000,800,319250
NIFTY06OCT2217300PE.NFO,04/10/2022,09:18:35,185.2,184.85,100,185.35,200,5500,319250
NIFTY06OCT2217300PE.NFO,04/10/2022,09:18:37,184.75,184.1,100,184.6,50,2450,319250
NIFTY06OCT2217300PE.NFO,04/10/2022,09:18:38,183.2,183.05,100,183.35,50,1550,319250
NIFTY06OCT2217300PE.NFO,04/10/2022,09:18:40,182.4,182.05,50,182.5,50,950,319250
NIFTY06OCT2217300PE.NFO,04/10/2022,09:18:41,180.95,180.8,400,181.15,100,1050,319250
NIFTY06OCT2217300PE.NFO,04/10/2022,09:18:43,180.95,181,450,181.3,100,3800,319250
NIFTY06OCT2217300PE.NFO,04/10/2022,09:18:45,182.1,182.25,100,182.65,200,1350,319250
NIFTY06OCT2217300PE.NFO,04/10/2022,09:18:46,182.15,180.6,200,181.05,100,250,319250
NIFTY06OCT2217300PE.NFO,04/10/2022,09:18:48,181.3,181.3,150,181.65,50,4050,319250
NIFTY06OCT2217300PE.NFO,04/10/2022,09:18:50,181.05,181.1,800,181.45,150,6500,319250
NIFTY06OCT2217300PE.NFO,04/10/2022,09:18:51,180.35,180.05,150,180.35,50,750,319250
NIFTY06OCT2217300PE.NFO,04/10/2022,09:18:53,179.5,179.3,150,179.55,100,4400,319250
NIFTY06OCT2217300PE.NFO,04/10/2022,09:18:55,178.95,178.55,200,178.95,50,1700,319250
NIFTY06OCT2217300PE.NFO,04/10/2022,09:18:56,178.8,178.5,100,178.8,50,1500,319250
NIFTY06OCT2217300PE.NFO,04/10/2022,09:18:58,178.15,178.1,400,178.5,100,1100,319250
NIFTY06OCT2217300PE.NFO,04/10/2022,09:18:59,177.85,177.8,100,178,100,2100,319250
NIFTY06OCT2217300PE.NFO,04/10/2022,09:19:01,176.9,176.6,200,176.95,100,2600,319250
NIFTY06OCT2217300PE.NFO,04/10/2022,09:19:01,176.9,176.6,200,176.95,100,0,319250
NIFTY06OCT2217300PE.NFO,04/10/2022,09:19:02,177.15,176.75,600,177.15,50,2950,319250
NIFTY06OCT2217300PE.NFO,04/10/2022,09:19:04,176.4,176.55,300,177.05,50,1950,319250
NIFTY06OCT2217300PE.NFO,04/10/2022,09:19:04,176.4,176.55,300,177.05,50,0,319250
NIFTY06OCT2217300PE.NFO,04/10/2022,09:19:06,176.4,176.4,150,176.8,50,1200,319250
NIFTY06OCT2217300PE.NFO,04/10/2022,09:19:07,177.55,177.05,50,177.5,200,600,319250
NIFTY06OCT2217300PE.NFO,04/10/2022,09:19:07,176.1,177.05,50,177.5,200,0,319250
NIFTY06OCT2217300PE.NFO,04/10/2022,09:19:09,176.1,177.15,100,177.55,100,2050,319250
NIFTY06OCT2217300PE.NFO,04/10/2022,09:19:09,175.65,177.15,100,177.55,100,0,319250
NIFTY06OCT2217300PE.NFO,04/10/2022,09:19:10,177.3,176.65,100,177,50,650,319250
NIFTY06OCT2217300PE.NFO,04/10/2022,09:19:12,176,176,1600,176.4,100,1950,319250
NIFTY06OCT2217300PE.NFO,04/10/2022,09:19:13,175.75,175.15,300,175.55,200,1850,319250
NIFTY06OCT2217300PE.NFO,04/10/2022,09:19:15,174.6,174.45,50,174.6,50,4200,319250
NIFTY06OCT2217300PE.NFO,04/10/2022,09:19:15,174.45,174.45,50,174.6,50,0,319250
NIFTY06OCT2217300PE.NFO,04/10/2022,09:19:16,174.1,173.85,300,174.3,100,2000,319250
NIFTY06OCT2217300PE.NFO,04/10/2022,09:19:16,174.1,173.85,300,174.3,100,0,319250
NIFTY06OCT2217300PE.NFO,04/10/2022,09:19:18,175,175.05,100,175.45,150,3050,319250
NIFTY06OCT2217300PE.NFO,04/10/2022,09:19:18,173.65,175.05,100,175.45,150,0,319250
NIFTY06OCT2217300PE.NFO,04/10/2022,09:19:20,175.15,174.6,400,175,100,1200,319250
NIFTY06OCT2217300PE.NFO,04/10/2022,09:19:21,174.45,174,500,174.4,100,200,319250
NIFTY06OCT2217300PE.NFO,04/10/2022,09:19:23,174.9,174.35,100,174.7,50,1450,319250
NIFTY06OCT2217300PE.NFO,04/10/2022,09:19:25,175.2,174.65,250,175.1,100,4400,319250
NIFTY06OCT2217300PE.NFO,04/10/2022,09:19:26,174.85,174.5,100,174.8,50,550,319250
NIFTY06OCT2217300PE.NFO,04/10/2022,09:19:28,175,174.6,200,175,100,2300,319250
NIFTY06OCT2217300PE.NFO,04/10/2022,09:19:29,176,175.75,100,176.2,50,1200,319250
NIFTY06OCT2217300PE.NFO,04/10/2022,09:19:31,176.2,176,1250,176.45,250,700,319250
NIFTY06OCT2217300PE.NFO,04/10/2022,09:19:33,176.65,176.6,100,176.95,150,2400,319250
NIFTY06OCT2217300PE.NFO,04/10/2022,09:19:34,177.4,176.9,650,177.35,100,600,319250
NIFTY06OCT2217300PE.NFO,04/10/2022,09:19:36,177.25,176.95,100,177.35,200,1400,319250
NIFTY06OCT2217300PE.NFO,04/10/2022,09:19:37,178.8,178.35,100,178.7,100,2450,319250
NIFTY06OCT2217300PE.NFO,04/10/2022,09:19:39,179.7,179.1,100,179.45,100,1950,319250
NIFTY06OCT2217300PE.NFO,04/10/2022,09:19:41,178.75,178.45,100,178.8,100,1350,319250
NIFTY06OCT2217300PE.NFO,04/10/2022,09:19:42,178.75,178.25,150,178.7,200,2050,319250
NIFTY06OCT2217300PE.NFO,04/10/2022,09:19:44,181.85,180.4,200,180.95,300,5500,319250
NIFTY06OCT2217300PE.NFO,04/10/2022,09:19:46,178.75,178.5,200,179,600,1550,319250
NIFTY06OCT2217300PE.NFO,04/10/2022,09:19:47,178.6,178.2,100,178.6,150,4100,319250
NIFTY06OCT2217300PE.NFO,04/10/2022,09:19:49,178.75,178.85,100,179.2,100,1150,319250
NIFTY06OCT2217300PE.NFO,04/10/2022,09:19:50,179.3,178.7,100,179.1,50,300,319250
NIFTY06OCT2217300PE.NFO,04/10/2022,09:19:52,177.9,177.75,600,178.2,100,1600,319250
NIFTY06OCT2217300PE.NFO,04/10/2022,09:19:54,178.05,177.4,550,177.95,50,800,319250
NIFTY06OCT2217300PE.NFO,04/10/2022,09:19:55,178.45,178.65,100,179.05,100,700,319250
NIFTY06OCT2217300PE.NFO,04/10/2022,09:19:56,179.05,178.7,100,179.05,250,2200,319250
NIFTY06OCT2217300PE.NFO,04/10/2022,09:19:58,179.55,178.2,800,178.55,250,500,319250
NIFTY06OCT2217300PE.NFO,04/10/2022,09:19:59,178.15,177.8,100,178.05,50,400,319250
NIFTY06OCT2217300PE.NFO,04/10/2022,09:20:01,175.2,174.9,200,175.15,50,5900,319250
NIFTY06OCT2217300PE.NFO,04/10/2022,09:20:02,172.15,172,1350,172.6,150,7150,319250
NIFTY06OCT2217300PE.NFO,04/10/2022,09:20:02,172.15,172,1350,172.6,150,0,319250
NIFTY06OCT2217300PE.NFO,04/10/2022,09:20:04,171.4,171.4,150,171.75,150,3350,319250
NIFTY06OCT2217300PE.NFO,04/10/2022,09:20:04,171.4,171.4,150,171.75,150,0,319250
NIFTY06OCT2217300PE.NFO,04/10/2022,09:20:05,171.95,171.55,100,171.75,50,2150,319250
NIFTY06OCT2217300PE.NFO,04/10/2022,09:20:07,170.6,170.5,250,171.05,850,4800,319250
NIFTY06OCT2217300PE.NFO,04/10/2022,09:20:07,170.35,170.5,250,171.05,850,0,319250
NIFTY06OCT2217300PE.NFO,04/10/2022,09:20:08,170,170,4050,170.15,150,3350,319250
NIFTY06OCT2217300PE.NFO,04/10/2022,09:20:08,170,170,4050,170.15,150,0,319250
NIFTY06OCT2217300PE.NFO,04/10/2022,09:20:10,167.55,167.6,550,168.1,50,13500,319250
NIFTY06OCT2217300PE.NFO,04/10/2022,09:20:10,167.55,167.6,550,168.1,50,0,319250
NIFTY06OCT2217300PE.NFO,04/10/2022,09:20:11,168,168.05,100,168.5,150,1600,319250
NIFTY06OCT2217300PE.NFO,04/10/2022,09:20:12,166.75,166.3,450,166.75,50,1950,319250
NIFTY06OCT2217300PE.NFO,04/10/2022,09:20:12,166.45,166.3,450,166.75,50,0,319250
NIFTY06OCT2217300PE.NFO,04/10/2022,09:20:14,166.1,166,700,166.5,50,3550,319250
NIFTY06OCT2217300PE.NFO,04/10/2022,09:20:14,166.1,166,700,166.5,50,0,319250
NIFTY06OCT2217300PE.NFO,04/10/2022,09:20:15,166.2,166.25,150,166.6,200,2750,319250
NIFTY06OCT2217300PE.NFO,04/10/2022,09:20:16,169.4,168.95,100,169.35,100,7000,319250
NIFTY06OCT2217300PE.NFO,04/10/2022,09:20:16,165.4,168.95,100,169.35,100,0,319250
NIFTY06OCT2217300PE.NFO,04/10/2022,09:20:18,168.05,168,50,168.25,50,9450,319250
NIFTY06OCT2217300PE.NFO,04/10/2022,09:20:19,166.5,166.2,100,166.6,200,1350,319250
NIFTY06OCT2217300PE.NFO,04/10/2022,09:20:20,166.7,166.35,250,166.7,50,600,319250
NIFTY06OCT2217300PE.NFO,04/10/2022,09:20:22,167.5,167.05,100,167.35,100,6250,319250
NIFTY06OCT2217300PE.NFO,04/10/2022,09:20:23,169.1,168.75,100,169.05,50,1100,319250
NIFTY06OCT2217300PE.NFO,04/10/2022,09:20:24,168.75,168.3,1300,168.8,100,1650,319250
NIFTY06OCT2217300PE.NFO,04/10/2022,09:20:26,168.25,168.25,150,168.65,100,850,319250
NIFTY06OCT2217300PE.NFO,04/10/2022,09:20:27,168,167.5,50,167.75,100,4450,319250
NIFTY06OCT2217300PE.NFO,04/10/2022,09:20:28,167.7,167.55,100,167.85,150,1450,319250
NIFTY06OCT2217300PE.NFO,04/10/2022,09:20:29,167.7,167.6,200,167.9,50,3250,319250
NIFTY06OCT2217300PE.NFO,04/10/2022,09:20:31,168.4,167.6,200,168,100,1750,319250
NIFTY06OCT2217300PE.NFO,04/10/2022,09:20:32,167.8,167.45,50,167.8,150,1250,319250
NIFTY06OCT2217300PE.NFO,04/10/2022,09:20:33,168,167.45,250,167.8,50,1500,319250
NIFTY06OCT2217300PE.NFO,04/10/2022,09:20:34,166.8,166.75,150,167.2,350,600,436400
NIFTY06OCT2217300PE.NFO,04/10/2022,09:20:36,167,166.9,250,167,850,1300,436400
NIFTY06OCT2217300PE.NFO,04/10/2022,09:20:37,166,166,400,166.1,50,6050,436400
NIFTY06OCT2217300PE.NFO,04/10/2022,09:20:39,165.85,166.45,250,166.9,50,2650,436400
NIFTY06OCT2217300PE.NFO,04/10/2022,09:20:40,165.95,165.9,100,166.3,350,1250,436400
NIFTY06OCT2217300PE.NFO,04/10/2022,09:20:40,165.2,165.9,100,166.3,350,0,436400
NIFTY06OCT2217300PE.NFO,04/10/2022,09:20:42,166,165.8,50,166,200,1000,436400
NIFTY06OCT2217300PE.NFO,04/10/2022,09:20:43,165.4,165.45,100,165.8,150,1050,436400
NIFTY06OCT2217300PE.NFO,04/10/2022,09:20:44,165.6,165.5,100,165.8,200,2250,436400
NIFTY06OCT2217300PE.NFO,04/10/2022,09:20:45,166,166.05,100,166.35,100,3700,436400
NIFTY06OCT2217300PE.NFO,04/10/2022,09:20:47,166.3,166.3,50,166.5,150,1450,436400
NIFTY06OCT2217300PE.NFO,04/10/2022,09:20:48,168.6,168.3,100,168.65,50,8600,436400
NIFTY06OCT2217300PE.NFO,04/10/2022,09:20:49,167.6,167.65,100,167.85,50,1900,436400
NIFTY06OCT2217300PE.NFO,04/10/2022,09:20:50,168.85,168.15,100,168.5,100,2900,436400
NIFTY06OCT2217300PE.NFO,04/10/2022,09:20:52,169,169.05,500,169.4,350,1250,436400
NIFTY06OCT2217300PE.NFO,04/10/2022,09:20:53,167.4,167.05,50,167.4,50,1700,436400
NIFTY06OCT2217300PE.NFO,04/10/2022,09:20:55,167.65,167.45,200,167.9,300,1650,436400
NIFTY06OCT2217300PE.NFO,04/10/2022,09:20:56,166.25,166.25,50,166.5,50,1500,436400
NIFTY06OCT2217300PE.NFO,04/10/2022,09:20:57,168.05,168,100,168.3,150,1600,436400
NIFTY06OCT2217300PE.NFO,04/10/2022,09:20:59,167.6,167.4,50,167.65,50,1100,436400
NIFTY06OCT2217300PE.NFO,04/10/2022,09:21:00,167.4,167.2,200,167.55,50,1050,436400
NIFTY06OCT2217300PE.NFO,04/10/2022,09:21:01,166.65,166.25,300,166.65,450,1900,436400
NIFTY06OCT2217300PE.NFO,04/10/2022,09:21:03,165.65,165.65,50,165.75,200,2750,436400
NIFTY06OCT2217300PE.NFO,04/10/2022,09:21:04,165,165,4850,165.25,100,5250,436400
NIFTY06OCT2217300PE.NFO,04/10/2022,09:21:04,165,165,4850,165.25,100,0,436400
NIFTY06OCT2217300PE.NFO,04/10/2022,09:21:05,164.15,163.8,1400,164.2,100,7950,436400
NIFTY06OCT2217300PE.NFO,04/10/2022,09:21:05,163.7,163.8,1400,164.2,100,0,436400
NIFTY06OCT2217300PE.NFO,04/10/2022,09:21:06,164.1,163.7,100,164,300,750,436400
NIFTY06OCT2217300PE.NFO,04/10/2022,09:21:07,164.8,164.75,100,165.05,100,950,436400
NIFTY06OCT2217300PE.NFO,04/10/2022,09:21:09,163.85,163.8,100,164.05,150,2100,436400
NIFTY06OCT2217300PE.NFO,04/10/2022,09:21:10,163.45,162.85,200,163.25,100,1150,436400
NIFTY06OCT2217300PE.NFO,04/10/2022,09:21:10,162.9,162.85,200,163.25,100,0,436400
NIFTY06OCT2217300PE.NFO,04/10/2022,09:21:11,163.2,162.85,100,163.2,200,2750,436400
NIFTY06OCT2217300PE.NFO,04/10/2022,09:21:11,162.8,162.85,100,163.2,200,0,436400
NIFTY06OCT2217300PE.NFO,04/10/2022,09:21:13,163.8,163.65,850,164,1200,1800,436400
NIFTY06OCT2217300PE.NFO,04/10/2022,09:21:14,163.75,163.35,200,163.65,50,3850,436400
NIFTY06OCT2217300PE.NFO,04/10/2022,09:21:16,165.55,164.95,50,165.4,350,3850,436400
NIFTY06OCT2217300PE.NFO,04/10/2022,09:21:17,165.2,164.65,100,165.15,50,750,436400
NIFTY06OCT2217300PE.NFO,04/10/2022,09:21:18,164.45,164.55,100,164.95,450,5550,436400
NIFTY06OCT2217300PE.NFO,04/10/2022,09:21:20,165.25,164.8,750,165.25,250,2900,436400
NIFTY06OCT2217300PE.NFO,04/10/2022,09:21:21,164.05,163.75,200,164.1,200,3200,436400
NIFTY06OCT2217300PE.NFO,04/10/2022,09:21:23,164.3,163.95,100,164.3,200,1450,436400
NIFTY06OCT2217300PE.NFO,04/10/2022,09:21:24,164.45,163.85,150,164.25,150,1350,436400
NIFTY06OCT2217300PE.NFO,04/10/2022,09:21:25,164.45,163.6,200,163.95,100,350,436400
NIFTY06OCT2217300PE.NFO,04/10/2022,09:21:26,164.5,164,100,164.45,100,550,436400
NIFTY06OCT2217300PE.NFO,04/10/2022,09:21:28,165.2,164.8,200,165.2,200,2800,436400
NIFTY06OCT2217300PE.NFO,04/10/2022,09:21:29,164.2,164.4,900,164.8,50,950,436400
NIFTY06OCT2217300PE.NFO,04/10/2022,09:21:30,164.6,164.05,150,164.35,200,1550,436400
NIFTY06OCT2217300PE.NFO,04/10/2022,09:21:32,164.9,164.45,300,165,1650,300,436400
NIFTY06OCT2217300PE.NFO,04/10/2022,09:21:33,164.1,164.1,50,164.5,50,400,436400
NIFTY06OCT2217300PE.NFO,04/10/2022,09:21:34,165.65,165.15,100,165.45,50,3400,436400
NIFTY06OCT2217300PE.NFO,04/10/2022,09:21:36,165.3,165,100,165.4,200,4250,436400
NIFTY06OCT2217300PE.NFO,04/10/2022,09:21:37,165.9,165.5,300,166,100,2400,436400
NIFTY06OCT2217300PE.NFO,04/10/2022,09:21:38,165.1,164.8,350,165.2,50,450,436400
NIFTY06OCT2217300PE.NFO,04/10/2022,09:21:40,165.2,164.7,400,165.25,450,1950,436400
NIFTY06OCT2217300PE.NFO,04/10/2022,09:21:41,165.15,165.05,300,165.45,50,1300,436400
NIFTY06OCT2217300PE.NFO,04/10/2022,09:21:43,167,166.9,100,167.15,200,1550,436400
NIFTY06OCT2217300PE.NFO,04/10/2022,09:21:44,167.2,167.2,300,167.35,50,1600,436400
NIFTY06OCT2217300PE.NFO,04/10/2022,09:21:46,166.85,166.7,50,166.85,100,2300,436400
NIFTY06OCT2217300PE.NFO,04/10/2022,09:21:47,167.75,167.95,100,168.3,50,550,436400
NIFTY06OCT2217300PE.NFO,04/10/2022,09:21:49,168.65,168.25,100,168.6,400,1750,436400
NIFTY06OCT2217300PE.NFO,04/10/2022,09:21:50,165.9,165.65,150,166,100,5250,436400
NIFTY06OCT2217300PE.NFO,04/10/2022,09:21:51,166.8,166.35,100,166.75,50,1850,436400
NIFTY06OCT2217300PE.NFO,04/10/2022,09:21:53,166.5,166.7,150,167.1,100,2350,436400
NIFTY06OCT2217300PE.NFO,04/10/2022,09:21:54,167.5,166.9,100,167.35,100,2000,436400
NIFTY06OCT2217300PE.NFO,04/10/2022,09:21:55,167.55,166.2,200,166.7,950,350,436400
NIFTY06OCT2217300PE.NFO,04/10/2022,09:21:56,166,165.65,600,166.2,200,750,436400
NIFTY06OCT2217300PE.NFO,04/10/2022,09:21:57,166.2,165.4,450,165.75,2800,500,436400
NIFTY06OCT2217300PE.NFO,04/10/2022,09:21:58,165.8,165.3,200,165.75,150,1450,436400
NIFTY06OCT2217300PE.NFO,04/10/2022,09:22:00,164.7,164.5,100,165,100,3550,436400
NIFTY06OCT2217300PE.NFO,04/10/2022,09:22:01,164.85,165,50,165.3,1750,1450,436400
NIFTY06OCT2217300PE.NFO,04/10/2022,09:22:02,165.7,165.3,50,165.45,50,1900,436400
NIFTY06OCT2217300PE.NFO,04/10/2022,09:22:03,165,164.45,900,164.8,50,3150,436400
NIFTY06OCT2217300PE.NFO,04/10/2022,09:22:04,164.75,164.45,800,164.7,200,300,436400
NIFTY06OCT2217300PE.NFO,04/10/2022,09:22:06,164.7,164.2,200,164.7,200,5300,436400
NIFTY06OCT2217300PE.NFO,04/10/2022,09:22:07,165.7,165.8,850,166.2,600,1350,436400
NIFTY06OCT2217300PE.NFO,04/10/2022,09:22:08,164.75,164.6,100,165,550,1700,436400
NIFTY06OCT2217300PE.NFO,04/10/2022,09:22:09,165.2,164.75,600,165.15,200,800,436400
NIFTY06OCT2217300PE.NFO,04/10/2022,09:22:10,165.35,164.9,100,165.25,100,1100,436400
NIFTY06OCT2217300PE.NFO,04/10/2022,09:22:11,164.8,164.55,100,164.85,50,2700,436400
NIFTY06OCT2217300PE.NFO,04/10/2022,09:22:13,165.6,165,1000,165.5,50,700,436400
NIFTY06OCT2217300PE.NFO,04/10/2022,09:22:14,165.05,165.45,100,165.8,250,100,436400
NIFTY06OCT2217300PE.NFO,04/10/2022,09:22:15,166.05,165.85,200,166.3,250,1700,436400
NIFTY06OCT2217300PE.NFO,04/10/2022,09:22:16,166.15,166.55,100,166.9,50,400,436400
NIFTY06OCT2217300PE.NFO,04/10/2022,09:22:17,166,165.9,200,166.25,100,2100,436400
NIFTY06OCT2217300PE.NFO,04/10/2022,09:22:18,165.75,165.65,100,165.95,100,1550,436400
NIFTY06OCT2217300PE.NFO,04/10/2022,09:22:19,166.35,165.85,250,166.3,400,50,436400
NIFTY06OCT2217300PE.NFO,04/10/2022,09:22:20,165.2,165.25,100,165.45,50,600,436400
NIFTY06OCT2217300PE.NFO,04/10/2022,09:22:22,165.3,165.3,650,165.7,350,100,436400
NIFTY06OCT2217300PE.NFO,04/10/2022,09:22:23,165.45,165.55,150,165.85,50,1900,436400
NIFTY06OCT2217300PE.NFO,04/10/2022,09:22:24,165.2,165.25,100,165.6,1300,2150,436400
NIFTY06OCT2217300PE.NFO,04/10/2022,09:22:25,165.4,165.05,150,165.4,600,1150,436400
NIFTY06OCT2217300PE.NFO,04/10/2022,09:22:26,165.35,165.35,50,165.65,100,2950,436400
NIFTY06OCT2217300PE.NFO,04/10/2022,09:22:27,165.2,164.95,200,165.4,250,1000,436400
NIFTY06OCT2217300PE.NFO,04/10/2022,09:22:28,165.5,165.5,600,166,1200,2200,436400
NIFTY06OCT2217300PE.NFO,04/10/2022,09:22:29,165.4,165.3,300,165.7,100,1000,436400
NIFTY06OCT2217300PE.NFO,04/10/2022,09:22:30,164.9,164.5,550,164.85,150,550,436400
NIFTY06OCT2217300PE.NFO,04/10/2022,09:22:31,164.9,164.75,100,165.2,550,800,436400
NIFTY06OCT2217300PE.NFO,04/10/2022,09:22:33,164.7,164.45,100,164.9,300,1100,436400
NIFTY06OCT2217300PE.NFO,04/10/2022,09:22:34,165.3,165.15,100,165.45,50,1250,436400
NIFTY06OCT2217300PE.NFO,04/10/2022,09:22:35,164.05,164.05,200,164.45,50,500,436400
NIFTY06OCT2217300PE.NFO,04/10/2022,09:22:36,163.55,163.2,100,163.65,250,4750,436400
NIFTY06OCT2217300PE.NFO,04/10/2022,09:22:37,162.75,162.3,100,162.7,250,8050,436400
NIFTY06OCT2217300PE.NFO,04/10/2022,09:22:37,162.3,162.3,100,162.7,250,0,436400
NIFTY06OCT2217300PE.NFO,04/10/2022,09:22:38,162.75,162.2,100,162.65,200,950,436400
NIFTY06OCT2217300PE.NFO,04/10/2022,09:22:38,162.2,162.2,100,162.65,200,0,436400
NIFTY06OCT2217300PE.NFO,04/10/2022,09:22:40,162.15,162,850,162.4,100,450,436400
NIFTY06OCT2217300PE.NFO,04/10/2022,09:22:40,162.15,162,850,162.4,100,0,436400
NIFTY06OCT2217300PE.NFO,04/10/2022,09:22:41,163.65,163.65,50,164,250,3650,436400
NIFTY06OCT2217300PE.NFO,04/10/2022,09:22:42,163.4,163.15,200,163.4,50,500,436400
NIFTY06OCT2217300PE.NFO,04/10/2022,09:22:43,162.6,162.5,100,162.9,500,600,436400
NIFTY06OCT2217300PE.NFO,04/10/2022,09:22:44,162.7,162.3,500,162.7,50,800,436400
NIFTY06OCT2217300PE.NFO,04/10/2022,09:22:45,162.5,162.25,200,162.65,200,250,436400
NIFTY06OCT2217300PE.NFO,04/10/2022,09:22:47,163.05,163.05,150,163.35,100,550,436400
NIFTY06OCT2217300PE.NFO,04/10/2022,09:22:48,164.25,164.4,200,164.7,200,550,436400
NIFTY06OCT2217300PE.NFO,04/10/2022,09:22:49,165.3,165.2,100,165.55,100,2050,436400
NIFTY06OCT2217300PE.NFO,04/10/2022,09:22:50,165.35,165.35,100,165.6,150,2900,436400
NIFTY06OCT2217300PE.NFO,04/10/2022,09:22:51,166.25,166.5,200,166.85,50,400,436400
NIFTY06OCT2217300PE.NFO,04/10/2022,09:22:53,166.95,166.55,100,167,200,2650,436400
NIFTY06OCT2217300PE.NFO,04/10/2022,09:22:54,169.1,168.7,100,168.95,50,13600,436400
NIFTY06OCT2217300PE.NFO,04/10/2022,09:22:55,168.7,169.25,100,169.6,200,10000,436400
NIFTY06OCT2217300PE.NFO,04/10/2022,09:22:57,170.15,169.55,50,169.95,50,4700,436400
NIFTY06OCT2217300PE.NFO,04/10/2022,09:22:58,170.45,169.85,100,170.3,100,2300,436400
NIFTY06OCT2217300PE.NFO,04/10/2022,09:22:59,168.5,168.85,50,169.2,100,2650,436400
NIFTY06OCT2217300PE.NFO,04/10/2022,09:23:00,168.85,168.65,100,169.05,50,3600,436400
NIFTY06OCT2217300PE.NFO,04/10/2022,09:23:01,168.75,168.75,50,168.95,50,1150,436400
NIFTY06OCT2217300PE.NFO,04/10/2022,09:23:03,167.7,167.05,800,167.6,100,1750,436400
NIFTY06OCT2217300PE.NFO,04/10/2022,09:23:04,167.85,167.5,100,167.95,50,2300,436400
NIFTY06OCT2217300PE.NFO,04/10/2022,09:23:05,169.4,169.1,100,169.5,700,600,436400
NIFTY06OCT2217300PE.NFO,04/10/2022,09:23:06,169.7,169.4,100,169.8,650,2950,436400
NIFTY06OCT2217300PE.NFO,04/10/2022,09:23:07,169.1,169.35,100,169.55,50,1900,436400
NIFTY06OCT2217300PE.NFO,04/10/2022,09:23:08,168.8,168.4,200,168.8,100,1450,436400
NIFTY06OCT2217300PE.NFO,04/10/2022,09:23:09,168.8,168.55,100,168.95,150,2200,436400
NIFTY06OCT2217300PE.NFO,04/10/2022,09:23:10,168.6,168.5,200,168.9,100,2000,436400
NIFTY06OCT2217300PE.NFO,04/10/2022,09:23:11,168.85,168.4,100,168.65,50,250,436400
NIFTY06OCT2217300PE.NFO,04/10/2022,09:23:13,168.75,168.15,200,168.6,400,450,436400
NIFTY06OCT2217300PE.NFO,04/10/2022,09:23:14,168.35,168.25,100,168.6,200,2550,436400
NIFTY06OCT2217300PE.NFO,04/10/2022,09:23:15,168.4,168.1,350,168.55,150,600,436400
NIFTY06OCT2217300PE.NFO,04/10/2022,09:23:16,167.85,167.4,950,168,2100,950,436400
NIFTY06OCT2217300PE.NFO,04/10/2022,09:23:17,168,167.45,50,167.75,50,600,436400
NIFTY06OCT2217300PE.NFO,04/10/2022,09:23:18,167.65,167.3,100,167.75,100,2050,436400
NIFTY06OCT2217300PE.NFO,04/10/2022,09:23:19,167.85,167.6,900,168,150,700,436400
NIFTY06OCT2217300PE.NFO,04/10/2022,09:23:20,166.95,166.5,100,167.05,1500,1400,436400
NIFTY06OCT2217300PE.NFO,04/10/2022,09:23:21,166.2,166.5,200,167,750,800,436400
NIFTY06OCT2217300PE.NFO,04/10/2022,09:23:22,166.75,166.45,100,166.85,100,500,436400
NIFTY06OCT2217300PE.NFO,04/10/2022,09:23:23,166.35,166.15,100,166.55,100,1150,436400
NIFTY06OCT2217300PE.NFO,04/10/2022,09:23:25,165.55,165.2,200,165.55,50,3500,436400
NIFTY06OCT2217300PE.NFO,04/10/2022,09:23:26,165.45,165.05,500,165.5,300,200,436400
NIFTY06OCT2217300PE.NFO,04/10/2022,09:23:27,165.65,165.1,200,165.45,100,1000,436400
NIFTY06OCT2217300PE.NFO,04/10/2022,09:23:28,165.05,165,1050,165.35,50,750,436400
NIFTY06OCT2217300PE.NFO,04/10/2022,09:23:29,164,164,200,164.2,200,750,436400
NIFTY06OCT2217300PE.NFO,04/10/2022,09:23:30,164.2,164.3,100,164.7,50,1450,436400
NIFTY06OCT2217300PE.NFO,04/10/2022,09:23:32,163.5,163.25,100,163.7,200,1100,436400
NIFTY06OCT2217300PE.NFO,04/10/2022,09:23:33,163,163.05,200,163.45,100,1250,517850
NIFTY06OCT2217300PE.NFO,04/10/2022,09:23:34,164.2,163.85,100,164.2,100,1350,517850
NIFTY06OCT2217300PE.NFO,04/10/2022,09:23:35,163.05,163.4,50,163.65,150,1650,517850
NIFTY06OCT2217300PE.NFO,04/10/2022,09:23:36,163.7,163.5,300,163.85,100,850,517850
NIFTY06OCT2217300PE.NFO,04/10/2022,09:23:37,163,163.05,150,163.4,100,750,517850
NIFTY06OCT2217300PE.NFO,04/10/2022,09:23:38,163.15,163.2,1400,163.6,50,1000,517850
NIFTY06OCT2217300PE.NFO,04/10/2022,09:23:40,164.4,164.75,50,165,50,2300,517850
NIFTY06OCT2217300PE.NFO,04/10/2022,09:23:41,164.3,164.1,50,164.35,100,1900,517850
NIFTY06OCT2217300PE.NFO,04/10/2022,09:23:42,164.85,164.05,50,164.4,200,1750,517850
NIFTY06OCT2217300PE.NFO,04/10/2022,09:23:43,164.65,164.35,150,164.7,350,1800,517850
NIFTY06OCT2217300PE.NFO,04/10/2022,09:23:44,163.9,163.75,150,164.1,500,2250,517850
NIFTY06OCT2217300PE.NFO,04/10/2022,09:23:45,164,163.95,950,164.35,1000,1750,517850
NIFTY06OCT2217300PE.NFO,04/10/2022,09:23:46,163.2,163.1,600,163.6,350,950,517850
NIFTY06OCT2217300PE.NFO,04/10/2022,09:23:48,162.9,162.6,950,162.9,50,1150,517850
NIFTY06OCT2217300PE.NFO,04/10/2022,09:23:49,162.15,161.85,150,162.3,250,2450,517850
NIFTY06OCT2217300PE.NFO,04/10/2022,09:23:49,161.4,161.85,150,162.3,250,0,517850
NIFTY06OCT2217300PE.NFO,04/10/2022,09:23:50,161.35,161.35,50,161.7,150,6300,517850
NIFTY06OCT2217300PE.NFO,04/10/2022,09:23:50,160.4,161.35,50,161.7,150,0,517850
NIFTY06OCT2217300PE.NFO,04/10/2022,09:23:52,161.6,161.35,600,161.6,50,1350,517850
NIFTY06OCT2217300PE.NFO,04/10/2022,09:23:53,161,161,800,161.45,600,1700,517850
NIFTY06OCT2217300PE.NFO,04/10/2022,09:23:54,161.75,161.1,100,161.45,100,3250,517850
NIFTY06OCT2217300PE.NFO,04/10/2022,09:23:54,160.2,161.1,100,161.45,100,0,517850
NIFTY06OCT2217300PE.NFO,04/10/2022,09:23:56,160.7,160.85,100,161.2,200,5100,517850
NIFTY06OCT2217300PE.NFO,04/10/2022,09:23:57,161.55,161.5,650,161.9,100,2100,517850
NIFTY06OCT2217300PE.NFO,04/10/2022,09:23:58,161.15,160.6,200,160.95,100,1650,517850
NIFTY06OCT2217300PE.NFO,04/10/2022,09:23:59,160.05,160.2,200,160.45,50,1150,517850
NIFTY06OCT2217300PE.NFO,04/10/2022,09:23:59,160.05,160.2,200,160.45,50,0,517850
NIFTY06OCT2217300PE.NFO,04/10/2022,09:24:00,159.45,159.55,100,159.95,200,11600,517850
NIFTY06OCT2217300PE.NFO,04/10/2022,09:24:00,159.35,159.55,100,159.95,200,0,517850
NIFTY06OCT2217300PE.NFO,04/10/2022,09:24:02,160.1,159.65,200,160.05,750,2800,517850
NIFTY06OCT2217300PE.NFO,04/10/2022,09:24:03,159.45,159,750,159.45,50,3000,517850
NIFTY06OCT2217300PE.NFO,04/10/2022,09:24:03,158.9,159,750,159.45,50,0,517850
NIFTY06OCT2217300PE.NFO,04/10/2022,09:24:04,158.15,158.1,450,158.5,200,3100,517850
NIFTY06OCT2217300PE.NFO,04/10/2022,09:24:04,158.15,158.1,450,158.5,200,0,517850
NIFTY06OCT2217300PE.NFO,04/10/2022,09:24:05,159.25,158.95,100,159.25,300,2850,517850
NIFTY06OCT2217300PE.NFO,04/10/2022,09:24:05,157.9,158.95,100,159.25,300,0,517850
NIFTY06OCT2217300PE.NFO,04/10/2022,09:24:06,160.45,160.15,200,160.5,200,5000,517850
NIFTY06OCT2217300PE.NFO,04/10/2022,09:24:07,159.3,159,200,159.45,50,1450,517850
NIFTY06OCT2217300PE.NFO,04/10/2022,09:24:09,159.6,159.35,200,159.65,100,1550,517850
NIFTY06OCT2217300PE.NFO,04/10/2022,09:24:10,159.2,159.2,100,159.55,100,800,517850
NIFTY06OCT2217300PE.NFO,04/10/2022,09:24:11,158.95,159.7,200,160,50,350,517850
NIFTY06OCT2217300PE.NFO,04/10/2022,09:24:12,159.95,159.4,100,159.75,100,2350,517850
NIFTY06OCT2217300PE.NFO,04/10/2022,09:24:13,160.35,160.55,50,160.85,200,1450,517850
NIFTY06OCT2217300PE.NFO,04/10/2022,09:24:14,160.35,160.4,200,160.9,850,100,517850
NIFTY06OCT2217300PE.NFO,04/10/2022,09:24:15,161,160.7,100,161,50,1600,517850
NIFTY06OCT2217300PE.NFO,04/10/2022,09:24:16,160.15,159.8,1050,160.2,100,200,517850
NIFTY06OCT2217300PE.NFO,04/10/2022,09:24:18,159.45,159.45,200,159.85,50,1000,517850
NIFTY06OCT2217300PE.NFO,04/10/2022,09:24:19,159.25,159.1,200,159.35,100,1550,517850
NIFTY06OCT2217300PE.NFO,04/10/2022,09:24:20,159.1,158.8,600,159.25,50,3950,517850
NIFTY06OCT2217300PE.NFO,04/10/2022,09:24:21,159.1,158.95,100,159.35,50,0,517850
NIFTY06OCT2217300PE.NFO,04/10/2022,09:24:23,157.75,157.65,50,157.9,50,6800,517850
NIFTY06OCT2217300PE.NFO,04/10/2022,09:24:23,157.65,157.65,50,157.9,50,0,517850
NIFTY06OCT2217300PE.NFO,04/10/2022,09:24:24,157.3,157.3,1700,157.7,50,2100,517850
NIFTY06OCT2217300PE.NFO,04/10/2022,09:24:24,157,157.3,1700,157.7,50,0,517850
NIFTY06OCT2217300PE.NFO,04/10/2022,09:24:25,156.6,156.15,100,156.65,100,3250,517850
NIFTY06OCT2217300PE.NFO,04/10/2022,09:24:25,156.6,156.15,100,156.65,100,0,517850
NIFTY06OCT2217300PE.NFO,04/10/2022,09:24:27,156.1,156.05,100,156.5,400,500,517850
NIFTY06OCT2217300PE.NFO,04/10/2022,09:24:27,156.1,156.05,100,156.5,400,0,517850
NIFTY06OCT2217300PE.NFO,04/10/2022,09:24:28,154.85,154.75,100,155.15,100,9600,517850
NIFTY06OCT2217300PE.NFO,04/10/2022,09:24:28,154.5,154.75,100,155.15,100,0,517850
NIFTY06OCT2217300PE.NFO,04/10/2022,09:24:29,155.3,154.7,550,155.25,100,1800,517850
NIFTY06OCT2217300PE.NFO,04/10/2022,09:24:29,154.4,154.7,550,155.25,100,0,517850
NIFTY06OCT2217300PE.NFO,04/10/2022,09:24:31,153.3,152.95,100,153.3,200,3500,517850
NIFTY06OCT2217300PE.NFO,04/10/2022,09:24:31,152.8,152.95,100,153.3,200,0,517850
NIFTY06OCT2217300PE.NFO,04/10/2022,09:24:32,152.85,152.65,100,153.1,50,2650,517850
NIFTY06OCT2217300PE.NFO,04/10/2022,09:24:32,152.4,152.65,100,153.1,50,0,517850
NIFTY06OCT2217300PE.NFO,04/10/2022,09:24:33,153,152.6,250,153.1,200,1700,517850
NIFTY06OCT2217300PE.NFO,04/10/2022,09:24:33,152.15,152.6,250,153.1,200,0,517850
NIFTY06OCT2217300PE.NFO,04/10/2022,09:24:34,151.95,151.75,50,152,1000,4750,517850
NIFTY06OCT2217300PE.NFO,04/10/2022,09:24:34,151.85,151.75,50,152,1000,0,517850
NIFTY06OCT2217300PE.NFO,04/10/2022,09:24:36,151.55,151.5,50,151.9,100,7800,517850
NIFTY06OCT2217300PE.NFO,04/10/2022,09:24:36,150.3,151.5,50,151.9,100,0,517850
NIFTY06OCT2217300PE.NFO,04/10/2022,09:24:37,152.35,152.35,50,152.6,200,6250,517850
NIFTY06OCT2217300PE.NFO,04/10/2022,09:24:39,153.35,153.3,100,153.6,400,5250,517850
NIFTY06OCT2217300PE.NFO,04/10/2022,09:24:40,152.95,152.65,100,153,100,4650,517850
NIFTY06OCT2217300PE.NFO,04/10/2022,09:24:41,153.3,153.35,100,153.75,150,2300,517850
NIFTY06OCT2217300PE.NFO,04/10/2022,09:24:42,153.4,153.45,100,153.75,50,950,517850
NIFTY06OCT2217300PE.NFO,04/10/2022,09:24:43,152.85,153,100,153.2,200,1000,517850
NIFTY06OCT2217300PE.NFO,04/10/2022,09:24:45,153.55,153.25,100,153.6,750,2250,517850
NIFTY06OCT2217300PE.NFO,04/10/2022,09:24:46,153.5,153.05,200,153.35,200,3000,517850
NIFTY06OCT2217300PE.NFO,04/10/2022,09:24:47,152.75,152.75,100,153,50,750,517850
NIFTY06OCT2217300PE.NFO,04/10/2022,09:24:48,152,152,850,152.2,100,1400,517850
NIFTY06OCT2217300PE.NFO,04/10/2022,09:24:49,150.75,150.8,100,151,100,3000,517850
NIFTY06OCT2217300PE.NFO,04/10/2022,09:24:50,151.75,151.5,100,151.85,150,4000,517850
NIFTY06OCT2217300PE.NFO,04/10/2022,09:24:51,151.25,151.1,300,151.45,100,1200,517850
NIFTY06OCT2217300PE.NFO,04/10/2022,09:24:53,150.75,150.65,100,151,200,4050,517850
NIFTY06OCT2217300PE.NFO,04/10/2022,09:24:53,150,150.65,100,151,200,0,517850
NIFTY06OCT2217300PE.NFO,04/10/2022,09:24:54,150.25,150.3,550,150.6,50,3950,517850
NIFTY06OCT2217300PE.NFO,04/10/2022,09:24:55,150.05,150.2,100,150.5,250,3600,517850
NIFTY06OCT2217300PE.NFO,04/10/2022,09:24:56,150,150.05,50,150.3,100,5750,517850
NIFTY06OCT2217300PE.NFO,04/10/2022,09:24:58,149,148.85,150,149.2,200,11350,517850
NIFTY06OCT2217300PE.NFO,04/10/2022,09:24:58,148.85,148.85,150,149.2,200,0,517850
NIFTY06OCT2217300PE.NFO,04/10/2022,09:24:59,149.15,149.05,100,149.45,650,3800,517850
NIFTY06OCT2217300PE.NFO,04/10/2022,09:25:00,147,146.5,350,146.95,200,13050,517850
NIFTY06OCT2217300PE.NFO,04/10/2022,09:25:00,146.35,146.5,350,146.95,200,0,517850
NIFTY06OCT2217300PE.NFO,04/10/2022,09:25:02,146.25,146.15,250,146.5,100,4250,517850
NIFTY06OCT2217300PE.NFO,04/10/2022,09:25:02,146,146.15,250,146.5,100,0,517850
NIFTY06OCT2217300PE.NFO,04/10/2022,09:25:04,146,145.8,200,146.15,300,9300,517850
NIFTY06OCT2217300PE.NFO,04/10/2022,09:25:04,144.65,145.8,200,146.15,300,0,517850
NIFTY06OCT2217300PE.NFO,04/10/2022,09:25:05,145.1,144.65,250,145,200,4150,517850
NIFTY06OCT2217300PE.NFO,04/10/2022,09:25:05,144.6,144.65,250,145,200,0,517850
NIFTY06OCT2217300PE.NFO,04/10/2022,09:25:07,144.45,144.35,100,144.8,250,11750,517850
NIFTY06OCT2217300PE.NFO,04/10/2022,09:25:07,144.15,144.35,100,144.8,250,0,517850
NIFTY06OCT2217300PE.NFO,04/10/2022,09:25:08,144.6,144.35,200,144.7,100,3850,517850
NIFTY06OCT2217300PE.NFO,04/10/2022,09:25:09,144.5,144.25,200,144.6,100,14150,517850
NIFTY06OCT2217300PE.NFO,04/10/2022,09:25:09,144,144.25,200,144.6,100,0,517850
NIFTY06OCT2217300PE.NFO,04/10/2022,09:25:10,145.1,144.95,200,145.3,250,7500,517850
NIFTY06OCT2217300PE.NFO,04/10/2022,09:25:12,144.25,144.3,300,144.65,100,6200,517850
NIFTY06OCT2217300PE.NFO,04/10/2022,09:25:13,144.6,144.45,100,144.9,150,7650,517850
NIFTY06OCT2217300PE.NFO,04/10/2022,09:25:14,145.55,145.35,150,145.45,50,10400,517850
NIFTY06OCT2217300PE.NFO,04/10/2022,09:25:16,147.85,147.75,100,148,50,7850,517850
NIFTY06OCT2217300PE.NFO,04/10/2022,09:25:17,149,148.65,150,149,50,1600,517850
NIFTY06OCT2217300PE.NFO,04/10/2022,09:25:18,149.4,149.3,150,149.65,150,3650,517850
NIFTY06OCT2217300PE.NFO,04/10/2022,09:25:20,148.15,148.15,200,148.45,200,5150,517850
NIFTY06OCT2217300PE.NFO,04/10/2022,09:25:21,147.3,146.35,100,146.7,100,3500,517850
NIFTY06OCT2217300PE.NFO,04/10/2022,09:25:22,146.6,146,150,146.15,50,4100,517850
NIFTY06OCT2217300PE.NFO,04/10/2022,09:25:24,146.75,146.8,100,147.15,50,2250,517850
NIFTY06OCT2217300PE.NFO,04/10/2022,09:25:25,147.95,147.7,50,148,950,2750,517850
NIFTY06OCT2217300PE.NFO,04/10/2022,09:25:26,147.3,147.45,100,147.75,950,750,517850
NIFTY06OCT2217300PE.NFO,04/10/2022,09:25:27,146.9,146.55,100,146.8,100,4300,517850
NIFTY06OCT2217300PE.NFO,04/10/2022,09:25:28,147.05,146.65,50,146.95,250,5550,517850
NIFTY06OCT2217300PE.NFO,04/10/2022,09:25:30,147,146.6,250,146.85,50,1700,517850
NIFTY06OCT2217300PE.NFO,04/10/2022,09:25:31,146.6,146.5,100,146.8,200,2150,517850
NIFTY06OCT2217300PE.NFO,04/10/2022,09:25:32,146,145.6,100,145.9,150,3750,517850
NIFTY06OCT2217300PE.NFO,04/10/2022,09:25:33,146.55,146.35,150,146.55,350,2450,517850
NIFTY06OCT2217300PE.NFO,04/10/2022,09:25:34,146.8,146.7,250,147.1,350,5250,517850
NIFTY06OCT2217300PE.NFO,04/10/2022,09:25:36,146.55,146.25,150,146.6,50,1950,517850
NIFTY06OCT2217300PE.NFO,04/10/2022,09:25:37,146,145.6,150,145.9,200,3000,517850
NIFTY06OCT2217300PE.NFO,04/10/2022,09:25:38,145.05,145.05,550,145.3,50,2600,517850
NIFTY06OCT2217300PE.NFO,04/10/2022,09:25:39,145.95,145.6,100,145.95,350,4200,517850
NIFTY06OCT2217300PE.NFO,04/10/2022,09:25:41,145.7,145.45,150,145.75,300,3550,517850
NIFTY06OCT2217300PE.NFO,04/10/2022,09:25:42,146.05,146,100,146.15,100,4150,517850
NIFTY06OCT2217300PE.NFO,04/10/2022,09:25:43,145.3,145.3,250,145.65,100,2050,517850
NIFTY06OCT2217300PE.NFO,04/10/2022,09:25:45,145.7,145.45,150,145.6,100,1650,517850
NIFTY06OCT2217300PE.NFO,04/10/2022,09:25:46,144.8,144.65,250,145,350,2950,517850
NIFTY06OCT2217300PE.NFO,04/10/2022,09:25:47,146.25,146.2,50,146.45,100,4500,517850
NIFTY06OCT2217300PE.NFO,04/10/2022,09:25:49,146.3,146.25,250,146.6,200,1400,517850
NIFTY06OCT2217300PE.NFO,04/10/2022,09:25:50,147,147,200,147.2,50,1150,517850
NIFTY06OCT2217300PE.NFO,04/10/2022,09:25:51,147.7,147.75,100,147.95,350,2000,517850
NIFTY06OCT2217300PE.NFO,04/10/2022,09:25:53,147.9,147.7,150,148.05,300,4600,517850
NIFTY06OCT2217300PE.NFO,04/10/2022,09:25:54,148,147.95,250,148.25,150,4050,517850
NIFTY06OCT2217300PE.NFO,04/10/2022,09:25:55,148,148,200,148.3,150,5450,517850
NIFTY06OCT2217300PE.NFO,04/10/2022,09:25:56,148.1,147.85,200,148.15,150,4000,517850
NIFTY06OCT2217300PE.NFO,04/10/2022,09:25:58,147.05,147,2450,147.3,400,1950,517850
NIFTY06OCT2217300PE.NFO,04/10/2022,09:25:59,147.05,146.8,150,147.1,100,3600,517850
NIFTY06OCT2217300PE.NFO,04/10/2022,09:26:00,146.05,145.8,250,146.1,200,4050,517850
NIFTY06OCT2217300PE.NFO,04/10/2022,09:26:01,145.5,145.3,250,145.5,50,3850,517850
NIFTY06OCT2217300PE.NFO,04/10/2022,09:26:02,145.3,145.1,150,145.35,400,6050,517850
NIFTY06OCT2217300PE.NFO,04/10/2022,09:26:03,145.05,145.05,28300,145.35,500,7550,517850
NIFTY06OCT2217300PE.NFO,04/10/2022,09:26:05,145.05,145.05,4650,145.2,150,25800,517850
NIFTY06OCT2217300PE.NFO,04/10/2022,09:26:06,147,146,200,146.25,100,3000,517850
NIFTY06OCT2217300PE.NFO,04/10/2022,09:26:07,146.95,146.35,100,146.7,150,2300,517850
NIFTY06OCT2217300PE.NFO,04/10/2022,09:26:08,146.1,145.9,50,146.25,100,750,517850
NIFTY06OCT2217300PE.NFO,04/10/2022,09:26:10,146.45,145.95,250,146.3,50,6150,517850
NIFTY06OCT2217300PE.NFO,04/10/2022,09:26:11,147.25,147.45,50,147.6,50,1850,517850
NIFTY06OCT2217300PE.NFO,04/10/2022,09:26:12,147.6,147.45,100,147.8,300,3100,517850
NIFTY06OCT2217300PE.NFO,04/10/2022,09:26:14,147.25,147,300,147.35,50,2800,517850
NIFTY06OCT2217300PE.NFO,04/10/2022,09:26:15,146.85,146.75,100,147.05,350,450,517850
NIFTY06OCT2217300PE.NFO,04/10/2022,09:26:16,147.6,147.55,100,147.8,150,3200,517850
NIFTY06OCT2217300PE.NFO,04/10/2022,09:26:17,146.35,146.1,200,146.35,50,3300,517850
NIFTY06OCT2217300PE.NFO,04/10/2022,09:26:18,146.1,146.1,350,146.45,100,1250,517850
NIFTY06OCT2217300PE.NFO,04/10/2022,09:26:19,146.6,146.7,100,147,650,4350,517850
NIFTY06OCT2217300PE.NFO,04/10/2022,09:26:21,147.5,146.85,150,147.15,50,3150,517850
NIFTY06OCT2217300PE.NFO,04/10/2022,09:26:22,146.9,147.05,200,147.4,100,1250,517850
NIFTY06OCT2217300PE.NFO,04/10/2022,09:26:22,146.95,147,650,147.4,300,2000,517850
NIFTY06OCT2217300PE.NFO,04/10/2022,09:26:23,146.75,146.45,200,146.65,50,200,517850
NIFTY06OCT2217300PE.NFO,04/10/2022,09:26:24,146,146.05,150,146.35,100,500,517850
NIFTY06OCT2217300PE.NFO,04/10/2022,09:26:25,146.55,146.3,100,146.6,100,4600,517850
NIFTY06OCT2217300PE.NFO,04/10/2022,09:26:27,146.25,146.3,100,146.65,100,800,517850
NIFTY06OCT2217300PE.NFO,04/10/2022,09:26:28,145.15,145.3,100,145.6,100,8550,517850
NIFTY06OCT2217300PE.NFO,04/10/2022,09:26:29,145.75,145.3,100,145.65,300,4400,517850
NIFTY06OCT2217300PE.NFO,04/10/2022,09:26:30,145.95,146,50,146.3,200,5300,517850
NIFTY06OCT2217300PE.NFO,04/10/2022,09:26:32,148,147.65,150,148,300,9450,517850
NIFTY06OCT2217300PE.NFO,04/10/2022,09:26:33,147.65,147.55,50,147.85,100,5550,680900
NIFTY06OCT2217300PE.NFO,04/10/2022,09:26:34,147.3,146.9,50,147.25,100,2900,680900
NIFTY06OCT2217300PE.NFO,04/10/2022,09:26:35,147.6,147.5,100,147.65,50,650,680900
NIFTY06OCT2217300PE.NFO,04/10/2022,09:26:37,145.65,145.65,100,145.9,100,2750,680900
NIFTY06OCT2217300PE.NFO,04/10/2022,09:26:38,145.7,145.2,100,145.45,200,35500,680900
NIFTY06OCT2217300PE.NFO,04/10/2022,09:26:40,145.35,145.2,150,145.5,600,14950,680900
NIFTY06OCT2217300PE.NFO,04/10/2022,09:26:41,145.6,145.15,200,145.45,100,14850,680900
NIFTY06OCT2217300PE.NFO,04/10/2022,09:26:43,145.4,145.35,100,145.6,450,9950,680900
NIFTY06OCT2217300PE.NFO,04/10/2022,09:26:44,145.9,145.85,100,146.1,200,8550,680900
NIFTY06OCT2217300PE.NFO,04/10/2022,09:26:46,146.3,146.15,150,146.35,50,1600,680900
NIFTY06OCT2217300PE.NFO,04/10/2022,09:26:47,146.85,146.65,100,146.9,150,1500,680900
NIFTY06OCT2217300PE.NFO,04/10/2022,09:26:48,146.75,146.6,100,146.85,200,950,680900
NIFTY06OCT2217300PE.NFO,04/10/2022,09:26:49,148.5,148.45,150,148.7,200,8900,680900
NIFTY06OCT2217300PE.NFO,04/10/2022,09:26:51,149.8,149.65,250,149.8,100,7950,680900
NIFTY06OCT2217300PE.NFO,04/10/2022,09:26:52,150.6,150.6,300,150.8,200,7800,680900
NIFTY06OCT2217300PE.NFO,04/10/2022,09:26:54,150.1,150,1800,150.15,50,9950,680900
NIFTY06OCT2217300PE.NFO,04/10/2022,09:26:55,150.35,149.85,100,150.15,100,7600,680900
NIFTY06OCT2217300PE.NFO,04/10/2022,09:26:57,151.15,151,200,151.35,250,5350,680900
NIFTY06OCT2217300PE.NFO,04/10/2022,09:26:58,151.6,151.3,100,151.65,200,4550,680900
NIFTY06OCT2217300PE.NFO,04/10/2022,09:26:59,151,151,1350,151.1,50,3650,680900
NIFTY06OCT2217300PE.NFO,04/10/2022,09:27:00,150.75,150.85,100,151.15,50,3350,680900
NIFTY06OCT2217300PE.NFO,04/10/2022,09:27:01,150.45,150.3,600,150.65,100,5450,680900
NIFTY06OCT2217300PE.NFO,04/10/2022,09:27:03,150.5,150.15,50,150.4,250,5700,680900
NIFTY06OCT2217300PE.NFO,04/10/2022,09:27:04,150.25,150.15,100,150.45,100,5650,680900
NIFTY06OCT2217300PE.NFO,04/10/2022,09:27:05,149.6,149.3,50,149.55,150,4750,680900
NIFTY06OCT2217300PE.NFO,04/10/2022,09:27:06,149.9,150.2,100,150.55,350,4050,680900
NIFTY06OCT2217300PE.NFO,04/10/2022,09:27:07,151.1,150.95,300,151.1,750,6200,680900
NIFTY06OCT2217300PE.NFO,04/10/2022,09:27:08,151.6,151.7,150,151.95,100,4600,680900
NIFTY06OCT2217300PE.NFO,04/10/2022,09:27:10,152.55,152.7,50,152.8,150,7900,680900
NIFTY06OCT2217300PE.NFO,04/10/2022,09:27:11,152.85,152.75,150,153.1,200,8900,680900
NIFTY06OCT2217300PE.NFO,04/10/2022,09:27:12,154.6,154.4,200,154.6,1750,12800,680900
NIFTY06OCT2217300PE.NFO,04/10/2022,09:27:14,155.05,154.1,300,154.35,100,8400,680900
NIFTY06OCT2217300PE.NFO,04/10/2022,09:27:15,154.55,154.35,50,154.65,100,3200,680900
NIFTY06OCT2217300PE.NFO,04/10/2022,09:27:16,155.4,155.5,200,155.75,100,1850,680900
NIFTY06OCT2217300PE.NFO,04/10/2022,09:27:17,155.2,155.05,100,155.4,150,6300,680900
NIFTY06OCT2217300PE.NFO,04/10/2022,09:27:18,154.95,154.75,100,155,50,4900,680900
NIFTY06OCT2217300PE.NFO,04/10/2022,09:27:20,155,154.6,200,154.95,100,3700,680900
NIFTY06OCT2217300PE.NFO,04/10/2022,09:27:21,154.6,154.6,50,154.95,250,5950,680900
NIFTY06OCT2217300PE.NFO,04/10/2022,09:27:22,154.3,154,200,154.25,100,4200,680900
NIFTY06OCT2217300PE.NFO,04/10/2022,09:27:22,154.65,154.65,100,154.85,150,1050,680900
NIFTY06OCT2217300PE.NFO,04/10/2022,09:27:23,153.9,153.9,150,154.2,50,5800,680900
NIFTY06OCT2217300PE.NFO,04/10/2022,09:27:24,154.6,154.5,100,154.75,150,3500,680900
NIFTY06OCT2217300PE.NFO,04/10/2022,09:27:25,155.05,155.05,100,155.4,450,5950,680900
NIFTY06OCT2217300PE.NFO,04/10/2022,09:27:27,153.7,153.35,150,153.7,300,3850,680900
NIFTY06OCT2217300PE.NFO,04/10/2022,09:27:28,154.05,153.85,300,154.15,50,450,680900
NIFTY06OCT2217300PE.NFO,04/10/2022,09:27:29,154,153.75,100,154.05,100,3500,680900
NIFTY06OCT2217300PE.NFO,04/10/2022,09:27:30,152.05,152.05,150,152.35,100,7050,680900
NIFTY06OCT2217300PE.NFO,04/10/2022,09:27:31,152.7,152.2,50,152.5,100,3750,680900
NIFTY06OCT2217300PE.NFO,04/10/2022,09:27:33,151.15,151.1,100,151.4,150,2800,680900
NIFTY06OCT2217300PE.NFO,04/10/2022,09:27:34,152.2,151.95,100,152.2,50,3750,680900
NIFTY06OCT2217300PE.NFO,04/10/2022,09:27:35,151,150.6,100,150.9,100,3500,680900
NIFTY06OCT2217300PE.NFO,04/10/2022,09:27:36,149.45,149.05,300,149.35,100,14100,680900
NIFTY06OCT2217300PE.NFO,04/10/2022,09:27:38,151.1,150.7,150,151.1,200,6050,680900
NIFTY06OCT2217300PE.NFO,04/10/2022,09:27:39,151.65,151.55,150,151.85,100,2150,680900
NIFTY06OCT2217300PE.NFO,04/10/2022,09:27:40,151.9,151.7,200,152.1,200,6800,680900
NIFTY06OCT2217300PE.NFO,04/10/2022,09:27:41,152.85,152.6,100,152.95,50,1700,680900
NIFTY06OCT2217300PE.NFO,04/10/2022,09:27:41,153.85,153.45,50,153.85,100,850,680900
NIFTY06OCT2217300PE.NFO,04/10/2022,09:27:43,154.1,153.75,100,154.1,150,4750,680900
NIFTY06OCT2217300PE.NFO,04/10/2022,09:27:44,153.2,153.4,200,153.7,50,3300,680900
NIFTY06OCT2217300PE.NFO,04/10/2022,09:27:45,152.2,151.85,50,152.05,200,1400,680900
NIFTY06OCT2217300PE.NFO,04/10/2022,09:27:46,152.55,152.85,200,153.1,50,2150,680900
NIFTY06OCT2217300PE.NFO,04/10/2022,09:27:47,153.8,153.8,100,154.1,850,2600,680900
NIFTY06OCT2217300PE.NFO,04/10/2022,09:27:49,154.1,153.6,50,153.9,350,2350,680900
NIFTY06OCT2217300PE.NFO,04/10/2022,09:27:49,154.25,154.2,100,154.45,100,1700,680900
NIFTY06OCT2217300PE.NFO,04/10/2022,09:27:51,154.35,154.35,400,154.55,100,3900,680900
NIFTY06OCT2217300PE.NFO,04/10/2022,09:27:52,155.2,154.9,50,155.15,200,6050,680900
NIFTY06OCT2217300PE.NFO,04/10/2022,09:27:53,155.9,155.55,100,155.9,2650,5100,680900
NIFTY06OCT2217300PE.NFO,04/10/2022,09:27:55,156.15,155.9,100,156.15,150,6100,680900
NIFTY06OCT2217300PE.NFO,04/10/2022,09:27:56,155.9,155.85,200,156.25,150,4200,680900
NIFTY06OCT2217300PE.NFO,04/10/2022,09:27:57,156.4,156,150,156.4,100,1650,680900
NIFTY06OCT2217300PE.NFO,04/10/2022,09:27:58,156.6,156.55,50,156.9,100,4150,680900
NIFTY06OCT2217300PE.NFO,04/10/2022,09:27:59,157.05,156.55,50,156.9,1050,1600,680900
NIFTY06OCT2217300PE.NFO,04/10/2022,09:28:00,156.45,156.2,100,156.55,1000,5500,680900
NIFTY06OCT2217300PE.NFO,04/10/2022,09:28:02,156.35,156.15,200,156.4,100,2850,680900
NIFTY06OCT2217300PE.NFO,04/10/2022,09:28:03,156.6,156.35,200,156.7,200,9750,680900
NIFTY06OCT2217300PE.NFO,04/10/2022,09:28:04,155.05,154.55,150,154.95,200,3000,680900
NIFTY06OCT2217300PE.NFO,04/10/2022,09:28:05,155,154.8,50,155.1,100,3250,680900
NIFTY06OCT2217300PE.NFO,04/10/2022,09:28:06,154.85,154.45,400,154.75,150,1350,680900
NIFTY06OCT2217300PE.NFO,04/10/2022,09:28:06,154.95,154.5,100,154.75,150,700,680900
NIFTY06OCT2217300PE.NFO,04/10/2022,09:28:08,153,153.05,100,153.35,150,5500,680900
NIFTY06OCT2217300PE.NFO,04/10/2022,09:28:09,153,152.75,150,153.1,250,2350,680900
NIFTY06OCT2217300PE.NFO,04/10/2022,09:28:10,152.4,152.4,150,152.65,300,3650,680900
NIFTY06OCT2217300PE.NFO,04/10/2022,09:28:11,152.8,152.8,150,153.05,150,600,680900
NIFTY06OCT2217300PE.NFO,04/10/2022,09:28:13,152,151.9,650,152,2700,3000,680900
NIFTY06OCT2217300PE.NFO,04/10/2022,09:28:14,152.4,152.35,100,152.6,150,4550,680900
NIFTY06OCT2217300PE.NFO,04/10/2022,09:28:15,152.9,152.4,50,152.7,550,1550,680900
NIFTY06OCT2217300PE.NFO,04/10/2022,09:28:16,151.6,151.75,100,152.05,150,2800,680900
NIFTY06OCT2217300PE.NFO,04/10/2022,09:28:17,152.85,152.4,100,152.7,150,1400,680900
NIFTY06OCT2217300PE.NFO,04/10/2022,09:28:18,151.5,151.55,250,151.85,150,950,680900
NIFTY06OCT2217300PE.NFO,04/10/2022,09:28:18,151.9,151.45,50,151.85,350,550,680900
NIFTY06OCT2217300PE.NFO,04/10/2022,09:28:19,151.35,151.05,150,151.4,600,2600,680900
NIFTY06OCT2217300PE.NFO,04/10/2022,09:28:21,152.3,152.3,200,152.6,150,1850,680900
NIFTY06OCT2217300PE.NFO,04/10/2022,09:28:22,152.15,152.2,150,152.45,100,2800,680900
NIFTY06OCT2217300PE.NFO,04/10/2022,09:28:23,152.1,151.8,300,152.15,100,3350,680900
NIFTY06OCT2217300PE.NFO,04/10/2022,09:28:24,153.3,153.25,150,153.4,200,2950,680900
NIFTY06OCT2217300PE.NFO,04/10/2022,09:28:26,155.85,155.45,100,155.75,200,6100,680900
NIFTY06OCT2217300PE.NFO,04/10/2022,09:28:27,156.05,155.75,50,156.1,850,5400,680900
NIFTY06OCT2217300PE.NFO,04/10/2022,09:28:28,156.15,156.2,250,156.45,50,3450,680900
NIFTY06OCT2217300PE.NFO,04/10/2022,09:28:29,156.5,156.5,150,156.7,150,2800,680900
NIFTY06OCT2217300PE.NFO,04/10/2022,09:28:29,156.45,156.45,100,156.75,100,900,680900
NIFTY06OCT2217300PE.NFO,04/10/2022,09:28:30,155.9,155.6,100,155.9,150,1750,680900
NIFTY06OCT2217300PE.NFO,04/10/2022,09:28:31,155.25,154.95,50,155.25,50,2450,680900
NIFTY06OCT2217300PE.NFO,04/10/2022,09:28:33,156.05,155.5,350,155.7,50,800,680900
NIFTY06OCT2217300PE.NFO,04/10/2022,09:28:33,155.55,155.3,350,155.6,950,1800,680900
NIFTY06OCT2217300PE.NFO,04/10/2022,09:28:34,154.95,154.85,250,155.15,150,4000,680900
NIFTY06OCT2217300PE.NFO,04/10/2022,09:28:36,153.35,153.15,100,153.55,250,3900,680900
NIFTY06OCT2217300PE.NFO,04/10/2022,09:28:37,153.3,152.9,50,153.2,650,1650,680900
NIFTY06OCT2217300PE.NFO,04/10/2022,09:28:38,153.75,153.4,350,153.7,200,4400,680900
NIFTY06OCT2217300PE.NFO,04/10/2022,09:28:39,153.35,153.3,200,153.7,200,1750,680900
NIFTY06OCT2217300PE.NFO,04/10/2022,09:28:40,153.4,153.1,150,153.4,50,1400,680900
NIFTY06OCT2217300PE.NFO,04/10/2022,09:28:41,152.55,152.45,200,152.7,200,4650,680900
NIFTY06OCT2217300PE.NFO,04/10/2022,09:28:42,153.6,153.35,100,153.65,600,1600,680900
NIFTY06OCT2217300PE.NFO,04/10/2022,09:28:44,153.05,153.05,200,153.4,600,1750,680900
NIFTY06OCT2217300PE.NFO,04/10/2022,09:28:45,154.2,154.05,100,154.4,300,2250,680900
NIFTY06OCT2217300PE.NFO,04/10/2022,09:28:45,154.75,154.7,200,155,150,100,680900
NIFTY06OCT2217300PE.NFO,04/10/2022,09:28:46,154.1,153.75,300,154,250,1350,680900
NIFTY06OCT2217300PE.NFO,04/10/2022,09:28:47,154.2,153.95,50,154.3,200,2350,680900
NIFTY06OCT2217300PE.NFO,04/10/2022,09:28:49,154,154.4,100,154.6,50,150,680900
NIFTY06OCT2217300PE.NFO,04/10/2022,09:28:50,154.05,153.9,50,154.25,150,500,680900
NIFTY06OCT2217300PE.NFO,04/10/2022,09:28:51,155,154.8,150,155,50,1050,680900
NIFTY06OCT2217300PE.NFO,04/10/2022,09:28:52,154.55,154.55,50,154.9,50,400,680900
NIFTY06OCT2217300PE.NFO,04/10/2022,09:28:53,154.6,154.4,150,154.7,200,1150,680900
NIFTY06OCT2217300PE.NFO,04/10/2022,09:28:53,153.75,153.75,100,154.2,200,250,680900
NIFTY06OCT2217300PE.NFO,04/10/2022,09:28:55,154.1,153.9,150,154.2,1050,1200,680900
NIFTY06OCT2217300PE.NFO,04/10/2022,09:28:56,153.25,153,300,153.3,500,1550,680900
NIFTY06OCT2217300PE.NFO,04/10/2022,09:28:57,152.5,152.3,100,152.65,150,1450,680900
NIFTY06OCT2217300PE.NFO,04/10/2022,09:28:58,152.6,152.9,100,153.25,150,2600,680900
NIFTY06OCT2217300PE.NFO,04/10/2022,09:28:59,152.15,152.1,50,152.3,200,1500,680900
NIFTY06OCT2217300PE.NFO,04/10/2022,09:28:59,152,151.75,300,152.1,50,1050,680900
NIFTY06OCT2217300PE.NFO,04/10/2022,09:29:01,152.55,152.75,100,153.05,200,2000,680900
NIFTY06OCT2217300PE.NFO,04/10/2022,09:29:02,153.1,153.2,150,153.5,50,2850,680900
NIFTY06OCT2217300PE.NFO,04/10/2022,09:29:03,153,152.65,300,152.95,100,250,680900
NIFTY06OCT2217300PE.NFO,04/10/2022,09:29:04,152.1,151.8,800,152.1,150,1700,680900
NIFTY06OCT2217300PE.NFO,04/10/2022,09:29:05,152,151.2,100,151.5,250,1350,680900
NIFTY06OCT2217300PE.NFO,04/10/2022,09:29:06,151.15,151.3,100,151.55,250,900,680900
NIFTY06OCT2217300PE.NFO,04/10/2022,09:29:07,152.2,152.2,150,152.6,550,2250,680900
NIFTY06OCT2217300PE.NFO,04/10/2022,09:29:08,153.6,153.25,150,153.65,1050,600,680900
NIFTY06OCT2217300PE.NFO,04/10/2022,09:29:09,152.55,152.1,200,152.45,100,2850,680900
NIFTY06OCT2217300PE.NFO,04/10/2022,09:29:10,151.85,151.35,100,151.65,100,4300,680900
NIFTY06OCT2217300PE.NFO,04/10/2022,09:29:11,151.85,151.85,50,152.15,150,2600,680900
NIFTY06OCT2217300PE.NFO,04/10/2022,09:29:12,152.85,152.6,200,152.9,350,1400,680900
NIFTY06OCT2217300PE.NFO,04/10/2022,09:29:14,152.75,152.6,50,152.9,400,2450,680900
NIFTY06OCT2217300PE.NFO,04/10/2022,09:29:15,152.8,152.9,200,153.2,50,650,680900
NIFTY06OCT2217300PE.NFO,04/10/2022,09:29:16,154.2,154,100,154.25,200,5100,680900
NIFTY06OCT2217300PE.NFO,04/10/2022,09:29:17,153.75,153.65,200,153.95,200,850,680900
NIFTY06OCT2217300PE.NFO,04/10/2022,09:29:18,153.15,153,200,153.25,100,1550,680900
NIFTY06OCT2217300PE.NFO,04/10/2022,09:29:19,152.65,152.45,200,152.75,200,1850,680900
NIFTY06OCT2217300PE.NFO,04/10/2022,09:29:20,152.8,152.5,100,152.75,250,2650,680900
NIFTY06OCT2217300PE.NFO,04/10/2022,09:29:21,152.7,152.6,150,152.8,50,1700,680900
NIFTY06OCT2217300PE.NFO,04/10/2022,09:29:23,152.3,151.95,100,152.2,200,2100,680900
NIFTY06OCT2217300PE.NFO,04/10/2022,09:29:24,151.7,151.6,50,151.7,50,1500,680900
NIFTY06OCT2217300PE.NFO,04/10/2022,09:29:25,151.65,151.4,200,151.65,150,1350,680900
NIFTY06OCT2217300PE.NFO,04/10/2022,09:29:26,150.2,150.05,200,150.3,50,7450,680900
NIFTY06OCT2217300PE.NFO,04/10/2022,09:29:27,150.1,149.7,100,150,200,8500,680900
NIFTY06OCT2217300PE.NFO,04/10/2022,09:29:28,149.9,150,200,150.25,200,1200,680900
NIFTY06OCT2217300PE.NFO,04/10/2022,09:29:29,150.4,150.2,100,150.5,100,1550,680900
NIFTY06OCT2217300PE.NFO,04/10/2022,09:29:30,150.7,150.45,150,150.7,50,3050,680900
NIFTY06OCT2217300PE.NFO,04/10/2022,09:29:31,151.6,151.5,100,151.75,100,3450,680900
NIFTY06OCT2217300PE.NFO,04/10/2022,09:29:33,151.5,151.5,100,151.75,250,1300,680900
NIFTY06OCT2217300PE.NFO,04/10/2022,09:29:34,153.45,153.45,50,153.55,50,5450,783600
NIFTY06OCT2217300PE.NFO,04/10/2022,09:29:35,153,152.8,50,153.1,200,2200,783600
NIFTY06OCT2217300PE.NFO,04/10/2022,09:29:36,151.3,151.3,50,151.55,150,2600,783600
NIFTY06OCT2217300PE.NFO,04/10/2022,09:29:37,151.35,150.95,200,151.35,50,1300,783600
NIFTY06OCT2217300PE.NFO,04/10/2022,09:29:37,150.8,150.5,300,150.8,100,50,783600
NIFTY06OCT2217300PE.NFO,04/10/2022,09:29:38,151.4,151.2,1150,151.5,150,950,783600
NIFTY06OCT2217300PE.NFO,04/10/2022,09:29:40,151,150.6,250,150.9,250,1150,783600
NIFTY06OCT2217300PE.NFO,04/10/2022,09:29:41,150.6,150.5,250,150.8,150,2050,783600
NIFTY06OCT2217300PE.NFO,04/10/2022,09:29:42,150.6,150.45,100,150.5,100,1200,783600
NIFTY06OCT2217300PE.NFO,04/10/2022,09:29:43,151.1,151,100,151.35,350,1600,783600
NIFTY06OCT2217300PE.NFO,04/10/2022,09:29:44,150.8,150.8,50,151.05,50,1050,783600
NIFTY06OCT2217300PE.NFO,04/10/2022,09:29:45,149.8,149.95,100,150.25,150,8100,783600
NIFTY06OCT2217300PE.NFO,04/10/2022,09:29:46,150.1,150,200,150.3,100,1750,783600
NIFTY06OCT2217300PE.NFO,04/10/2022,09:29:47,150.1,150,50,150.15,150,800,783600
NIFTY06OCT2217300PE.NFO,04/10/2022,09:29:47,149.9,149.85,150,150.2,150,2600,783600
NIFTY06OCT2217300PE.NFO,04/10/2022,09:29:49,149.6,149.8,50,150.05,150,2750,783600
NIFTY06OCT2217300PE.NFO,04/10/2022,09:29:50,149.95,149.65,50,149.8,200,1600,783600
NIFTY06OCT2217300PE.NFO,04/10/2022,09:29:51,149.4,149.2,150,149.5,500,1900,783600
NIFTY06OCT2217300PE.NFO,04/10/2022,09:29:52,148.15,148.15,100,148.5,450,2600,783600
NIFTY06OCT2217300PE.NFO,04/10/2022,09:29:53,148.2,148.05,50,148.3,300,2050,783600
NIFTY06OCT2217300PE.NFO,04/10/2022,09:29:55,147.3,147.05,200,147.35,100,7400,783600
NIFTY06OCT2217300PE.NFO,04/10/2022,09:29:56,146.45,146.5,700,146.85,50,2650,783600
NIFTY06OCT2217300PE.NFO,04/10/2022,09:29:57,146.25,146.5,100,146.75,200,2450,783600
NIFTY06OCT2217300PE.NFO,04/10/2022,09:29:58,146.65,146.55,100,146.9,300,3650,783600
NIFTY06OCT2217300PE.NFO,04/10/2022,09:29:59,147.9,147.65,100,147.9,150,3350,783600
NIFTY06OCT2217300PE.NFO,04/10/2022,09:30:00,146.45,146.1,200,146.35,100,2650,783600
NIFTY06OCT2217300PE.NFO,04/10/2022,09:30:01,146.6,146.6,250,146.75,100,14050,783600
NIFTY06OCT2217300PE.NFO,04/10/2022,09:30:03,146.3,146.3,100,146.45,50,8050,783600
NIFTY06OCT2217300PE.NFO,04/10/2022,09:30:04,145.25,145.15,200,145.4,50,6750,783600
NIFTY06OCT2217300PE.NFO,04/10/2022,09:30:05,145.75,145.75,200,145.95,150,4450,783600
NIFTY06OCT2217300PE.NFO,04/10/2022,09:30:06,145,144.45,400,144.8,100,5300,783600
NIFTY06OCT2217300PE.NFO,04/10/2022,09:30:08,144.3,144.05,250,144.3,100,4600,783600
NIFTY06OCT2217300PE.NFO,04/10/2022,09:30:09,144,144,600,144.25,150,3000,783600
NIFTY06OCT2217300PE.NFO,04/10/2022,09:30:10,143.9,143.9,500,144.3,350,3150,783600
NIFTY06OCT2217300PE.NFO,04/10/2022,09:30:10,143.9,143.9,500,144.3,350,0,783600
NIFTY06OCT2217300PE.NFO,04/10/2022,09:30:11,145,144.7,100,145.05,150,3150,783600
NIFTY06OCT2217300PE.NFO,04/10/2022,09:30:12,144.8,144.8,50,145.1,150,3900,783600
NIFTY06OCT2217300PE.NFO,04/10/2022,09:30:14,144.8,144.65,200,144.85,50,700,783600
NIFTY06OCT2217300PE.NFO,04/10/2022,09:30:15,144.5,144.35,250,144.65,350,3250,783600
NIFTY06OCT2217300PE.NFO,04/10/2022,09:30:16,144.7,144.5,400,144.75,50,4900,783600
NIFTY06OCT2217300PE.NFO,04/10/2022,09:30:17,144.25,144.1,200,144.4,100,3550,783600
NIFTY06OCT2217300PE.NFO,04/10/2022,09:30:18,143.95,143.9,50,144.2,300,6500,783600
NIFTY06OCT2217300PE.NFO,04/10/2022,09:30:18,143.75,143.9,50,144.2,300,0,783600
NIFTY06OCT2217300PE.NFO,04/10/2022,09:30:19,144.85,144.65,100,145,300,2800,783600
NIFTY06OCT2217300PE.NFO,04/10/2022,09:30:20,144.1,144.15,100,144.4,100,2600,783600
NIFTY06OCT2217300PE.NFO,04/10/2022,09:30:21,145.1,144.6,100,144.85,150,2250,783600
NIFTY06OCT2217300PE.NFO,04/10/2022,09:30:22,146.55,146.55,50,146.6,100,13350,783600
NIFTY06OCT2217300PE.NFO,04/10/2022,09:30:24,146.95,146.95,150,147.25,100,6600,783600
NIFTY06OCT2217300PE.NFO,04/10/2022,09:30:25,149.15,149.2,50,149.5,50,10350,783600
NIFTY06OCT2217300PE.NFO,04/10/2022,09:30:26,150,149.65,750,150.05,300,7700,783600
NIFTY06OCT2217300PE.NFO,04/10/2022,09:30:27,149.8,149.6,150,149.85,250,1200,783600
NIFTY06OCT2217300PE.NFO,04/10/2022,09:30:28,147.65,147.7,200,148,100,8600,783600
NIFTY06OCT2217300PE.NFO,04/10/2022,09:30:29,147.4,147,500,147.25,100,2250,783600
NIFTY06OCT2217300PE.NFO,04/10/2022,09:30:31,146.4,146.35,100,146.65,200,2000,783600
NIFTY06OCT2217300PE.NFO,04/10/2022,09:30:32,146.9,146.8,100,147,50,2650,783600
NIFTY06OCT2217300PE.NFO,04/10/2022,09:30:33,147.1,147.05,200,147.35,150,550,783600
NIFTY06OCT2217300PE.NFO,04/10/2022,09:30:34,147.35,147.5,400,147.8,250,2150,783600
NIFTY06OCT2217300PE.NFO,04/10/2022,09:30:35,148.3,148.25,200,148.6,150,2750,783600
NIFTY06OCT2217300PE.NFO,04/10/2022,09:30:36,149.05,149,100,149.3,300,7150,783600
NIFTY06OCT2217300PE.NFO,04/10/2022,09:30:37,148.9,148.95,150,149.25,250,6250,783600
NIFTY06OCT2217300PE.NFO,04/10/2022,09:30:38,148.6,148.4,300,148.7,100,3300,783600
NIFTY06OCT2217300PE.NFO,04/10/2022,09:30:39,148.45,148.3,50,148.4,50,3650,783600
NIFTY06OCT2217300PE.NFO,04/10/2022,09:30:41,148,147.85,150,148.15,50,13600,783600
NIFTY06OCT2217300PE.NFO,04/10/2022,09:30:42,148.15,148.2,300,148.45,150,3950,783600
NIFTY06OCT2217300PE.NFO,04/10/2022,09:30:43,148.4,148.05,200,148.35,100,3600,783600
NIFTY06OCT2217300PE.NFO,04/10/2022,09:30:44,148.45,148.4,50,148.65,50,1400,783600
NIFTY06OCT2217300PE.NFO,04/10/2022,09:30:45,148.4,148.4,100,148.65,50,3050,783600
NIFTY06OCT2217300PE.NFO,04/10/2022,09:30:46,147.8,147.8,50,148.1,200,1550,783600
NIFTY06OCT2217300PE.NFO,04/10/2022,09:30:47,148.3,148.1,100,148.35,100,500,783600
NIFTY06OCT2217300PE.NFO,04/10/2022,09:30:48,147.7,147.75,100,148,50,2400,783600
NIFTY06OCT2217300PE.NFO,04/10/2022,09:30:49,147.6,147.5,50,147.8,100,3800,783600
NIFTY06OCT2217300PE.NFO,04/10/2022,09:30:50,147.6,147.45,200,147.7,100,850,783600
NIFTY06OCT2217300PE.NFO,04/10/2022,09:30:51,147.3,147.3,50,147.45,100,2000,783600
NIFTY06OCT2217300PE.NFO,04/10/2022,09:30:52,147.7,147.35,200,147.65,250,900,783600
NIFTY06OCT2217300PE.NFO,04/10/2022,09:30:53,147.8,147.65,50,147.85,150,700,783600
NIFTY06OCT2217300PE.NFO,04/10/2022,09:30:54,148.3,148.1,50,148.25,50,1650,783600
NIFTY06OCT2217300PE.NFO,04/10/2022,09:30:56,148.1,147.7,400,148,150,950,783600
NIFTY06OCT2217300PE.NFO,04/10/2022,09:30:57,147.65,147.7,250,148,600,450,783600
NIFTY06OCT2217300PE.NFO,04/10/2022,09:30:58,148,147.65,250,148,700,800,783600
NIFTY06OCT2217300PE.NFO,04/10/2022,09:30:59,147.3,147.25,800,147.5,50,2550,783600
NIFTY06OCT2217300PE.NFO,04/10/2022,09:31:00,147.25,147.25,550,147.45,50,2000,783600
NIFTY06OCT2217300PE.NFO,04/10/2022,09:31:01,147.4,147.1,100,147.4,100,2000,783600
NIFTY06OCT2217300PE.NFO,04/10/2022,09:31:02,147.4,147.15,50,147.4,600,2550,783600
NIFTY06OCT2217300PE.NFO,04/10/2022,09:31:03,146.9,146.6,250,147,350,4200,783600
NIFTY06OCT2217300PE.NFO,04/10/2022,09:31:04,146.45,146.45,50,146.65,50,1300,783600
NIFTY06OCT2217300PE.NFO,04/10/2022,09:31:05,146.75,146.25,550,146.55,350,1350,783600
NIFTY06OCT2217300PE.NFO,04/10/2022,09:31:06,144.9,144.75,50,144.95,50,7350,783600
NIFTY06OCT2217300PE.NFO,04/10/2022,09:31:07,144.6,144.6,650,144.9,100,1500,783600
NIFTY06OCT2217300PE.NFO,04/10/2022,09:31:08,144.55,144.3,650,144.6,250,1650,783600
NIFTY06OCT2217300PE.NFO,04/10/2022,09:31:09,144.25,144.3,200,144.65,250,1550,783600
NIFTY06OCT2217300PE.NFO,04/10/2022,09:31:10,144,143.65,200,143.9,100,2900,783600
NIFTY06OCT2217300PE.NFO,04/10/2022,09:31:11,144.3,143.85,150,144.15,350,250,783600
NIFTY06OCT2217300PE.NFO,04/10/2022,09:31:12,144.5,144.05,150,144.3,100,4650,783600
NIFTY06OCT2217300PE.NFO,04/10/2022,09:31:13,144,144.1,150,144.4,100,600,783600
NIFTY06OCT2217300PE.NFO,04/10/2022,09:31:14,144.2,143.95,100,144.2,50,1250,783600
NIFTY06OCT2217300PE.NFO,04/10/2022,09:31:15,143.95,144.25,200,144.6,200,1500,783600
NIFTY06OCT2217300PE.NFO,04/10/2022,09:31:15,143.65,144.25,200,144.6,200,0,783600
NIFTY06OCT2217300PE.NFO,04/10/2022,09:31:16,144.1,143.85,400,144.25,250,4450,783600
NIFTY06OCT2217300PE.NFO,04/10/2022,09:31:17,144.95,144.8,150,145.05,250,2450,783600
NIFTY06OCT2217300PE.NFO,04/10/2022,09:31:18,145.2,145,200,145.25,50,650,783600
NIFTY06OCT2217300PE.NFO,04/10/2022,09:31:20,145,144.75,100,144.95,200,4050,783600
NIFTY06OCT2217300PE.NFO,04/10/2022,09:31:21,144.4,144.4,200,144.7,50,600,783600
NIFTY06OCT2217300PE.NFO,04/10/2022,09:31:22,144.55,144.25,500,144.55,100,1050,783600
NIFTY06OCT2217300PE.NFO,04/10/2022,09:31:23,144.5,144.4,150,144.65,50,3600,783600
NIFTY06OCT2217300PE.NFO,04/10/2022,09:31:24,144.25,144.45,100,144.65,50,1100,783600
NIFTY06OCT2217300PE.NFO,04/10/2022,09:31:24,144.4,144.15,300,144.45,150,300,783600
NIFTY06OCT2217300PE.NFO,04/10/2022,09:31:25,143.7,143.65,200,143.95,200,4700,783600
NIFTY06OCT2217300PE.NFO,04/10/2022,09:31:25,143.55,143.65,200,143.95,200,0,783600
NIFTY06OCT2217300PE.NFO,04/10/2022,09:31:27,140.85,140.8,200,141,100,30200,783600
NIFTY06OCT2217300PE.NFO,04/10/2022,09:31:27,139.8,140.8,200,141,100,0,783600
NIFTY06OCT2217300PE.NFO,04/10/2022,09:31:29,141.25,141.15,250,141.35,150,3000,783600
NIFTY06OCT2217300PE.NFO,04/10/2022,09:31:30,141.45,141.7,100,141.95,200,750,783600
NIFTY06OCT2217300PE.NFO,04/10/2022,09:31:31,142.15,141.8,200,142.1,200,2600,783600
NIFTY06OCT2217300PE.NFO,04/10/2022,09:31:32,141.85,141.6,50,141.8,250,2300,783600
NIFTY06OCT2217300PE.NFO,04/10/2022,09:31:33,141.45,141.1,200,141.45,100,3100,783600
NIFTY06OCT2217300PE.NFO,04/10/2022,09:31:34,141.15,141.3,200,141.5,200,3350,783600
NIFTY06OCT2217300PE.NFO,04/10/2022,09:31:35,141.6,141.45,150,141.6,50,900,783600
NIFTY06OCT2217300PE.NFO,04/10/2022,09:31:36,141,141,550,141.25,150,4800,783600
NIFTY06OCT2217300PE.NFO,04/10/2022,09:31:38,140.2,140.15,350,140.45,150,2900,783600
NIFTY06OCT2217300PE.NFO,04/10/2022,09:31:39,140.15,139.7,200,140.1,200,4700,783600
NIFTY06OCT2217300PE.NFO,04/10/2022,09:31:39,139.45,139.7,200,140.1,200,0,783600
NIFTY06OCT2217300PE.NFO,04/10/2022,09:31:40,139.6,139.65,300,139.95,200,1250,783600
NIFTY06OCT2217300PE.NFO,04/10/2022,09:31:41,139.1,139.1,100,139.4,50,8900,783600
NIFTY06OCT2217300PE.NFO,04/10/2022,09:31:41,138.85,139.1,100,139.4,50,0,783600
NIFTY06OCT2217300PE.NFO,04/10/2022,09:31:43,140.35,140.25,100,140.55,300,5650,783600
NIFTY06OCT2217300PE.NFO,04/10/2022,09:31:44,139.3,139.4,150,139.65,50,5500,783600
NIFTY06OCT2217300PE.NFO,04/10/2022,09:31:45,140.25,140.25,250,140.45,100,4050,783600
NIFTY06OCT2217300PE.NFO,04/10/2022,09:31:46,140.45,141.2,300,141.5,250,4050,783600
NIFTY06OCT2217300PE.NFO,04/10/2022,09:31:47,141.3,141.25,100,141.4,50,1100,783600
NIFTY06OCT2217300PE.NFO,04/10/2022,09:31:48,141.3,141.3,1200,141.6,150,3250,783600
NIFTY06OCT2217300PE.NFO,04/10/2022,09:31:50,142,142.05,50,142.45,150,7150,783600
NIFTY06OCT2217300PE.NFO,04/10/2022,09:31:51,140.3,140.5,100,140.8,450,3450,783600
NIFTY06OCT2217300PE.NFO,04/10/2022,09:31:52,140.85,140.45,100,140.8,100,1200,783600
NIFTY06OCT2217300PE.NFO,04/10/2022,09:31:53,140.45,140.5,100,140.75,250,750,783600
NIFTY06OCT2217300PE.NFO,04/10/2022,09:31:54,140.7,140.6,50,140.95,300,3150,783600
NIFTY06OCT2217300PE.NFO,04/10/2022,09:31:54,140.55,140.6,50,140.95,400,200,783600
NIFTY06OCT2217300PE.NFO,04/10/2022,09:31:55,141.15,141.1,100,141.45,150,2100,783600
NIFTY06OCT2217300PE.NFO,04/10/2022,09:31:56,141.1,140.65,650,141.05,100,2200,783600
NIFTY06OCT2217300PE.NFO,04/10/2022,09:31:58,141.4,141.25,200,141.6,100,1500,783600
NIFTY06OCT2217300PE.NFO,04/10/2022,09:31:59,142.25,141.85,350,142.15,100,2950,783600
NIFTY06OCT2217300PE.NFO,04/10/2022,09:32:00,141.75,141.35,150,141.55,50,1300,783600
NIFTY06OCT2217300PE.NFO,04/10/2022,09:32:01,141.3,140.8,100,141.1,100,1100,783600
NIFTY06OCT2217300PE.NFO,04/10/2022,09:32:02,140.55,140.5,50,140.75,150,1250,783600
NIFTY06OCT2217300PE.NFO,04/10/2022,09:32:03,140.65,140.35,50,140.6,100,2200,783600
NIFTY06OCT2217300PE.NFO,04/10/2022,09:32:04,142,141.6,1200,141.9,100,1000,783600
NIFTY06OCT2217300PE.NFO,04/10/2022,09:32:06,141.45,141.45,150,141.65,100,900,783600
NIFTY06OCT2217300PE.NFO,04/10/2022,09:32:07,141.6,141.45,250,141.8,250,3700,783600
NIFTY06OCT2217300PE.NFO,04/10/2022,09:32:08,142.15,142.2,100,142.45,50,600,783600
NIFTY06OCT2217300PE.NFO,04/10/2022,09:32:09,141.75,141.45,800,141.75,100,1600,783600
NIFTY06OCT2217300PE.NFO,04/10/2022,09:32:10,142,141.9,500,142.25,300,1600,783600
NIFTY06OCT2217300PE.NFO,04/10/2022,09:32:11,142.15,142.15,100,142.4,100,1750,783600
NIFTY06OCT2217300PE.NFO,04/10/2022,09:32:12,142.5,142.1,600,142.35,100,4200,783600
NIFTY06OCT2217300PE.NFO,04/10/2022,09:32:13,143.35,143.35,550,143.65,50,9050,783600
NIFTY06OCT2217300PE.NFO,04/10/2022,09:32:15,145.35,145,200,145.4,250,8700,783600
NIFTY06OCT2217300PE.NFO,04/10/2022,09:32:16,144.7,144.75,100,145,100,3100,783600
NIFTY06OCT2217300PE.NFO,04/10/2022,09:32:18,143.1,142.8,250,143.2,50,3050,783600
NIFTY06OCT2217300PE.NFO,04/10/2022,09:32:19,143,143.3,100,143.6,50,1050,783600
NIFTY06OCT2217300PE.NFO,04/10/2022,09:32:20,144,143.85,100,144.2,100,1200,783600
NIFTY06OCT2217300PE.NFO,04/10/2022,09:32:21,143.9,143.75,450,144.05,50,1000,783600
NIFTY06OCT2217300PE.NFO,04/10/2022,09:32:22,144.4,144.1,100,144.45,50,4200,783600
NIFTY06OCT2217300PE.NFO,04/10/2022,09:32:23,144.3,144.3,150,144.65,100,1900,783600
NIFTY06OCT2217300PE.NFO,04/10/2022,09:32:25,144.6,144.3,350,144.6,50,1600,783600
NIFTY06OCT2217300PE.NFO,04/10/2022,09:32:26,144.9,144.35,100,144.65,50,3300,783600
NIFTY06OCT2217300PE.NFO,04/10/2022,09:32:27,144.3,144.1,100,144.4,50,1050,783600
NIFTY06OCT2217300PE.NFO,04/10/2022,09:32:28,144.45,144.15,100,144.45,50,2450,783600
NIFTY06OCT2217300PE.NFO,04/10/2022,09:32:29,144.25,144.45,100,144.75,600,1800,783600
NIFTY06OCT2217300PE.NFO,04/10/2022,09:32:30,144.6,144.05,600,144.35,100,750,783600
NIFTY06OCT2217300PE.NFO,04/10/2022,09:32:31,144.1,144,100,144.3,200,2700,783600
NIFTY06OCT2217300PE.NFO,04/10/2022,09:32:32,144.15,143.95,150,144.25,250,500,783600
NIFTY06OCT2217300PE.NFO,04/10/2022,09:32:33,143.5,143.4,100,143.7,400,1700,945500
NIFTY06OCT2217300PE.NFO,04/10/2022,09:32:34,143.05,142.55,100,142.8,100,1150,945500
NIFTY06OCT2217300PE.NFO,04/10/2022,09:32:36,142.2,141.85,200,142.15,100,2250,945500
NIFTY06OCT2217300PE.NFO,04/10/2022,09:32:37,142,141.8,150,142.1,150,950,945500
NIFTY06OCT2217300PE.NFO,04/10/2022,09:32:38,141.75,141.75,50,141.95,100,1300,945500
NIFTY06OCT2217300PE.NFO,04/10/2022,09:32:39,142.65,142.35,150,142.65,100,1450,945500
NIFTY06OCT2217300PE.NFO,04/10/2022,09:32:40,142.4,142.35,300,142.65,100,2000,945500
NIFTY06OCT2217300PE.NFO,04/10/2022,09:32:41,142.65,142.7,100,143,100,2850,945500
NIFTY06OCT2217300PE.NFO,04/10/2022,09:32:43,142.8,142.95,100,143.2,100,1350,945500
NIFTY06OCT2217300PE.NFO,04/10/2022,09:32:44,142.6,142.25,200,142.6,50,1200,945500
NIFTY06OCT2217300PE.NFO,04/10/2022,09:32:45,142.7,142.6,150,142.9,100,2200,945500
NIFTY06OCT2217300PE.NFO,04/10/2022,09:32:46,142.75,142.75,100,143.1,150,1000,945500
NIFTY06OCT2217300PE.NFO,04/10/2022,09:32:47,142.95,142.95,100,143.2,100,1550,945500
NIFTY06OCT2217300PE.NFO,04/10/2022,09:32:48,142.45,142.45,200,142.8,100,1250,945500
NIFTY06OCT2217300PE.NFO,04/10/2022,09:32:49,142.35,142,550,142.15,100,350,945500
NIFTY06OCT2217300PE.NFO,04/10/2022,09:32:50,142.45,142.3,50,142.4,50,600,945500
NIFTY06OCT2217300PE.NFO,04/10/2022,09:32:52,141.5,141.5,100,141.8,100,2500,945500
NIFTY06OCT2217300PE.NFO,04/10/2022,09:32:53,141.4,141.5,200,141.7,100,1200,945500
NIFTY06OCT2217300PE.NFO,04/10/2022,09:32:54,141.4,141.55,100,141.85,250,700,945500
NIFTY06OCT2217300PE.NFO,04/10/2022,09:32:55,141.8,141.35,100,141.7,300,1050,945500
NIFTY06OCT2217300PE.NFO,04/10/2022,09:32:56,140.95,140.8,200,141,100,2500,945500
NIFTY06OCT2217300PE.NFO,04/10/2022,09:32:57,140.8,140.7,100,140.95,100,200,945500
NIFTY06OCT2217300PE.NFO,04/10/2022,09:32:58,140.65,140.3,200,140.65,100,1500,945500
NIFTY06OCT2217300PE.NFO,04/10/2022,09:32:59,140,140,4950,140.25,450,3250,945500
NIFTY06OCT2217300PE.NFO,04/10/2022,09:32:59,140.05,140.05,100,140.35,150,650,945500
NIFTY06OCT2217300PE.NFO,04/10/2022,09:33:01,138.8,138.7,150,138.95,50,18250,945500
NIFTY06OCT2217300PE.NFO,04/10/2022,09:33:01,138,138.7,150,138.95,50,0,945500
NIFTY06OCT2217300PE.NFO,04/10/2022,09:33:02,139.45,139.55,100,139.75,50,7100,945500
NIFTY06OCT2217300PE.NFO,04/10/2022,09:33:03,138.35,138.1,1350,138.4,50,1800,945500
NIFTY06OCT2217300PE.NFO,04/10/2022,09:33:05,138.3,138.35,100,138.7,900,4900,945500
NIFTY06OCT2217300PE.NFO,04/10/2022,09:33:05,137.9,138.35,100,138.7,900,0,945500
NIFTY06OCT2217300PE.NFO,04/10/2022,09:33:06,138.3,138.1,300,138.45,550,1800,945500
NIFTY06OCT2217300PE.NFO,04/10/2022,09:33:07,138.1,137.85,950,138.15,100,18000,945500
NIFTY06OCT2217300PE.NFO,04/10/2022,09:33:07,136.5,137.85,950,138.15,100,0,945500
NIFTY06OCT2217300PE.NFO,04/10/2022,09:33:08,137.3,137.2,350,137.45,50,1850,945500
NIFTY06OCT2217300PE.NFO,04/10/2022,09:33:09,136.85,136.7,350,136.95,50,1050,945500
NIFTY06OCT2217300PE.NFO,04/10/2022,09:33:11,136.1,136,3700,136.2,50,4750,945500
NIFTY06OCT2217300PE.NFO,04/10/2022,09:33:11,136.1,136,3700,136.2,50,0,945500
NIFTY06OCT2217300PE.NFO,04/10/2022,09:33:12,136.3,136.15,100,136.45,200,11450,945500
NIFTY06OCT2217300PE.NFO,04/10/2022,09:33:12,135.9,136.15,100,136.45,200,0,945500
NIFTY06OCT2217300PE.NFO,04/10/2022,09:33:13,135.9,135.75,200,136.05,100,4050,945500
NIFTY06OCT2217300PE.NFO,04/10/2022,09:33:13,135.6,135.75,200,136.05,100,0,945500
NIFTY06OCT2217300PE.NFO,04/10/2022,09:33:14,135.75,135.95,150,136.25,100,3950,945500
NIFTY06OCT2217300PE.NFO,04/10/2022,09:33:14,135.55,135.95,150,136.25,100,0,945500
NIFTY06OCT2217300PE.NFO,04/10/2022,09:33:15,136.5,136.5,250,136.85,100,3250,945500
NIFTY06OCT2217300PE.NFO,04/10/2022,09:33:17,136.6,137.05,50,137.4,150,3250,945500
NIFTY06OCT2217300PE.NFO,04/10/2022,09:33:18,137.1,137.05,100,137.4,200,1400,945500
NIFTY06OCT2217300PE.NFO,04/10/2022,09:33:19,137.6,137.35,50,137.6,100,2500,945500
NIFTY06OCT2217300PE.NFO,04/10/2022,09:33:20,138.5,138.6,200,139,1100,4950,945500
NIFTY06OCT2217300PE.NFO,04/10/2022,09:33:21,139.85,139.75,200,140,2050,2300,945500
NIFTY06OCT2217300PE.NFO,04/10/2022,09:33:22,139.1,139,50,139.35,350,3200,945500
NIFTY06OCT2217300PE.NFO,04/10/2022,09:33:23,138.6,138.35,100,138.65,100,1600,945500
NIFTY06OCT2217300PE.NFO,04/10/2022,09:33:24,138.55,138.2,750,138.55,50,3500,945500
NIFTY06OCT2217300PE.NFO,04/10/2022,09:33:25,137.85,137.5,250,137.85,250,3100,945500
NIFTY06OCT2217300PE.NFO,04/10/2022,09:33:26,137.95,137.6,50,137.95,250,350,945500
NIFTY06OCT2217300PE.NFO,04/10/2022,09:33:27,138.25,137.8,150,138,50,1150,945500
NIFTY06OCT2217300PE.NFO,04/10/2022,09:33:28,138.6,137.85,150,138.05,100,2000,945500
NIFTY06OCT2217300PE.NFO,04/10/2022,09:33:29,139.2,139.2,100,139.5,300,4350,945500
NIFTY06OCT2217300PE.NFO,04/10/2022,09:33:30,140.95,140.7,750,141,150,5750,945500
NIFTY06OCT2217300PE.NFO,04/10/2022,09:33:31,140.45,140.95,50,141.25,200,4100,945500
NIFTY06OCT2217300PE.NFO,04/10/2022,09:33:32,142,141.65,200,141.95,100,3650,945500
NIFTY06OCT2217300PE.NFO,04/10/2022,09:33:34,141.8,141.55,150,141.9,100,4050,945500
NIFTY06OCT2217300PE.NFO,04/10/2022,09:33:35,140.6,140.25,300,140.6,100,4150,945500
NIFTY06OCT2217300PE.NFO,04/10/2022,09:33:36,140.55,140.65,100,140.9,100,1200,945500
NIFTY06OCT2217300PE.NFO,04/10/2022,09:33:37,140.35,140.05,200,140.35,200,5050,945500
NIFTY06OCT2217300PE.NFO,04/10/2022,09:33:38,140.1,140.2,150,140.4,500,3300,945500
NIFTY06OCT2217300PE.NFO,04/10/2022,09:33:39,140.85,140.85,150,141.15,500,2900,945500
NIFTY06OCT2217300PE.NFO,04/10/2022,09:33:40,139.8,139.95,150,140.25,300,1400,945500
NIFTY06OCT2217300PE.NFO,04/10/2022,09:33:42,139.75,140,50,140.25,100,2900,945500
NIFTY06OCT2217300PE.NFO,04/10/2022,09:33:43,140.05,140.25,100,140.3,100,1150,945500
NIFTY06OCT2217300PE.NFO,04/10/2022,09:33:44,140.35,140,50,140.25,250,2600,945500
NIFTY06OCT2217300PE.NFO,04/10/2022,09:33:45,140.65,140.3,100,140.6,100,6150,945500
NIFTY06OCT2217300PE.NFO,04/10/2022,09:33:46,140.3,140.05,50,140.25,100,2250,945500
NIFTY06OCT2217300PE.NFO,04/10/2022,09:33:47,139.9,140.1,50,140.35,50,450,945500
NIFTY06OCT2217300PE.NFO,04/10/2022,09:33:48,140.45,140.4,250,140.7,550,1300,945500
NIFTY06OCT2217300PE.NFO,04/10/2022,09:33:50,140.25,140.05,150,140.3,100,3700,945500
NIFTY06OCT2217300PE.NFO,04/10/2022,09:33:51,140.25,140,300,140.2,100,1100,945500
NIFTY06OCT2217300PE.NFO,04/10/2022,09:33:52,141.25,140.95,100,141.3,100,2100,945500
NIFTY06OCT2217300PE.NFO,04/10/2022,09:33:53,140.65,140.85,200,141.1,50,3700,945500
NIFTY06OCT2217300PE.NFO,04/10/2022,09:33:54,141.2,140.9,250,141.15,50,2600,945500
NIFTY06OCT2217300PE.NFO,04/10/2022,09:33:55,141.55,141.2,200,141.35,2900,4400,945500
NIFTY06OCT2217300PE.NFO,04/10/2022,09:33:56,141.05,140.95,300,141.3,100,5700,945500
NIFTY06OCT2217300PE.NFO,04/10/2022,09:33:57,140.8,140.7,450,140.9,50,1050,945500
NIFTY06OCT2217300PE.NFO,04/10/2022,09:33:58,140.3,140.25,400,140.3,2850,3500,945500
NIFTY06OCT2217300PE.NFO,04/10/2022,09:33:59,140.15,140.15,50,140.3,50,750,945500
NIFTY06OCT2217300PE.NFO,04/10/2022,09:34:00,140.35,140.35,200,140.55,100,1300,945500
NIFTY06OCT2217300PE.NFO,04/10/2022,09:34:01,140.45,140.4,100,140.6,100,900,945500
NIFTY06OCT2217300PE.NFO,04/10/2022,09:34:02,140.75,140.85,100,141.15,400,700,945500
NIFTY06OCT2217300PE.NFO,04/10/2022,09:34:03,140,140,2750,140.2,100,10050,945500
NIFTY06OCT2217300PE.NFO,04/10/2022,09:34:04,139.45,139.35,250,139.7,150,6650,945500
NIFTY06OCT2217300PE.NFO,04/10/2022,09:34:05,140.15,140.05,50,140.15,50,700,945500
NIFTY06OCT2217300PE.NFO,04/10/2022,09:34:06,140.15,140.4,300,140.6,100,1850,945500
NIFTY06OCT2217300PE.NFO,04/10/2022,09:34:07,140.45,140.45,50,140.65,50,100,945500
NIFTY06OCT2217300PE.NFO,04/10/2022,09:34:08,140.55,140.45,100,140.75,200,5800,945500
NIFTY06OCT2217300PE.NFO,04/10/2022,09:34:09,140.65,140.3,200,140.55,50,3400,945500
NIFTY06OCT2217300PE.NFO,04/10/2022,09:34:10,140.4,140.2,250,140.35,100,6500,945500
NIFTY06OCT2217300PE.NFO,04/10/2022,09:34:11,140.45,140.15,150,140.45,100,3900,945500
NIFTY06OCT2217300PE.NFO,04/10/2022,09:34:12,140.5,140.25,150,140.5,50,2600,945500
NIFTY06OCT2217300PE.NFO,04/10/2022,09:34:13,140.35,140.3,150,140.4,100,5800,945500
NIFTY06OCT2217300PE.NFO,04/10/2022,09:34:14,140.75,140.95,50,141,4350,3900,945500
NIFTY06OCT2217300PE.NFO,04/10/2022,09:34:15,140.35,140.3,200,140.5,50,2850,945500
NIFTY06OCT2217300PE.NFO,04/10/2022,09:34:16,140.1,140.15,200,140.4,50,7050,945500
NIFTY06OCT2217300PE.NFO,04/10/2022,09:34:17,140.8,140.7,200,140.9,100,50,945500
NIFTY06OCT2217300PE.NFO,04/10/2022,09:34:18,139.95,139.9,200,140.2,100,3050,945500
NIFTY06OCT2217300PE.NFO,04/10/2022,09:34:19,139.2,139,1700,139.3,50,9650,945500
NIFTY06OCT2217300PE.NFO,04/10/2022,09:34:20,138.7,138.7,200,138.95,250,2900,945500
NIFTY06OCT2217300PE.NFO,04/10/2022,09:34:21,138.4,138.3,100,138.5,200,4850,945500
NIFTY06OCT2217300PE.NFO,04/10/2022,09:34:22,138.1,137.95,50,138.1,50,3200,945500
NIFTY06OCT2217300PE.NFO,04/10/2022,09:34:23,137.9,137.8,100,137.95,350,3150,945500
NIFTY06OCT2217300PE.NFO,04/10/2022,09:34:24,137.25,137,1350,137.2,150,2450,945500
NIFTY06OCT2217300PE.NFO,04/10/2022,09:34:25,137.25,137.05,100,137.1,150,6550,945500
NIFTY06OCT2217300PE.NFO,04/10/2022,09:34:26,136.55,136.5,50,136.55,100,6100,945500
NIFTY06OCT2217300PE.NFO,04/10/2022,09:34:27,136.05,136.2,100,136.45,250,2900,945500
NIFTY06OCT2217300PE.NFO,04/10/2022,09:34:28,135.9,136.05,100,136.3,150,3700,945500
NIFTY06OCT2217300PE.NFO,04/10/2022,09:34:29,136.15,135.9,50,136.1,200,9600,945500
NIFTY06OCT2217300PE.NFO,04/10/2022,09:34:30,136.8,136.8,100,137,500,1750,945500
NIFTY06OCT2217300PE.NFO,04/10/2022,09:34:31,137.7,137.45,150,137.75,250,7350,945500
NIFTY06OCT2217300PE.NFO,04/10/2022,09:34:32,139.7,139.9,50,140,750,4700,945500
NIFTY06OCT2217300PE.NFO,04/10/2022,09:34:34,139.85,139.65,200,139.95,50,2650,945500
NIFTY06OCT2217300PE.NFO,04/10/2022,09:34:35,137.9,137.85,150,138.1,100,8350,945500
NIFTY06OCT2217300PE.NFO,04/10/2022,09:34:36,137.05,136.55,200,136.8,100,7800,945500
NIFTY06OCT2217300PE.NFO,04/10/2022,09:34:37,137.3,137.1,50,137.4,200,5750,945500
NIFTY06OCT2217300PE.NFO,04/10/2022,09:34:38,137.6,137.2,100,137.5,100,550,945500
NIFTY06OCT2217300PE.NFO,04/10/2022,09:34:39,138.35,138.1,150,138.45,700,3250,945500
NIFTY06OCT2217300PE.NFO,04/10/2022,09:34:40,137.9,137.65,200,137.95,150,3350,945500
NIFTY06OCT2217300PE.NFO,04/10/2022,09:34:41,137.65,137.65,100,138,350,300,945500
NIFTY06OCT2217300PE.NFO,04/10/2022,09:34:42,138.25,137.95,100,138.25,200,2200,945500
NIFTY06OCT2217300PE.NFO,04/10/2022,09:34:43,139.8,139.65,50,139.8,50,9800,945500
NIFTY06OCT2217300PE.NFO,04/10/2022,09:34:44,139.75,139.75,250,140,50,3350,945500
NIFTY06OCT2217300PE.NFO,04/10/2022,09:34:45,140,139.75,100,140,200,1000,945500
NIFTY06OCT2217300PE.NFO,04/10/2022,09:34:47,139.45,139.45,300,139.7,150,4450,945500
NIFTY06OCT2217300PE.NFO,04/10/2022,09:34:48,138.65,138.55,100,138.85,100,2800,945500
NIFTY06OCT2217300PE.NFO,04/10/2022,09:34:49,138.45,138.35,200,138.45,300,4750,945500
NIFTY06OCT2217300PE.NFO,04/10/2022,09:34:50,138.6,138.1,100,138.45,750,2650,945500
NIFTY06OCT2217300PE.NFO,04/10/2022,09:34:51,138.95,138.95,200,139.2,300,1100,945500
NIFTY06OCT2217300PE.NFO,04/10/2022,09:34:52,138.85,138.7,150,138.95,100,1600,945500
NIFTY06OCT2217300PE.NFO,04/10/2022,09:34:53,139.8,139.45,150,139.8,200,1000,945500
NIFTY06OCT2217300PE.NFO,04/10/2022,09:34:55,139.95,139.95,150,140.25,150,4000,945500
NIFTY06OCT2217300PE.NFO,04/10/2022,09:34:56,140,139.85,200,139.95,50,4250,945500
NIFTY06OCT2217300PE.NFO,04/10/2022,09:34:57,140.7,140.45,100,140.75,250,3100,945500
NIFTY06OCT2217300PE.NFO,04/10/2022,09:34:58,140.35,140.35,100,140.65,200,8450,945500
NIFTY06OCT2217300PE.NFO,04/10/2022,09:34:59,140.8,140.7,150,140.8,100,1700,945500
NIFTY06OCT2217300PE.NFO,04/10/2022,09:35:00,139.5,139.3,200,139.5,750,2350,945500
NIFTY06OCT2217300PE.NFO,04/10/2022,09:35:02,138.85,138.85,100,139.2,350,8750,945500
NIFTY06OCT2217300PE.NFO,04/10/2022,09:35:03,138.5,138.35,300,138.6,200,4500,945500
NIFTY06OCT2217300PE.NFO,04/10/2022,09:35:04,138.6,138.25,300,138.55,100,4650,945500
NIFTY06OCT2217300PE.NFO,04/10/2022,09:35:05,138.95,138.8,250,139,150,6400,945500
NIFTY06OCT2217300PE.NFO,04/10/2022,09:35:06,139.2,139,50,139.3,350,1350,945500
NIFTY06OCT2217300PE.NFO,04/10/2022,09:35:07,139.45,139.65,50,139.8,50,4650,945500
NIFTY06OCT2217300PE.NFO,04/10/2022,09:35:08,139.95,140.2,200,140.4,250,2300,945500
NIFTY06OCT2217300PE.NFO,04/10/2022,09:35:10,140.35,140.3,350,140.4,300,7450,945500
NIFTY06OCT2217300PE.NFO,04/10/2022,09:35:11,141,140.85,50,141,2150,13500,945500
NIFTY06OCT2217300PE.NFO,04/10/2022,09:35:12,141.25,141.25,100,141.4,50,7200,945500
NIFTY06OCT2217300PE.NFO,04/10/2022,09:35:13,141.2,141,650,141.3,100,9000,945500
NIFTY06OCT2217300PE.NFO,04/10/2022,09:35:14,139.95,140,100,140.3,150,4650,945500
NIFTY06OCT2217300PE.NFO,04/10/2022,09:35:15,140.45,140.45,50,140.75,150,3550,945500
NIFTY06OCT2217300PE.NFO,04/10/2022,09:35:17,141.8,141.8,300,142,1050,3650,945500
NIFTY06OCT2217300PE.NFO,04/10/2022,09:35:18,143.3,143,150,143.3,100,8750,945500
NIFTY06OCT2217300PE.NFO,04/10/2022,09:35:20,143.3,143.35,150,143.55,100,3050,945500
NIFTY06OCT2217300PE.NFO,04/10/2022,09:35:21,144.3,144,200,144.3,200,8100,945500
NIFTY06OCT2217300PE.NFO,04/10/2022,09:35:22,144.65,144.35,50,144.6,150,9900,945500
NIFTY06OCT2217300PE.NFO,04/10/2022,09:35:24,143.8,143.85,150,144.1,100,3150,945500
NIFTY06OCT2217300PE.NFO,04/10/2022,09:35:25,143.9,143.55,100,143.85,150,3950,945500
NIFTY06OCT2217300PE.NFO,04/10/2022,09:35:25,142.9,142.6,50,142.85,100,2300,945500
NIFTY06OCT2217300PE.NFO,04/10/2022,09:35:27,143.1,142.9,150,143.2,150,9600,945500
NIFTY06OCT2217300PE.NFO,04/10/2022,09:35:28,143.45,143.5,150,143.65,150,1150,945500
NIFTY06OCT2217300PE.NFO,04/10/2022,09:35:29,143.6,143.45,150,143.7,950,4850,945500
NIFTY06OCT2217300PE.NFO,04/10/2022,09:35:30,143.75,143.75,150,144,150,3600,945500
NIFTY06OCT2217300PE.NFO,04/10/2022,09:35:31,144.45,144.05,100,144.4,350,2950,945500
NIFTY06OCT2217300PE.NFO,04/10/2022,09:35:32,144.15,144.1,100,144.2,200,4750,945500
NIFTY06OCT2217300PE.NFO,04/10/2022,09:35:34,143.25,143.2,100,143.5,200,5050,945500
NIFTY06OCT2217300PE.NFO,04/10/2022,09:35:35,143.55,143.6,300,143.9,300,1000,945500
NIFTY06OCT2217300PE.NFO,04/10/2022,09:35:36,144,143.9,100,144.15,50,2450,1106100
NIFTY06OCT2217300PE.NFO,04/10/2022,09:35:37,143.5,143.6,100,143.85,50,3950,1106100
NIFTY06OCT2217300PE.NFO,04/10/2022,09:35:38,144.1,144.25,150,144.6,550,1900,1106100
NIFTY06OCT2217300PE.NFO,04/10/2022,09:35:39,144.25,144.4,150,144.55,50,4500,1106100
NIFTY06OCT2217300PE.NFO,04/10/2022,09:35:41,145.3,144.95,150,145.2,100,5100,1106100
NIFTY06OCT2217300PE.NFO,04/10/2022,09:35:42,145.75,145.75,50,146.05,50,10300,1106100
NIFTY06OCT2217300PE.NFO,04/10/2022,09:35:43,147,146.9,150,147,100,3200,1106100
NIFTY06OCT2217300PE.NFO,04/10/2022,09:35:45,147.45,147.2,150,147.45,100,2750,1106100
NIFTY06OCT2217300PE.NFO,04/10/2022,09:35:46,147.5,147.3,150,147.5,50,5400,1106100
NIFTY06OCT2217300PE.NFO,04/10/2022,09:35:47,147.2,147.2,100,147.5,50,4200,1106100
NIFTY06OCT2217300PE.NFO,04/10/2022,09:35:48,147.15,146.8,200,147.1,100,2050,1106100
NIFTY06OCT2217300PE.NFO,04/10/2022,09:35:49,147.25,147.2,550,147.5,50,1750,1106100
NIFTY06OCT2217300PE.NFO,04/10/2022,09:35:50,147.1,147,1100,147.4,100,6250,1106100
NIFTY06OCT2217300PE.NFO,04/10/2022,09:35:51,147.8,147.55,100,147.85,200,2850,1106100
NIFTY06OCT2217300PE.NFO,04/10/2022,09:35:52,147.6,147.55,150,147.8,150,5400,1106100
NIFTY06OCT2217300PE.NFO,04/10/2022,09:35:53,147.2,147.3,50,147.55,200,5150,1106100
NIFTY06OCT2217300PE.NFO,04/10/2022,09:35:54,147,146.7,50,147,200,5350,1106100
NIFTY06OCT2217300PE.NFO,04/10/2022,09:35:56,147.35,147.2,150,147.4,150,6150,1106100
NIFTY06OCT2217300PE.NFO,04/10/2022,09:35:57,146.25,146.05,150,146.2,50,6900,1106100
NIFTY06OCT2217300PE.NFO,04/10/2022,09:35:58,146.15,145.9,50,146.05,250,3300,1106100
NIFTY06OCT2217300PE.NFO,04/10/2022,09:35:59,145.9,145.6,100,145.9,200,2950,1106100
NIFTY06OCT2217300PE.NFO,04/10/2022,09:36:00,144.65,144.55,150,144.85,100,4500,1106100
NIFTY06OCT2217300PE.NFO,04/10/2022,09:36:01,144.6,144.35,50,144.6,200,2800,1106100
NIFTY06OCT2217300PE.NFO,04/10/2022,09:36:02,144.2,144.2,150,144.45,500,3200,1106100
NIFTY06OCT2217300PE.NFO,04/10/2022,09:36:04,144.2,144.2,200,144.55,900,4450,1106100
NIFTY06OCT2217300PE.NFO,04/10/2022,09:36:05,146.1,145.9,200,146.2,150,6700,1106100
NIFTY06OCT2217300PE.NFO,04/10/2022,09:36:06,146.25,146.4,150,146.7,100,1600,1106100
NIFTY06OCT2217300PE.NFO,04/10/2022,09:36:07,146.1,146,300,146.35,200,3650,1106100
NIFTY06OCT2217300PE.NFO,04/10/2022,09:36:09,147,146.95,200,147,1500,2300,1106100
NIFTY06OCT2217300PE.NFO,04/10/2022,09:36:10,146.35,146.15,200,146.3,100,4100,1106100
NIFTY06OCT2217300PE.NFO,04/10/2022,09:36:11,145.5,145.4,200,145.7,100,2250,1106100
NIFTY06OCT2217300PE.NFO,04/10/2022,09:36:12,146.35,146.25,100,146.6,100,1150,1106100
NIFTY06OCT2217300PE.NFO,04/10/2022,09:36:13,146.5,146.45,400,146.75,100,2300,1106100
NIFTY06OCT2217300PE.NFO,04/10/2022,09:36:14,146.55,146.6,150,146.95,100,1550,1106100
NIFTY06OCT2217300PE.NFO,04/10/2022,09:36:16,146.05,145.8,150,146.05,250,3100,1106100
NIFTY06OCT2217300PE.NFO,04/10/2022,09:36:17,145.65,145.05,100,145.35,100,2100,1106100
NIFTY06OCT2217300PE.NFO,04/10/2022,09:36:18,145.55,145.2,100,145.5,600,2650,1106100
NIFTY06OCT2217300PE.NFO,04/10/2022,09:36:19,145.15,145.25,50,145.5,400,1050,1106100
NIFTY06OCT2217300PE.NFO,04/10/2022,09:36:20,145.2,144.8,200,145.15,200,1450,1106100
NIFTY06OCT2217300PE.NFO,04/10/2022,09:36:22,145.35,145.55,100,145.8,1000,550,1106100
NIFTY06OCT2217300PE.NFO,04/10/2022,09:36:23,146,145.85,150,146.05,50,950,1106100
NIFTY06OCT2217300PE.NFO,04/10/2022,09:36:24,145.95,146,100,146.3,400,7500,1106100
NIFTY06OCT2217300PE.NFO,04/10/2022,09:36:25,146.7,146.45,150,146.65,50,700,1106100
NIFTY06OCT2217300PE.NFO,04/10/2022,09:36:26,146.8,146.75,100,147,1450,1000,1106100
NIFTY06OCT2217300PE.NFO,04/10/2022,09:36:28,147.5,147.3,150,147.6,1450,2250,1106100
NIFTY06OCT2217300PE.NFO,04/10/2022,09:36:29,147.35,147.15,100,147.4,200,1200,1106100
NIFTY06OCT2217300PE.NFO,04/10/2022,09:36:30,147,147.1,150,147.35,50,2750,1106100
NIFTY06OCT2217300PE.NFO,04/10/2022,09:36:31,147.8,147.55,150,147.75,200,1150,1106100
NIFTY06OCT2217300PE.NFO,04/10/2022,09:36:32,147.5,147.15,300,147.5,550,1250,1106100
NIFTY06OCT2217300PE.NFO,04/10/2022,09:36:33,147.75,147.45,100,147.8,200,3650,1106100
NIFTY06OCT2217300PE.NFO,04/10/2022,09:36:34,148,147.95,150,148,1250,1900,1106100
NIFTY06OCT2217300PE.NFO,04/10/2022,09:36:35,148.95,148.75,50,148.95,100,6000,1106100
NIFTY06OCT2217300PE.NFO,04/10/2022,09:36:36,148.75,148.8,250,148.85,600,3100,1106100
NIFTY06OCT2217300PE.NFO,04/10/2022,09:36:38,149,148.6,300,148.9,200,2850,1106100
NIFTY06OCT2217300PE.NFO,04/10/2022,09:36:39,148.6,148.7,150,149,200,4450,1106100
NIFTY06OCT2217300PE.NFO,04/10/2022,09:36:39,149.15,149,150,149.2,200,1950,1106100
NIFTY06OCT2217300PE.NFO,04/10/2022,09:36:40,149.25,149.1,300,149.3,650,3050,1106100
NIFTY06OCT2217300PE.NFO,04/10/2022,09:36:41,148.95,148.7,150,148.9,150,3550,1106100
NIFTY06OCT2217300PE.NFO,04/10/2022,09:36:42,149.35,149,100,149.35,450,3400,1106100
NIFTY06OCT2217300PE.NFO,04/10/2022,09:36:44,148.1,148.05,200,148.3,150,3650,1106100
NIFTY06OCT2217300PE.NFO,04/10/2022,09:36:45,147.55,147.55,150,147.8,100,2550,1106100
NIFTY06OCT2217300PE.NFO,04/10/2022,09:36:46,148.15,147.8,150,148.1,500,4500,1106100
NIFTY06OCT2217300PE.NFO,04/10/2022,09:36:47,148.2,147.75,350,148.05,100,3400,1106100
NIFTY06OCT2217300PE.NFO,04/10/2022,09:36:48,148.5,148.4,200,148.5,450,2150,1106100
NIFTY06OCT2217300PE.NFO,04/10/2022,09:36:49,148.75,148.4,150,148.65,100,3750,1106100
NIFTY06OCT2217300PE.NFO,04/10/2022,09:36:50,148.75,148.8,450,149,650,4500,1106100
NIFTY06OCT2217300PE.NFO,04/10/2022,09:36:51,148.55,148.55,150,148.75,150,4900,1106100
NIFTY06OCT2217300PE.NFO,04/10/2022,09:36:52,147.9,147.9,100,148.2,150,7000,1106100
NIFTY06OCT2217300PE.NFO,04/10/2022,09:36:54,147.9,147.85,250,148.15,100,2550,1106100
NIFTY06OCT2217300PE.NFO,04/10/2022,09:36:54,148.4,148.05,100,148.4,700,50,1106100
NIFTY06OCT2217300PE.NFO,04/10/2022,09:36:55,148.65,148.65,150,148.85,150,2750,1106100
NIFTY06OCT2217300PE.NFO,04/10/2022,09:36:56,148.95,148.9,150,149.2,100,3800,1106100
NIFTY06OCT2217300PE.NFO,04/10/2022,09:36:57,149.25,148.95,100,149.25,500,5450,1106100
NIFTY06OCT2217300PE.NFO,04/10/2022,09:36:58,149.5,149.4,150,149.6,50,400,1106100
NIFTY06OCT2217300PE.NFO,04/10/2022,09:36:59,148.85,149.15,100,149.45,250,4550,1106100
NIFTY06OCT2217300PE.NFO,04/10/2022,09:37:01,148.7,148.65,200,149,1000,12200,1106100
NIFTY06OCT2217300PE.NFO,04/10/2022,09:37:02,149.4,149.1,150,149.45,100,3000,1106100
NIFTY06OCT2217300PE.NFO,04/10/2022,09:37:03,149.65,149.6,50,149.9,50,2850,1106100
NIFTY06OCT2217300PE.NFO,04/10/2022,09:37:04,148.8,148.5,300,148.8,200,4150,1106100
NIFTY06OCT2217300PE.NFO,04/10/2022,09:37:06,147.95,147.65,400,147.95,250,6000,1106100
NIFTY06OCT2217300PE.NFO,04/10/2022,09:37:07,146.75,146.6,200,146.75,150,7350,1106100
NIFTY06OCT2217300PE.NFO,04/10/2022,09:37:08,146.2,146.15,550,146.5,100,4150,1106100
NIFTY06OCT2217300PE.NFO,04/10/2022,09:37:09,146.85,146.6,100,146.9,350,1550,1106100
NIFTY06OCT2217300PE.NFO,04/10/2022,09:37:11,146,146.4,100,146.65,50,5250,1106100
NIFTY06OCT2217300PE.NFO,04/10/2022,09:37:12,147.2,146.7,700,146.95,150,300,1106100
NIFTY06OCT2217300PE.NFO,04/10/2022,09:37:13,146.95,146.75,300,147.05,100,1600,1106100
NIFTY06OCT2217300PE.NFO,04/10/2022,09:37:14,147.3,147.05,100,147.35,200,1450,1106100
NIFTY06OCT2217300PE.NFO,04/10/2022,09:37:15,147.2,147.2,50,147.45,50,2150,1106100
NIFTY06OCT2217300PE.NFO,04/10/2022,09:37:16,147.2,147.25,100,147.6,100,650,1106100
NIFTY06OCT2217300PE.NFO,04/10/2022,09:37:17,146.9,146.95,50,147.15,50,500,1106100
NIFTY06OCT2217300PE.NFO,04/10/2022,09:37:19,147.9,147.6,50,147.7,100,2150,1106100
NIFTY06OCT2217300PE.NFO,04/10/2022,09:37:20,148.8,148.9,150,149,1950,1150,1106100
NIFTY06OCT2217300PE.NFO,04/10/2022,09:37:21,149.9,149.65,200,149.95,200,4500,1106100
NIFTY06OCT2217300PE.NFO,04/10/2022,09:37:22,149.35,149.55,300,149.8,150,2200,1106100
NIFTY06OCT2217300PE.NFO,04/10/2022,09:37:23,149.5,149.7,100,149.95,100,3200,1106100
NIFTY06OCT2217300PE.NFO,04/10/2022,09:37:24,150,150.05,350,150.25,1250,2750,1106100
NIFTY06OCT2217300PE.NFO,04/10/2022,09:37:25,150,150,150,150.25,1800,3600,1106100
NIFTY06OCT2217300PE.NFO,04/10/2022,09:37:26,150.2,149.85,200,150.15,100,1500,1106100
NIFTY06OCT2217300PE.NFO,04/10/2022,09:37:27,150.4,150.25,150,150.45,50,3650,1106100
NIFTY06OCT2217300PE.NFO,04/10/2022,09:37:29,151.9,151.9,100,151.95,150,6550,1106100
NIFTY06OCT2217300PE.NFO,04/10/2022,09:37:30,152.25,152.15,100,152.45,100,5500,1106100
NIFTY06OCT2217300PE.NFO,04/10/2022,09:37:31,153.15,153,150,153.25,350,2650,1106100
NIFTY06OCT2217300PE.NFO,04/10/2022,09:37:32,153.55,153.25,150,153.5,300,6700,1106100
NIFTY06OCT2217300PE.NFO,04/10/2022,09:37:33,152.6,152.3,100,152.6,100,8400,1106100
NIFTY06OCT2217300PE.NFO,04/10/2022,09:37:35,152.8,152.25,350,152.55,100,3350,1106100
NIFTY06OCT2217300PE.NFO,04/10/2022,09:37:36,152.3,152,200,152.3,100,3750,1106100
NIFTY06OCT2217300PE.NFO,04/10/2022,09:37:37,152.2,151.9,150,152.2,50,2800,1106100
NIFTY06OCT2217300PE.NFO,04/10/2022,09:37:38,153,152.7,200,153,5900,2700,1106100
NIFTY06OCT2217300PE.NFO,04/10/2022,09:37:39,152.6,152.55,200,152.85,200,7650,1106100
NIFTY06OCT2217300PE.NFO,04/10/2022,09:37:40,152.65,152.65,150,153,1000,1850,1106100
NIFTY06OCT2217300PE.NFO,04/10/2022,09:37:41,152.6,152.8,100,153,950,850,1106100
NIFTY06OCT2217300PE.NFO,04/10/2022,09:37:42,153.25,153.25,50,153.6,550,2450,1106100
NIFTY06OCT2217300PE.NFO,04/10/2022,09:37:44,152.95,153.15,350,153.5,250,3850,1106100
