Ticker,Date,Time,LTP,BuyPrice,BuyQty,SellPrice,SellQty,LTQ,OpenInterest
NIFTY06OCT2217300CE.NFO,04/10/2022,09:15:00,35,33.35,800,37.45,600,26950,4828150
NIFTY06OCT2217300CE.NFO,04/10/2022,09:15:00,35,33.35,800,37.45,600,0,4828150
NIFTY06OCT2217300CE.NFO,04/10/2022,09:15:00,37.95,33.35,800,37.45,600,0,4828150
NIFTY06OCT2217300CE.NFO,04/10/2022,09:15:00,30.1,33.35,800,37.45,600,0,4828150
NIFTY06OCT2217300CE.NFO,04/10/2022,09:15:02,32.35,32.45,550,33.25,800,55650,4828150
NIFTY06OCT2217300CE.NFO,04/10/2022,09:15:03,33.9,33.9,850,34.95,400,65650,4828150
NIFTY06OCT2217300CE.NFO,04/10/2022,09:15:05,35,34.25,800,35.05,750,71400,4828150
NIFTY06OCT2217300CE.NFO,04/10/2022,09:15:07,32.45,32.35,50,32.65,50,67750,4828150
NIFTY06OCT2217300CE.NFO,04/10/2022,09:15:08,33,32.8,800,33,11200,78150,4828150
NIFTY06OCT2217300CE.NFO,04/10/2022,09:15:10,31.8,32.05,800,32.4,50,109150,4828150
NIFTY06OCT2217300CE.NFO,04/10/2022,09:15:12,32.9,32.75,900,32.9,50,77300,4828150
NIFTY06OCT2217300CE.NFO,04/10/2022,09:15:13,33.6,33.35,50,33.55,50,31200,4828150
NIFTY06OCT2217300CE.NFO,04/10/2022,09:15:14,33.45,33.2,900,33.6,800,54800,4828150
NIFTY06OCT2217300CE.NFO,04/10/2022,09:15:15,32.8,32.55,400,32.8,50,38000,4828150
NIFTY06OCT2217300CE.NFO,04/10/2022,09:15:17,32.55,32.55,800,32.75,100,100050,4828150
NIFTY06OCT2217300CE.NFO,04/10/2022,09:15:18,32.55,32.5,50,32.55,700,91300,4828150
NIFTY06OCT2217300CE.NFO,04/10/2022,09:15:20,33,33.05,50,33.25,100,69950,4828150
NIFTY06OCT2217300CE.NFO,04/10/2022,09:15:21,32.65,32.65,800,32.9,1650,53950,4828150
NIFTY06OCT2217300CE.NFO,04/10/2022,09:15:23,32.45,32.3,650,32.45,1700,57850,4828150
NIFTY06OCT2217300CE.NFO,04/10/2022,09:15:24,32.55,32.3,100,32.55,1000,60800,4828150
NIFTY06OCT2217300CE.NFO,04/10/2022,09:15:26,32.1,32.1,1200,32.3,950,95050,4828150
NIFTY06OCT2217300CE.NFO,04/10/2022,09:15:28,32.5,32.5,900,32.7,450,73650,4828150
NIFTY06OCT2217300CE.NFO,04/10/2022,09:15:29,32.25,32.1,1550,32.25,50,44100,4828150
NIFTY06OCT2217300CE.NFO,04/10/2022,09:15:30,32.2,32.1,50,32.25,50,29600,4828150
NIFTY06OCT2217300CE.NFO,04/10/2022,09:15:31,32.25,32.25,100,32.45,1000,34700,4828150
NIFTY06OCT2217300CE.NFO,04/10/2022,09:15:32,31.3,31.3,300,31.45,1250,25350,4828150
NIFTY06OCT2217300CE.NFO,04/10/2022,09:15:33,31.8,31.65,100,31.85,1300,33350,4828150
NIFTY06OCT2217300CE.NFO,04/10/2022,09:15:34,32,32,1450,32.2,100,36950,4828150
NIFTY06OCT2217300CE.NFO,04/10/2022,09:15:36,32.25,32.3,300,32.5,1900,35650,4828150
NIFTY06OCT2217300CE.NFO,04/10/2022,09:15:37,32.3,32.3,400,32.45,950,18350,4828150
NIFTY06OCT2217300CE.NFO,04/10/2022,09:15:38,32.65,32.65,500,32.8,200,33650,4828150
NIFTY06OCT2217300CE.NFO,04/10/2022,09:15:40,33,32.8,1900,33,6050,55850,4828150
NIFTY06OCT2217300CE.NFO,04/10/2022,09:15:41,33.15,33.15,300,33.3,50,36950,4828150
NIFTY06OCT2217300CE.NFO,04/10/2022,09:15:42,33.45,33.45,200,33.6,150,37050,4828150
NIFTY06OCT2217300CE.NFO,04/10/2022,09:15:43,33.45,33.4,750,33.65,1900,33750,4828150
NIFTY06OCT2217300CE.NFO,04/10/2022,09:15:45,33.7,33.5,800,33.7,900,39100,4828150
NIFTY06OCT2217300CE.NFO,04/10/2022,09:15:46,33.55,33.4,100,33.55,150,30250,4828150
NIFTY06OCT2217300CE.NFO,04/10/2022,09:15:47,33.15,33,200,33.15,50,71850,4828150
NIFTY06OCT2217300CE.NFO,04/10/2022,09:15:49,32.6,32.65,500,32.8,100,65650,4828150
NIFTY06OCT2217300CE.NFO,04/10/2022,09:15:50,32.65,32.6,2100,32.85,950,41050,4828150
NIFTY06OCT2217300CE.NFO,04/10/2022,09:15:52,32.95,32.8,100,32.95,300,29000,4828150
NIFTY06OCT2217300CE.NFO,04/10/2022,09:15:53,32.7,32.7,1750,32.85,50,30550,4828150
NIFTY06OCT2217300CE.NFO,04/10/2022,09:15:55,32.8,32.8,250,32.95,1000,27950,4828150
NIFTY06OCT2217300CE.NFO,04/10/2022,09:15:56,32.8,32.85,50,32.9,50,15050,4828150
NIFTY06OCT2217300CE.NFO,04/10/2022,09:15:57,32.75,32.75,100,32.9,500,32300,4828150
NIFTY06OCT2217300CE.NFO,04/10/2022,09:15:59,32.4,32.45,50,32.6,2000,44650,4828150
NIFTY06OCT2217300CE.NFO,04/10/2022,09:16:00,32.4,32.3,100,32.35,200,35200,4828150
NIFTY06OCT2217300CE.NFO,04/10/2022,09:16:02,31.75,31.75,850,31.95,1300,64450,4828150
NIFTY06OCT2217300CE.NFO,04/10/2022,09:16:03,31.9,31.8,250,31.9,350,67650,4828150
NIFTY06OCT2217300CE.NFO,04/10/2022,09:16:05,32,31.9,1800,32,1350,60400,4828150
NIFTY06OCT2217300CE.NFO,04/10/2022,09:16:06,31.5,31.55,50,31.6,50,33550,4828150
NIFTY06OCT2217300CE.NFO,04/10/2022,09:16:07,31.9,31.85,1700,31.95,50,38100,4828150
NIFTY06OCT2217300CE.NFO,04/10/2022,09:16:08,32.05,32.05,350,32.15,50,20750,4828150
NIFTY06OCT2217300CE.NFO,04/10/2022,09:16:10,32.1,32.05,850,32.15,1400,36500,4828150
NIFTY06OCT2217300CE.NFO,04/10/2022,09:16:11,32.25,32.25,200,32.35,2250,26850,4828150
NIFTY06OCT2217300CE.NFO,04/10/2022,09:16:13,32.4,32.4,1450,32.5,800,20300,4828150
NIFTY06OCT2217300CE.NFO,04/10/2022,09:16:14,32.7,32.65,50,32.75,900,20300,4828150
NIFTY06OCT2217300CE.NFO,04/10/2022,09:16:15,32.9,32.85,150,32.95,1300,41300,4828150
NIFTY06OCT2217300CE.NFO,04/10/2022,09:16:17,33.2,33.1,1500,33.2,1200,46200,4828150
NIFTY06OCT2217300CE.NFO,04/10/2022,09:16:18,33.25,33.3,200,33.4,2450,21200,4828150
NIFTY06OCT2217300CE.NFO,04/10/2022,09:16:19,33.45,33.45,1000,33.5,2650,17150,4828150
NIFTY06OCT2217300CE.NFO,04/10/2022,09:16:20,33.5,33.5,150,33.55,50,20800,4828150
NIFTY06OCT2217300CE.NFO,04/10/2022,09:16:21,33.85,33.85,150,33.95,1450,26500,4828150
NIFTY06OCT2217300CE.NFO,04/10/2022,09:16:23,34.3,34.3,50,34.4,1900,43200,4828150
NIFTY06OCT2217300CE.NFO,04/10/2022,09:16:24,34.6,34.55,950,34.65,600,32500,4828150
NIFTY06OCT2217300CE.NFO,04/10/2022,09:16:25,35,34.9,250,35,19600,37850,4828150
NIFTY06OCT2217300CE.NFO,04/10/2022,09:16:27,35.2,35.15,1200,35.3,1500,46800,4828150
NIFTY06OCT2217300CE.NFO,04/10/2022,09:16:28,35.65,35.55,800,35.65,300,48900,4828150
NIFTY06OCT2217300CE.NFO,04/10/2022,09:16:29,35.85,35.85,250,35.95,700,43850,4828150
NIFTY06OCT2217300CE.NFO,04/10/2022,09:16:30,35.8,35.85,2100,35.9,350,43900,4828150
NIFTY06OCT2217300CE.NFO,04/10/2022,09:16:32,36.2,36.2,100,36.25,150,39400,4828150
NIFTY06OCT2217300CE.NFO,04/10/2022,09:16:33,36.75,36.65,50,36.75,1600,47950,4828150
NIFTY06OCT2217300CE.NFO,04/10/2022,09:16:35,36.7,36.7,150,36.75,250,38600,4828150
NIFTY06OCT2217300CE.NFO,04/10/2022,09:16:36,37,36.95,2350,37.1,1450,41750,4828150
NIFTY06OCT2217300CE.NFO,04/10/2022,09:16:38,36.85,36.85,300,36.9,200,34150,4828150
NIFTY06OCT2217300CE.NFO,04/10/2022,09:16:39,36.45,36.4,150,36.5,1350,45200,4828150
NIFTY06OCT2217300CE.NFO,04/10/2022,09:16:41,35.75,35.7,1350,35.75,50,63550,4828150
NIFTY06OCT2217300CE.NFO,04/10/2022,09:16:42,36.35,36.3,50,36.4,1650,53650,4828150
NIFTY06OCT2217300CE.NFO,04/10/2022,09:16:44,36.65,36.7,150,36.75,2150,27850,4828150
NIFTY06OCT2217300CE.NFO,04/10/2022,09:16:45,36.95,36.9,5000,37,10250,25400,4828150
NIFTY06OCT2217300CE.NFO,04/10/2022,09:16:46,37.1,37.1,2500,37.25,1800,32250,4828150
NIFTY06OCT2217300CE.NFO,04/10/2022,09:16:48,37.8,37.75,300,37.8,50,42050,4828150
NIFTY06OCT2217300CE.NFO,04/10/2022,09:16:48,38,37.75,300,37.8,50,0,4828150
NIFTY06OCT2217300CE.NFO,04/10/2022,09:16:49,37.95,37.95,1750,38.1,1350,30200,4828150
NIFTY06OCT2217300CE.NFO,04/10/2022,09:16:49,38.2,37.95,1750,38.1,1350,0,4828150
NIFTY06OCT2217300CE.NFO,04/10/2022,09:16:51,38.3,38.3,1200,38.35,150,19500,4828150
NIFTY06OCT2217300CE.NFO,04/10/2022,09:16:51,38.45,38.3,1200,38.35,150,0,4828150
NIFTY06OCT2217300CE.NFO,04/10/2022,09:16:52,38.15,38,1950,38.1,350,23700,4828150
NIFTY06OCT2217300CE.NFO,04/10/2022,09:16:54,38.4,38.25,1900,38.4,5000,43700,4828150
NIFTY06OCT2217300CE.NFO,04/10/2022,09:16:54,38.7,38.25,1900,38.4,5000,0,4828150
NIFTY06OCT2217300CE.NFO,04/10/2022,09:16:55,38.25,38.15,3450,38.3,1850,29800,4828150
NIFTY06OCT2217300CE.NFO,04/10/2022,09:16:57,38.35,38.25,100,38.35,1300,29650,4828150
NIFTY06OCT2217300CE.NFO,04/10/2022,09:16:58,38.6,38.6,750,38.65,50,22250,4828150
NIFTY06OCT2217300CE.NFO,04/10/2022,09:16:58,38.75,38.6,750,38.65,50,0,4828150
NIFTY06OCT2217300CE.NFO,04/10/2022,09:17:00,38.7,38.7,600,38.8,1300,28450,4828150
NIFTY06OCT2217300CE.NFO,04/10/2022,09:17:00,38.85,38.7,600,38.8,1300,0,4828150
NIFTY06OCT2217300CE.NFO,04/10/2022,09:17:01,38.7,38.7,1200,38.8,1350,38350,4828150
NIFTY06OCT2217300CE.NFO,04/10/2022,09:17:01,38.95,38.7,1200,38.8,1350,0,4828150
NIFTY06OCT2217300CE.NFO,04/10/2022,09:17:03,39.15,39.1,200,39.15,50,45250,4828150
NIFTY06OCT2217300CE.NFO,04/10/2022,09:17:03,39.5,39.1,200,39.15,50,0,4828150
NIFTY06OCT2217300CE.NFO,04/10/2022,09:17:04,39.1,39.1,650,39.2,1650,47150,4828150
NIFTY06OCT2217300CE.NFO,04/10/2022,09:17:06,39.35,39.25,2850,39.4,2600,43350,4828150
NIFTY06OCT2217300CE.NFO,04/10/2022,09:17:06,39.55,39.25,2850,39.4,2600,0,4828150
NIFTY06OCT2217300CE.NFO,04/10/2022,09:17:07,39.6,39.6,2500,39.7,50,32150,4828150
NIFTY06OCT2217300CE.NFO,04/10/2022,09:17:07,39.8,39.6,2500,39.7,50,0,4828150
NIFTY06OCT2217300CE.NFO,04/10/2022,09:17:09,39.85,39.85,3950,39.95,300,72650,4828150
NIFTY06OCT2217300CE.NFO,04/10/2022,09:17:09,40.25,39.85,3950,39.95,300,0,4828150
NIFTY06OCT2217300CE.NFO,04/10/2022,09:17:10,40.55,40.45,2200,40.55,50,23400,4828150
NIFTY06OCT2217300CE.NFO,04/10/2022,09:17:10,40.7,40.45,2200,40.55,50,0,4828150
NIFTY06OCT2217300CE.NFO,04/10/2022,09:17:12,40.65,40.65,2600,40.8,1550,28900,4828150
NIFTY06OCT2217300CE.NFO,04/10/2022,09:17:12,40.95,40.65,2600,40.8,1550,0,4828150
NIFTY06OCT2217300CE.NFO,04/10/2022,09:17:14,40.75,40.65,1550,40.75,150,31300,4828150
NIFTY06OCT2217300CE.NFO,04/10/2022,09:17:14,41,40.65,1550,40.75,150,0,4828150
NIFTY06OCT2217300CE.NFO,04/10/2022,09:17:15,40.9,40.9,300,40.95,50,24700,4828150
NIFTY06OCT2217300CE.NFO,04/10/2022,09:17:17,40.95,40.85,500,40.95,1650,26450,4828150
NIFTY06OCT2217300CE.NFO,04/10/2022,09:17:17,41.35,40.85,500,40.95,1650,0,4828150
NIFTY06OCT2217300CE.NFO,04/10/2022,09:17:18,41.25,41.25,850,41.35,1350,23050,4828150
NIFTY06OCT2217300CE.NFO,04/10/2022,09:17:18,41.45,41.25,850,41.35,1350,0,4828150
NIFTY06OCT2217300CE.NFO,04/10/2022,09:17:19,41.35,41.3,550,41.4,2400,32150,4828150
NIFTY06OCT2217300CE.NFO,04/10/2022,09:17:19,41.5,41.3,550,41.4,2400,0,4828150
NIFTY06OCT2217300CE.NFO,04/10/2022,09:17:21,41.25,41.25,50,41.35,1250,32200,4828150
NIFTY06OCT2217300CE.NFO,04/10/2022,09:17:23,41.35,41.35,50,41.4,1350,26350,4828150
NIFTY06OCT2217300CE.NFO,04/10/2022,09:17:23,41.6,41.35,50,41.4,1350,0,4828150
NIFTY06OCT2217300CE.NFO,04/10/2022,09:17:24,41.5,41.5,200,41.6,1300,22650,4828150
NIFTY06OCT2217300CE.NFO,04/10/2022,09:17:24,41.65,41.5,200,41.6,1300,0,4828150
NIFTY06OCT2217300CE.NFO,04/10/2022,09:17:26,41.85,41.75,150,41.85,950,39300,4828150
NIFTY06OCT2217300CE.NFO,04/10/2022,09:17:26,41.85,41.75,150,41.85,950,0,4828150
NIFTY06OCT2217300CE.NFO,04/10/2022,09:17:27,41.6,41.6,550,41.75,4050,22250,4828150
NIFTY06OCT2217300CE.NFO,04/10/2022,09:17:27,41.95,41.6,550,41.75,4050,0,4828150
NIFTY06OCT2217300CE.NFO,04/10/2022,09:17:29,41.75,41.75,2350,41.9,4850,27200,4828150
NIFTY06OCT2217300CE.NFO,04/10/2022,09:17:30,41.7,41.6,1250,41.7,100,18950,4828150
NIFTY06OCT2217300CE.NFO,04/10/2022,09:17:32,41.4,41.4,50,41.5,1400,34550,4674000
NIFTY06OCT2217300CE.NFO,04/10/2022,09:17:33,41.5,41.4,1400,41.5,450,29000,4674000
NIFTY06OCT2217300CE.NFO,04/10/2022,09:17:34,41.35,41.25,50,41.35,2550,43800,4674000
NIFTY06OCT2217300CE.NFO,04/10/2022,09:17:36,41.15,41.2,400,41.3,600,32300,4674000
NIFTY06OCT2217300CE.NFO,04/10/2022,09:17:37,40.9,40.9,1250,41,4050,65400,4674000
NIFTY06OCT2217300CE.NFO,04/10/2022,09:17:39,41,40.9,250,41,2350,55400,4674000
NIFTY06OCT2217300CE.NFO,04/10/2022,09:17:40,41,40.9,750,41,2400,30450,4674000
NIFTY06OCT2217300CE.NFO,04/10/2022,09:17:41,40.6,40.55,4500,40.7,4050,35000,4674000
NIFTY06OCT2217300CE.NFO,04/10/2022,09:17:42,40.4,40.25,2650,40.4,1650,35650,4674000
NIFTY06OCT2217300CE.NFO,04/10/2022,09:17:44,40.1,40.1,200,40.2,2900,42050,4674000
NIFTY06OCT2217300CE.NFO,04/10/2022,09:17:45,39.75,39.75,1300,39.9,2650,51850,4674000
NIFTY06OCT2217300CE.NFO,04/10/2022,09:17:46,39.6,39.5,2100,39.65,1700,79750,4674000
NIFTY06OCT2217300CE.NFO,04/10/2022,09:17:47,39.7,39.65,50,39.7,400,25950,4674000
NIFTY06OCT2217300CE.NFO,04/10/2022,09:17:49,40.4,40.3,1350,40.35,100,24800,4674000
NIFTY06OCT2217300CE.NFO,04/10/2022,09:17:50,40.55,40.5,3100,40.55,50,19750,4674000
NIFTY06OCT2217300CE.NFO,04/10/2022,09:17:52,40.15,40.1,1050,40.2,2050,37150,4674000
NIFTY06OCT2217300CE.NFO,04/10/2022,09:17:53,39.6,39.65,200,39.75,3050,26150,4674000
NIFTY06OCT2217300CE.NFO,04/10/2022,09:17:55,39.75,39.7,200,39.8,1700,24400,4674000
NIFTY06OCT2217300CE.NFO,04/10/2022,09:17:56,39.7,39.55,3450,39.7,4350,13650,4674000
NIFTY06OCT2217300CE.NFO,04/10/2022,09:17:58,39.7,39.6,2100,39.7,50,25300,4674000
NIFTY06OCT2217300CE.NFO,04/10/2022,09:17:59,39.35,39.35,1950,39.45,600,7850,4674000
NIFTY06OCT2217300CE.NFO,04/10/2022,09:18:00,39.55,39.55,1600,39.6,100,14600,4674000
NIFTY06OCT2217300CE.NFO,04/10/2022,09:18:01,39.45,39.45,3400,39.55,50,13400,4674000
NIFTY06OCT2217300CE.NFO,04/10/2022,09:18:03,39.8,39.75,1700,39.8,50,12300,4674000
NIFTY06OCT2217300CE.NFO,04/10/2022,09:18:04,39.75,39.7,2400,39.75,100,9550,4674000
NIFTY06OCT2217300CE.NFO,04/10/2022,09:18:05,39.85,39.9,150,40,2000,21400,4674000
NIFTY06OCT2217300CE.NFO,04/10/2022,09:18:06,39.95,39.9,4600,40.05,2400,13650,4674000
NIFTY06OCT2217300CE.NFO,04/10/2022,09:18:08,40.25,40.15,1900,40.25,1850,11800,4674000
NIFTY06OCT2217300CE.NFO,04/10/2022,09:18:08,40.25,40.2,3650,40.3,1350,7000,4674000
NIFTY06OCT2217300CE.NFO,04/10/2022,09:18:10,40.15,40.2,50,40.25,250,12450,4674000
NIFTY06OCT2217300CE.NFO,04/10/2022,09:18:11,39.95,39.9,50,39.95,2150,20150,4674000
NIFTY06OCT2217300CE.NFO,04/10/2022,09:18:12,40.2,40.2,1400,40.3,3000,17550,4674000
NIFTY06OCT2217300CE.NFO,04/10/2022,09:18:13,40.2,40.2,450,40.25,150,15750,4674000
NIFTY06OCT2217300CE.NFO,04/10/2022,09:18:14,40.15,40.1,5150,40.25,2450,9250,4674000
NIFTY06OCT2217300CE.NFO,04/10/2022,09:18:14,40.2,40.1,3100,40.25,4800,1700,4674000
NIFTY06OCT2217300CE.NFO,04/10/2022,09:18:15,40.05,40,400,40.05,950,11450,4674000
NIFTY06OCT2217300CE.NFO,04/10/2022,09:18:17,39.85,39.9,200,39.95,200,14650,4674000
NIFTY06OCT2217300CE.NFO,04/10/2022,09:18:18,39.7,39.65,2900,39.75,350,16450,4674000
NIFTY06OCT2217300CE.NFO,04/10/2022,09:18:19,39.25,39.25,350,39.3,50,14350,4674000
NIFTY06OCT2217300CE.NFO,04/10/2022,09:18:20,38.2,38.1,100,38.15,2200,78750,4674000
NIFTY06OCT2217300CE.NFO,04/10/2022,09:18:22,38.25,38.2,4150,38.3,50,22950,4674000
NIFTY06OCT2217300CE.NFO,04/10/2022,09:18:24,37.15,37.05,4550,37.15,50,69700,4674000
NIFTY06OCT2217300CE.NFO,04/10/2022,09:18:25,36.85,36.85,3150,37,5100,29950,4674000
NIFTY06OCT2217300CE.NFO,04/10/2022,09:18:26,37,36.9,4500,37,2450,34850,4674000
NIFTY06OCT2217300CE.NFO,04/10/2022,09:18:28,37,37,3900,37.1,1700,15850,4674000
NIFTY06OCT2217300CE.NFO,04/10/2022,09:18:29,37.05,37.05,5400,37.15,300,9300,4674000
NIFTY06OCT2217300CE.NFO,04/10/2022,09:18:30,37.3,37.3,100,37.4,3750,12600,4674000
NIFTY06OCT2217300CE.NFO,04/10/2022,09:18:32,37.2,37.1,50,37.2,2800,18450,4674000
NIFTY06OCT2217300CE.NFO,04/10/2022,09:18:33,37.2,37.2,50,37.25,4600,12750,4674000
NIFTY06OCT2217300CE.NFO,04/10/2022,09:18:35,37.45,37.35,1050,37.45,3500,17050,4674000
NIFTY06OCT2217300CE.NFO,04/10/2022,09:18:36,37.8,37.65,2200,37.75,300,22550,4674000
NIFTY06OCT2217300CE.NFO,04/10/2022,09:18:38,38.2,38.1,2550,38.2,50,21200,4674000
NIFTY06OCT2217300CE.NFO,04/10/2022,09:18:39,38.6,38.55,3450,38.65,50,20900,4674000
NIFTY06OCT2217300CE.NFO,04/10/2022,09:18:40,38.85,38.85,150,38.9,4000,16000,4674000
NIFTY06OCT2217300CE.NFO,04/10/2022,09:18:42,39.25,39.1,150,39.2,3700,23100,4674000
NIFTY06OCT2217300CE.NFO,04/10/2022,09:18:43,39.15,39.1,5300,39.25,2400,17300,4674000
NIFTY06OCT2217300CE.NFO,04/10/2022,09:18:45,38.65,38.6,3450,38.7,1200,17550,4674000
NIFTY06OCT2217300CE.NFO,04/10/2022,09:18:46,39.25,39.25,4250,39.35,1200,25200,4674000
NIFTY06OCT2217300CE.NFO,04/10/2022,09:18:48,39.15,39.1,5350,39.2,150,17700,4674000
NIFTY06OCT2217300CE.NFO,04/10/2022,09:18:49,39.15,39.05,4800,39.15,150,23250,4674000
NIFTY06OCT2217300CE.NFO,04/10/2022,09:18:51,39.45,39.45,150,39.55,4100,12550,4674000
NIFTY06OCT2217300CE.NFO,04/10/2022,09:18:52,39.75,39.75,3450,39.85,2250,19500,4674000
NIFTY06OCT2217300CE.NFO,04/10/2022,09:18:54,40,39.9,2700,40,15700,27400,4674000
NIFTY06OCT2217300CE.NFO,04/10/2022,09:18:55,40.05,40.05,150,40.15,5300,29850,4674000
NIFTY06OCT2217300CE.NFO,04/10/2022,09:18:56,40.05,39.95,100,40,50,17700,4674000
NIFTY06OCT2217300CE.NFO,04/10/2022,09:18:58,40.25,40.15,100,40.2,2100,12900,4674000
NIFTY06OCT2217300CE.NFO,04/10/2022,09:18:59,40.2,40.1,4800,40.2,2100,20500,4674000
NIFTY06OCT2217300CE.NFO,04/10/2022,09:19:00,40.35,40.2,3700,40.35,2650,13650,4674000
NIFTY06OCT2217300CE.NFO,04/10/2022,09:19:02,40.35,40.3,50,40.35,2250,20000,4674000
NIFTY06OCT2217300CE.NFO,04/10/2022,09:19:03,40.4,40.4,250,40.45,100,16400,4674000
NIFTY06OCT2217300CE.NFO,04/10/2022,09:19:04,40.45,40.45,800,40.55,1850,13950,4674000
NIFTY06OCT2217300CE.NFO,04/10/2022,09:19:06,40.35,40.4,2550,40.5,2100,9150,4674000
NIFTY06OCT2217300CE.NFO,04/10/2022,09:19:07,40.3,40.3,550,40.35,50,18450,4674000
NIFTY06OCT2217300CE.NFO,04/10/2022,09:19:09,40.1,40.1,3000,40.2,50,24300,4674000
NIFTY06OCT2217300CE.NFO,04/10/2022,09:19:10,40.05,40.05,3600,40.15,1200,21400,4674000
NIFTY06OCT2217300CE.NFO,04/10/2022,09:19:11,40.3,40.3,1200,40.4,2450,13200,4674000
NIFTY06OCT2217300CE.NFO,04/10/2022,09:19:13,40.3,40.3,3700,40.45,5600,24500,4674000
NIFTY06OCT2217300CE.NFO,04/10/2022,09:19:14,40.35,40.4,2350,40.45,50,12900,4674000
NIFTY06OCT2217300CE.NFO,04/10/2022,09:19:15,40.75,40.75,4350,40.85,150,19150,4674000
NIFTY06OCT2217300CE.NFO,04/10/2022,09:19:17,40.85,40.8,4000,40.9,50,22450,4674000
NIFTY06OCT2217300CE.NFO,04/10/2022,09:19:18,40.6,40.5,2300,40.55,150,29050,4674000
NIFTY06OCT2217300CE.NFO,04/10/2022,09:19:20,40.55,40.5,100,40.55,50,15600,4674000
NIFTY06OCT2217300CE.NFO,04/10/2022,09:19:21,40.65,40.55,2700,40.7,2650,11800,4674000
NIFTY06OCT2217300CE.NFO,04/10/2022,09:19:22,40.3,40.3,3550,40.4,150,12000,4674000
NIFTY06OCT2217300CE.NFO,04/10/2022,09:19:24,40.45,40.45,2600,40.55,1100,13750,4674000
NIFTY06OCT2217300CE.NFO,04/10/2022,09:19:25,40.85,40.75,700,40.85,4100,10150,4674000
NIFTY06OCT2217300CE.NFO,04/10/2022,09:19:26,40.6,40.5,900,40.55,3450,7900,4674000
NIFTY06OCT2217300CE.NFO,04/10/2022,09:19:27,40.25,40.3,50,40.4,2450,10700,4674000
NIFTY06OCT2217300CE.NFO,04/10/2022,09:19:29,40.65,40.6,150,40.65,100,15350,4674000
NIFTY06OCT2217300CE.NFO,04/10/2022,09:19:30,40.25,40.15,4600,40.25,50,24800,4674000
NIFTY06OCT2217300CE.NFO,04/10/2022,09:19:31,40.25,40.2,4500,40.35,4600,14400,4674000
NIFTY06OCT2217300CE.NFO,04/10/2022,09:19:32,40,39.9,3900,40,350,26350,4674000
NIFTY06OCT2217300CE.NFO,04/10/2022,09:19:33,39.75,39.7,6200,39.85,2600,16750,4674000
NIFTY06OCT2217300CE.NFO,04/10/2022,09:19:35,39.6,39.55,3450,39.7,4350,13950,4674000
NIFTY06OCT2217300CE.NFO,04/10/2022,09:19:36,39.8,39.7,150,39.8,2050,23850,4674000
NIFTY06OCT2217300CE.NFO,04/10/2022,09:19:37,39.25,39.25,250,39.35,3150,24800,4674000
NIFTY06OCT2217300CE.NFO,04/10/2022,09:19:38,39.15,39.15,2650,39.2,50,11350,4674000
NIFTY06OCT2217300CE.NFO,04/10/2022,09:19:39,39.45,39.45,2850,39.55,2450,23150,4674000
NIFTY06OCT2217300CE.NFO,04/10/2022,09:19:41,39.3,39.2,7350,39.35,2500,17150,4674000
NIFTY06OCT2217300CE.NFO,04/10/2022,09:19:42,39.25,39.15,2800,39.25,2500,10650,4674000
NIFTY06OCT2217300CE.NFO,04/10/2022,09:19:43,39.3,39.15,5650,39.3,5950,11000,4674000
NIFTY06OCT2217300CE.NFO,04/10/2022,09:19:44,38.9,38.9,150,38.95,1400,39750,4674000
NIFTY06OCT2217300CE.NFO,04/10/2022,09:19:46,39.2,39.15,2900,39.25,150,19750,4674000
NIFTY06OCT2217300CE.NFO,04/10/2022,09:19:47,39.35,39.25,4550,39.35,1300,16050,4674000
NIFTY06OCT2217300CE.NFO,04/10/2022,09:19:48,39.65,39.5,2700,39.6,2300,6550,4674000
NIFTY06OCT2217300CE.NFO,04/10/2022,09:19:50,39.1,39.05,2350,39.15,600,26350,4674000
NIFTY06OCT2217300CE.NFO,04/10/2022,09:19:51,39.75,39.7,2350,39.8,2900,6750,4674000
NIFTY06OCT2217300CE.NFO,04/10/2022,09:19:52,39.7,39.55,4900,39.7,2950,6400,4674000
NIFTY06OCT2217300CE.NFO,04/10/2022,09:19:53,39.65,39.55,4700,39.7,2750,3750,4674000
NIFTY06OCT2217300CE.NFO,04/10/2022,09:19:54,39.3,39.3,2450,39.4,2600,7450,4674000
NIFTY06OCT2217300CE.NFO,04/10/2022,09:19:55,39.65,39.6,2350,39.65,750,7900,4674000
NIFTY06OCT2217300CE.NFO,04/10/2022,09:19:56,39.15,39,900,39.05,2350,12250,4674000
NIFTY06OCT2217300CE.NFO,04/10/2022,09:19:57,39.35,39.3,3950,39.4,1550,5850,4674000
NIFTY06OCT2217300CE.NFO,04/10/2022,09:19:58,39.4,39.35,2850,39.45,1800,7650,4674000
NIFTY06OCT2217300CE.NFO,04/10/2022,09:19:59,39.45,39.45,3150,39.55,4100,14700,4674000
NIFTY06OCT2217300CE.NFO,04/10/2022,09:20:00,39.7,39.65,4350,39.8,2700,30750,4674000
NIFTY06OCT2217300CE.NFO,04/10/2022,09:20:02,41,40.9,3700,41,13900,71250,4674000
NIFTY06OCT2217300CE.NFO,04/10/2022,09:20:04,41.35,41.3,3700,41.45,3350,42150,4674000
NIFTY06OCT2217300CE.NFO,04/10/2022,09:20:05,41.5,41.45,5000,41.55,750,13700,4674000
NIFTY06OCT2217300CE.NFO,04/10/2022,09:20:06,41.7,41.6,250,41.7,5050,25850,4674000
NIFTY06OCT2217300CE.NFO,04/10/2022,09:20:08,41.9,41.75,4950,41.9,3450,26500,4674000
NIFTY06OCT2217300CE.NFO,04/10/2022,09:20:09,42.05,41.95,2250,42.05,700,61250,4674000
NIFTY06OCT2217300CE.NFO,04/10/2022,09:20:09,42.45,41.95,2250,42.05,700,0,4674000
NIFTY06OCT2217300CE.NFO,04/10/2022,09:20:10,42.5,42.4,2300,42.55,4600,15900,4674000
NIFTY06OCT2217300CE.NFO,04/10/2022,09:20:10,42.65,42.4,2300,42.55,4600,0,4674000
NIFTY06OCT2217300CE.NFO,04/10/2022,09:20:11,42.5,42.5,450,42.6,1950,19000,4674000
NIFTY06OCT2217300CE.NFO,04/10/2022,09:20:13,42.85,42.8,2750,42.95,3550,25300,4674000
NIFTY06OCT2217300CE.NFO,04/10/2022,09:20:13,43,42.8,2750,42.95,3550,0,4674000
NIFTY06OCT2217300CE.NFO,04/10/2022,09:20:14,42.7,42.8,1750,42.9,700,22750,4674000
NIFTY06OCT2217300CE.NFO,04/10/2022,09:20:15,43.05,43.1,800,43.2,1850,19500,4674000
NIFTY06OCT2217300CE.NFO,04/10/2022,09:20:15,43.25,43.1,800,43.2,1850,0,4674000
NIFTY06OCT2217300CE.NFO,04/10/2022,09:20:16,42.4,42.4,4100,42.55,2950,20650,4674000
NIFTY06OCT2217300CE.NFO,04/10/2022,09:20:16,43.35,42.4,4100,42.55,2950,0,4674000
NIFTY06OCT2217300CE.NFO,04/10/2022,09:20:17,42.45,42.4,2300,42.5,100,32250,4674000
NIFTY06OCT2217300CE.NFO,04/10/2022,09:20:19,43.1,43,2750,43.15,3950,48250,4674000
NIFTY06OCT2217300CE.NFO,04/10/2022,09:20:19,43.4,43,2750,43.15,3950,0,4674000
NIFTY06OCT2217300CE.NFO,04/10/2022,09:20:20,43,43,100,43.1,3750,17750,4674000
NIFTY06OCT2217300CE.NFO,04/10/2022,09:20:21,42.95,42.85,3250,42.95,50,17250,4674000
NIFTY06OCT2217300CE.NFO,04/10/2022,09:20:22,42.8,42.8,100,42.9,1650,35100,4674000
NIFTY06OCT2217300CE.NFO,04/10/2022,09:20:23,42.4,42.3,1800,42.4,150,21800,4674000
NIFTY06OCT2217300CE.NFO,04/10/2022,09:20:24,42.5,42.5,150,42.6,2900,20850,4674000
NIFTY06OCT2217300CE.NFO,04/10/2022,09:20:25,42.65,42.5,150,42.6,50,7700,4674000
NIFTY06OCT2217300CE.NFO,04/10/2022,09:20:26,42.9,42.8,4400,42.95,4300,9050,4674000
NIFTY06OCT2217300CE.NFO,04/10/2022,09:20:26,42.9,42.85,50,42.9,600,1150,4674000
NIFTY06OCT2217300CE.NFO,04/10/2022,09:20:28,42.95,42.85,1900,42.95,150,31250,4674000
NIFTY06OCT2217300CE.NFO,04/10/2022,09:20:29,43,43.05,150,43.15,3450,15700,4674000
NIFTY06OCT2217300CE.NFO,04/10/2022,09:20:30,42.75,42.8,1650,42.95,6200,7400,4674000
NIFTY06OCT2217300CE.NFO,04/10/2022,09:20:31,43,42.9,3450,43,100,24700,4674000
NIFTY06OCT2217300CE.NFO,04/10/2022,09:20:31,43.05,43.1,850,43.2,1450,3200,4674000
NIFTY06OCT2217300CE.NFO,04/10/2022,09:20:32,43.2,43.1,4300,43.25,3650,9350,4674000
NIFTY06OCT2217300CE.NFO,04/10/2022,09:20:34,43.35,43.15,2150,43.3,2600,73500,4723200
NIFTY06OCT2217300CE.NFO,04/10/2022,09:20:35,43.65,43.55,1950,43.65,1800,12750,4723200
NIFTY06OCT2217300CE.NFO,04/10/2022,09:20:35,43.65,43.55,1950,43.65,1800,0,4723200
NIFTY06OCT2217300CE.NFO,04/10/2022,09:20:36,43.85,43.75,1800,43.85,650,16900,4723200
NIFTY06OCT2217300CE.NFO,04/10/2022,09:20:36,43.85,43.75,1800,43.85,650,0,4723200
NIFTY06OCT2217300CE.NFO,04/10/2022,09:20:37,44.2,44.3,3300,44.4,650,21350,4723200
NIFTY06OCT2217300CE.NFO,04/10/2022,09:20:37,44.35,44.3,3300,44.4,650,0,4723200
NIFTY06OCT2217300CE.NFO,04/10/2022,09:20:38,44.45,44.4,3550,44.55,1750,12050,4723200
NIFTY06OCT2217300CE.NFO,04/10/2022,09:20:38,44.6,44.4,3550,44.55,1750,0,4723200
NIFTY06OCT2217300CE.NFO,04/10/2022,09:20:39,44.55,44.45,100,44.55,3800,16700,4723200
NIFTY06OCT2217300CE.NFO,04/10/2022,09:20:41,44.35,44.3,100,44.4,5350,15600,4723200
NIFTY06OCT2217300CE.NFO,04/10/2022,09:20:41,44.7,44.3,100,44.4,5350,0,4723200
NIFTY06OCT2217300CE.NFO,04/10/2022,09:20:42,44.5,44.35,3450,44.5,2300,13800,4723200
NIFTY06OCT2217300CE.NFO,04/10/2022,09:20:43,44.4,44.3,1700,44.4,300,18600,4723200
NIFTY06OCT2217300CE.NFO,04/10/2022,09:20:44,44.3,44.3,1950,44.35,150,11550,4723200
NIFTY06OCT2217300CE.NFO,04/10/2022,09:20:45,44.35,44.25,200,44.35,5850,10600,4723200
NIFTY06OCT2217300CE.NFO,04/10/2022,09:20:46,44.2,44.1,800,44.2,50,19750,4723200
NIFTY06OCT2217300CE.NFO,04/10/2022,09:20:47,43.4,43.4,4850,43.5,100,18750,4723200
NIFTY06OCT2217300CE.NFO,04/10/2022,09:20:48,43.4,43.3,1150,43.4,2300,96900,4723200
NIFTY06OCT2217300CE.NFO,04/10/2022,09:20:48,43.25,43.15,2250,43.25,4300,10300,4723200
NIFTY06OCT2217300CE.NFO,04/10/2022,09:20:50,43.2,43.1,550,43.2,4500,28550,4723200
NIFTY06OCT2217300CE.NFO,04/10/2022,09:20:51,43.65,43.55,2500,43.7,2400,13400,4723200
NIFTY06OCT2217300CE.NFO,04/10/2022,09:20:52,42.9,42.85,2700,43,4700,11400,4723200
NIFTY06OCT2217300CE.NFO,04/10/2022,09:20:53,43.2,43.1,3900,43.25,4200,13350,4723200
NIFTY06OCT2217300CE.NFO,04/10/2022,09:20:54,43.15,43.15,4700,43.25,1200,18200,4723200
NIFTY06OCT2217300CE.NFO,04/10/2022,09:20:55,43,43.05,2450,43.15,50,10900,4723200
NIFTY06OCT2217300CE.NFO,04/10/2022,09:20:56,43.45,43.45,1200,43.6,4400,15100,4723200
NIFTY06OCT2217300CE.NFO,04/10/2022,09:20:57,43,43,100,43.1,1900,6150,4723200
NIFTY06OCT2217300CE.NFO,04/10/2022,09:20:58,43,43.05,1300,43.15,150,8750,4723200
NIFTY06OCT2217300CE.NFO,04/10/2022,09:20:59,42.85,42.75,4050,42.85,150,13900,4723200
NIFTY06OCT2217300CE.NFO,04/10/2022,09:20:59,43,42.95,150,43,100,1900,4723200
NIFTY06OCT2217300CE.NFO,04/10/2022,09:21:01,43.25,43.15,2250,43.25,550,20600,4723200
NIFTY06OCT2217300CE.NFO,04/10/2022,09:21:02,43.35,43.3,9300,43.45,2250,16700,4723200
NIFTY06OCT2217300CE.NFO,04/10/2022,09:21:03,43.75,43.7,3050,43.8,50,12800,4723200
NIFTY06OCT2217300CE.NFO,04/10/2022,09:21:04,44.05,44,1950,44.05,250,20950,4723200
NIFTY06OCT2217300CE.NFO,04/10/2022,09:21:05,44.4,44.35,3200,44.45,2250,11400,4723200
NIFTY06OCT2217300CE.NFO,04/10/2022,09:21:07,44.3,44.2,3750,44.3,50,14600,4723200
NIFTY06OCT2217300CE.NFO,04/10/2022,09:21:08,44.7,44.6,650,44.7,4900,14950,4723200
NIFTY06OCT2217300CE.NFO,04/10/2022,09:21:09,44.9,44.75,7400,44.9,250,13650,4723200
NIFTY06OCT2217300CE.NFO,04/10/2022,09:21:09,44.9,44.75,7400,44.9,250,0,4723200
NIFTY06OCT2217300CE.NFO,04/10/2022,09:21:10,44.85,44.7,2900,44.85,5450,14600,4723200
NIFTY06OCT2217300CE.NFO,04/10/2022,09:21:10,44.95,44.7,2900,44.85,5450,0,4723200
NIFTY06OCT2217300CE.NFO,04/10/2022,09:21:11,45.2,45.2,350,45.3,3300,79250,4723200
NIFTY06OCT2217300CE.NFO,04/10/2022,09:21:11,45.35,45.2,350,45.3,3300,0,4723200
NIFTY06OCT2217300CE.NFO,04/10/2022,09:21:13,44.95,44.85,2900,45,7950,25350,4723200
NIFTY06OCT2217300CE.NFO,04/10/2022,09:21:13,45.4,44.85,2900,45,7950,0,4723200
NIFTY06OCT2217300CE.NFO,04/10/2022,09:21:14,45,44.95,400,45,950,7550,4723200
NIFTY06OCT2217300CE.NFO,04/10/2022,09:21:15,44.85,44.85,450,44.95,3800,13950,4723200
NIFTY06OCT2217300CE.NFO,04/10/2022,09:21:15,45.45,44.85,450,44.95,3800,0,4723200
NIFTY06OCT2217300CE.NFO,04/10/2022,09:21:16,44.6,44.45,4350,44.6,2900,26300,4723200
NIFTY06OCT2217300CE.NFO,04/10/2022,09:21:17,44.5,44.5,3050,44.65,5350,15700,4723200
NIFTY06OCT2217300CE.NFO,04/10/2022,09:21:18,44.8,44.75,3700,44.85,3400,7050,4723200
NIFTY06OCT2217300CE.NFO,04/10/2022,09:21:19,44.6,44.55,4750,44.7,3050,16350,4723200
NIFTY06OCT2217300CE.NFO,04/10/2022,09:21:20,44.85,44.75,3350,44.85,2000,13950,4723200
NIFTY06OCT2217300CE.NFO,04/10/2022,09:21:21,45,45,400,45.1,2750,9550,4723200
NIFTY06OCT2217300CE.NFO,04/10/2022,09:21:22,44.95,44.85,3600,44.95,850,20650,4723200
NIFTY06OCT2217300CE.NFO,04/10/2022,09:21:23,44.85,44.75,2750,44.85,2750,11750,4723200
NIFTY06OCT2217300CE.NFO,04/10/2022,09:21:24,45,45,2800,45.05,50,10050,4723200
NIFTY06OCT2217300CE.NFO,04/10/2022,09:21:25,45.25,45.2,4800,45.3,200,17200,4723200
NIFTY06OCT2217300CE.NFO,04/10/2022,09:21:27,44.55,44.45,4300,44.6,7250,17900,4723200
NIFTY06OCT2217300CE.NFO,04/10/2022,09:21:28,44.75,44.7,4650,44.85,4250,7750,4723200
NIFTY06OCT2217300CE.NFO,04/10/2022,09:21:29,44.65,44.6,2900,44.75,5100,14600,4723200
NIFTY06OCT2217300CE.NFO,04/10/2022,09:21:30,45,44.9,50,44.95,1050,9900,4723200
NIFTY06OCT2217300CE.NFO,04/10/2022,09:21:31,44.85,44.8,2850,44.95,6750,6750,4723200
NIFTY06OCT2217300CE.NFO,04/10/2022,09:21:32,44.7,44.65,2700,44.7,50,7050,4723200
NIFTY06OCT2217300CE.NFO,04/10/2022,09:21:33,44.6,44.55,200,44.65,3700,14400,4723200
NIFTY06OCT2217300CE.NFO,04/10/2022,09:21:34,44.65,44.5,5300,44.6,1400,5200,4723200
NIFTY06OCT2217300CE.NFO,04/10/2022,09:21:35,44.95,44.9,50,44.95,1050,13500,4723200
NIFTY06OCT2217300CE.NFO,04/10/2022,09:21:36,44.7,44.7,200,44.75,50,10100,4723200
NIFTY06OCT2217300CE.NFO,04/10/2022,09:21:37,44.55,44.55,50,44.6,3250,11350,4723200
NIFTY06OCT2217300CE.NFO,04/10/2022,09:21:38,45,44.85,3750,45,11000,24650,4723200
NIFTY06OCT2217300CE.NFO,04/10/2022,09:21:40,44.8,44.7,1350,44.8,6450,24000,4723200
NIFTY06OCT2217300CE.NFO,04/10/2022,09:21:41,44.7,44.7,3100,44.8,550,7300,4723200
NIFTY06OCT2217300CE.NFO,04/10/2022,09:21:42,44.55,44.5,100,44.6,4600,10850,4723200
NIFTY06OCT2217300CE.NFO,04/10/2022,09:21:43,44.2,44.2,1200,44.3,3200,27750,4723200
NIFTY06OCT2217300CE.NFO,04/10/2022,09:21:44,43.35,43.35,6100,43.45,200,34000,4723200
NIFTY06OCT2217300CE.NFO,04/10/2022,09:21:46,44.35,44.2,4350,44.35,4250,33200,4723200
NIFTY06OCT2217300CE.NFO,04/10/2022,09:21:47,43.9,44,250,44.1,3200,9950,4723200
NIFTY06OCT2217300CE.NFO,04/10/2022,09:21:48,43.45,43.45,5800,43.6,4450,19000,4723200
NIFTY06OCT2217300CE.NFO,04/10/2022,09:21:49,43.5,43.4,3100,43.5,150,22200,4723200
NIFTY06OCT2217300CE.NFO,04/10/2022,09:21:50,44.15,44.1,50,44.2,5550,19600,4723200
NIFTY06OCT2217300CE.NFO,04/10/2022,09:21:52,43.8,43.75,200,43.85,2800,14500,4723200
NIFTY06OCT2217300CE.NFO,04/10/2022,09:21:53,43.9,43.75,2900,43.8,50,7800,4723200
NIFTY06OCT2217300CE.NFO,04/10/2022,09:21:54,43.7,43.6,2800,43.7,50,7400,4723200
NIFTY06OCT2217300CE.NFO,04/10/2022,09:21:55,43.8,43.8,6350,43.95,5450,15550,4723200
NIFTY06OCT2217300CE.NFO,04/10/2022,09:21:56,43.8,43.8,11250,43.95,200,6350,4723200
NIFTY06OCT2217300CE.NFO,04/10/2022,09:21:57,44,43.95,200,44.05,2900,6450,4723200
NIFTY06OCT2217300CE.NFO,04/10/2022,09:21:59,44.25,44.25,1400,44.35,2800,8150,4723200
NIFTY06OCT2217300CE.NFO,04/10/2022,09:22:00,44.65,44.6,50,44.65,5300,19550,4723200
NIFTY06OCT2217300CE.NFO,04/10/2022,09:22:01,44.45,44.4,8750,44.55,2800,5600,4723200
NIFTY06OCT2217300CE.NFO,04/10/2022,09:22:02,44.5,44.4,5500,44.5,200,29050,4723200
NIFTY06OCT2217300CE.NFO,04/10/2022,09:22:03,44.55,44.6,3000,44.7,550,5100,4723200
NIFTY06OCT2217300CE.NFO,04/10/2022,09:22:04,44.65,44.7,2800,44.8,3600,19150,4723200
NIFTY06OCT2217300CE.NFO,04/10/2022,09:22:05,44.7,44.55,2650,44.65,250,13550,4723200
NIFTY06OCT2217300CE.NFO,04/10/2022,09:22:06,44.6,44.6,6150,44.7,150,17200,4723200
NIFTY06OCT2217300CE.NFO,04/10/2022,09:22:07,44.3,44.25,3950,44.35,1400,12300,4723200
NIFTY06OCT2217300CE.NFO,04/10/2022,09:22:08,44.45,44.45,250,44.55,3600,9150,4723200
NIFTY06OCT2217300CE.NFO,04/10/2022,09:22:09,44.45,44.4,3750,44.5,750,18000,4723200
NIFTY06OCT2217300CE.NFO,04/10/2022,09:22:10,44.4,44.4,50,44.45,4600,5150,4723200
NIFTY06OCT2217300CE.NFO,04/10/2022,09:22:11,44.45,44.45,3050,44.55,1400,11150,4723200
NIFTY06OCT2217300CE.NFO,04/10/2022,09:22:12,44.45,44.45,200,44.5,2850,1350,4723200
NIFTY06OCT2217300CE.NFO,04/10/2022,09:22:13,44.15,44.15,4850,44.3,4550,5900,4723200
NIFTY06OCT2217300CE.NFO,04/10/2022,09:22:14,44.15,44.15,4750,44.3,2650,11550,4723200
NIFTY06OCT2217300CE.NFO,04/10/2022,09:22:15,43.7,43.65,100,43.7,3150,18450,4723200
NIFTY06OCT2217300CE.NFO,04/10/2022,09:22:16,43.8,43.7,2900,43.8,150,8900,4723200
NIFTY06OCT2217300CE.NFO,04/10/2022,09:22:17,43.75,43.75,5250,43.9,3000,9950,4723200
NIFTY06OCT2217300CE.NFO,04/10/2022,09:22:18,43.8,43.75,150,43.8,3500,8200,4723200
NIFTY06OCT2217300CE.NFO,04/10/2022,09:22:19,43.7,43.75,7600,43.9,4350,13950,4723200
NIFTY06OCT2217300CE.NFO,04/10/2022,09:22:20,43.85,43.8,2250,43.9,2800,8900,4723200
NIFTY06OCT2217300CE.NFO,04/10/2022,09:22:21,43.8,43.75,2450,43.85,2850,12050,4723200
NIFTY06OCT2217300CE.NFO,04/10/2022,09:22:22,43.7,43.7,4100,43.85,5600,6200,4723200
NIFTY06OCT2217300CE.NFO,04/10/2022,09:22:23,43.9,43.8,4700,43.95,7300,13100,4723200
NIFTY06OCT2217300CE.NFO,04/10/2022,09:22:24,44.15,44.05,650,44.15,4400,9500,4723200
NIFTY06OCT2217300CE.NFO,04/10/2022,09:22:25,44.2,44.2,250,44.3,7200,6600,4723200
NIFTY06OCT2217300CE.NFO,04/10/2022,09:22:26,44.2,44.2,7650,44.3,1600,2950,4723200
NIFTY06OCT2217300CE.NFO,04/10/2022,09:22:27,44,44,5650,44.15,6200,7650,4723200
NIFTY06OCT2217300CE.NFO,04/10/2022,09:22:28,44.15,44.1,6250,44.2,150,6100,4723200
NIFTY06OCT2217300CE.NFO,04/10/2022,09:22:29,44.2,44.2,3350,44.3,1800,21200,4723200
NIFTY06OCT2217300CE.NFO,04/10/2022,09:22:30,44.3,44.35,3550,44.45,300,13100,4723200
NIFTY06OCT2217300CE.NFO,04/10/2022,09:22:31,44.5,44.4,5300,44.5,350,9750,4723200
NIFTY06OCT2217300CE.NFO,04/10/2022,09:22:32,44.5,44.4,5550,44.5,250,14350,4723200
NIFTY06OCT2217300CE.NFO,04/10/2022,09:22:33,44.35,44.35,4800,44.45,1100,22550,4723200
NIFTY06OCT2217300CE.NFO,04/10/2022,09:22:34,44.65,44.55,2600,44.6,50,8200,4723200
NIFTY06OCT2217300CE.NFO,04/10/2022,09:22:36,45,44.9,1400,45,35700,35200,4723200
NIFTY06OCT2217300CE.NFO,04/10/2022,09:22:37,45.25,45.15,5600,45.2,250,49300,4723200
NIFTY06OCT2217300CE.NFO,04/10/2022,09:22:38,45.45,45.25,5750,45.35,150,18050,4723200
NIFTY06OCT2217300CE.NFO,04/10/2022,09:22:39,45.45,45.4,3650,45.55,3250,22350,4723200
NIFTY06OCT2217300CE.NFO,04/10/2022,09:22:39,45.7,45.4,3650,45.55,3250,0,4723200
NIFTY06OCT2217300CE.NFO,04/10/2022,09:22:40,44.95,44.8,2900,44.95,4550,25850,4723200
NIFTY06OCT2217300CE.NFO,04/10/2022,09:22:41,44.95,44.95,3600,45.1,8800,4450,4723200
NIFTY06OCT2217300CE.NFO,04/10/2022,09:22:42,45,45,4850,45.1,1250,9500,4723200
NIFTY06OCT2217300CE.NFO,04/10/2022,09:22:43,45.3,45.15,4100,45.3,4950,11100,4723200
NIFTY06OCT2217300CE.NFO,04/10/2022,09:22:44,45.3,45.2,4600,45.3,300,6500,4723200
NIFTY06OCT2217300CE.NFO,04/10/2022,09:22:45,45.35,45.25,100,45.35,3850,4450,4723200
NIFTY06OCT2217300CE.NFO,04/10/2022,09:22:46,44.8,44.7,5600,44.75,50,15600,4723200
NIFTY06OCT2217300CE.NFO,04/10/2022,09:22:47,44.6,44.5,2200,44.55,150,18250,4723200
NIFTY06OCT2217300CE.NFO,04/10/2022,09:22:49,44.3,44.2,5900,44.3,6150,17650,4723200
NIFTY06OCT2217300CE.NFO,04/10/2022,09:22:50,43.95,43.85,5600,43.95,3150,23250,4723200
NIFTY06OCT2217300CE.NFO,04/10/2022,09:22:51,43.8,43.7,1600,43.8,2800,7850,4723200
NIFTY06OCT2217300CE.NFO,04/10/2022,09:22:52,43.1,43.15,200,43.25,3000,22850,4723200
NIFTY06OCT2217300CE.NFO,04/10/2022,09:22:53,43.2,43.05,5600,43.15,2900,19900,4723200
NIFTY06OCT2217300CE.NFO,04/10/2022,09:22:55,42.15,42.15,2850,42.2,50,54300,4723200
NIFTY06OCT2217300CE.NFO,04/10/2022,09:22:56,42.05,42.05,3450,42.15,400,22000,4723200
NIFTY06OCT2217300CE.NFO,04/10/2022,09:22:57,41.95,41.95,650,42.05,4350,60250,4723200
NIFTY06OCT2217300CE.NFO,04/10/2022,09:22:58,41.7,41.7,300,41.75,250,59250,4723200
NIFTY06OCT2217300CE.NFO,04/10/2022,09:22:59,42.1,42.15,6100,42.25,250,19650,4723200
NIFTY06OCT2217300CE.NFO,04/10/2022,09:23:00,42.25,42.15,3250,42.25,1900,12000,4723200
NIFTY06OCT2217300CE.NFO,04/10/2022,09:23:01,42.4,42.3,3050,42.4,3550,8250,4723200
NIFTY06OCT2217300CE.NFO,04/10/2022,09:23:02,42.35,42.25,2800,42.35,6050,5700,4723200
NIFTY06OCT2217300CE.NFO,04/10/2022,09:23:03,42.9,42.9,2800,43,2800,15250,4723200
NIFTY06OCT2217300CE.NFO,04/10/2022,09:23:04,42.75,42.75,2550,42.8,750,3550,4723200
NIFTY06OCT2217300CE.NFO,04/10/2022,09:23:05,42.3,42.3,400,42.35,250,21600,4723200
NIFTY06OCT2217300CE.NFO,04/10/2022,09:23:06,42.15,42.15,3750,42.2,150,10000,4723200
NIFTY06OCT2217300CE.NFO,04/10/2022,09:23:07,42.05,41.95,6300,42.05,450,25900,4723200
NIFTY06OCT2217300CE.NFO,04/10/2022,09:23:08,42.5,42.55,150,42.6,1000,15650,4723200
NIFTY06OCT2217300CE.NFO,04/10/2022,09:23:09,42.3,42.25,4900,42.4,3200,11800,4723200
NIFTY06OCT2217300CE.NFO,04/10/2022,09:23:11,42.55,42.45,5300,42.55,200,14150,4723200
NIFTY06OCT2217300CE.NFO,04/10/2022,09:23:12,42.4,42.3,3650,42.45,3900,11100,4723200
NIFTY06OCT2217300CE.NFO,04/10/2022,09:23:13,42.85,42.75,4850,42.85,50,14000,4723200
NIFTY06OCT2217300CE.NFO,04/10/2022,09:23:14,42.75,42.65,850,42.75,3350,9550,4723200
NIFTY06OCT2217300CE.NFO,04/10/2022,09:23:15,42.7,42.65,3200,42.75,50,5200,4723200
NIFTY06OCT2217300CE.NFO,04/10/2022,09:23:16,42.95,42.85,3100,42.95,2850,900,4723200
NIFTY06OCT2217300CE.NFO,04/10/2022,09:23:17,42.65,42.6,2800,42.65,1050,7200,4723200
NIFTY06OCT2217300CE.NFO,04/10/2022,09:23:18,42.9,42.75,5700,42.85,250,10000,4723200
NIFTY06OCT2217300CE.NFO,04/10/2022,09:23:19,42.6,42.55,5000,42.65,1700,6900,4723200
NIFTY06OCT2217300CE.NFO,04/10/2022,09:23:20,43.1,43.15,2900,43.25,5650,12150,4723200
NIFTY06OCT2217300CE.NFO,04/10/2022,09:23:21,43.35,43.15,4350,43.3,4350,8550,4723200
NIFTY06OCT2217300CE.NFO,04/10/2022,09:23:22,43.25,43.2,3150,43.3,4200,9450,4723200
NIFTY06OCT2217300CE.NFO,04/10/2022,09:23:23,43.75,43.65,500,43.75,6300,13000,4723200
NIFTY06OCT2217300CE.NFO,04/10/2022,09:23:24,43.75,43.75,7200,43.85,2350,21400,4723200
NIFTY06OCT2217300CE.NFO,04/10/2022,09:23:25,43.9,43.8,5650,43.9,400,6850,4723200
NIFTY06OCT2217300CE.NFO,04/10/2022,09:23:26,43.9,43.9,1100,44,4800,9750,4723200
NIFTY06OCT2217300CE.NFO,04/10/2022,09:23:27,43.95,44.05,50,44.15,6300,2200,4723200
NIFTY06OCT2217300CE.NFO,04/10/2022,09:23:28,44.45,44.3,4350,44.45,5400,9400,4723200
NIFTY06OCT2217300CE.NFO,04/10/2022,09:23:29,44.6,44.6,2500,44.65,50,12500,4723200
NIFTY06OCT2217300CE.NFO,04/10/2022,09:23:30,44.85,44.8,50,44.9,2800,11400,4723200
NIFTY06OCT2217300CE.NFO,04/10/2022,09:23:31,44.95,44.9,3850,44.95,1700,24850,4723200
NIFTY06OCT2217300CE.NFO,04/10/2022,09:23:32,45.05,44.95,4350,45.05,400,48900,4723200
NIFTY06OCT2217300CE.NFO,04/10/2022,09:23:33,45,45.05,200,45.15,3300,14950,4865750
NIFTY06OCT2217300CE.NFO,04/10/2022,09:23:35,44.95,44.95,3050,45.05,4950,12850,4865750
NIFTY06OCT2217300CE.NFO,04/10/2022,09:23:36,44.95,44.9,4650,45,2650,11000,4865750
NIFTY06OCT2217300CE.NFO,04/10/2022,09:23:37,45.15,45,4150,45.15,6350,9700,4865750
NIFTY06OCT2217300CE.NFO,04/10/2022,09:23:38,45.3,45.15,3400,45.3,7350,5850,4865750
NIFTY06OCT2217300CE.NFO,04/10/2022,09:23:39,44.85,44.85,2850,44.95,2800,8450,4865750
NIFTY06OCT2217300CE.NFO,04/10/2022,09:23:40,44.75,44.85,3700,44.9,2500,13100,4865750
NIFTY06OCT2217300CE.NFO,04/10/2022,09:23:41,44.4,44.4,3850,44.5,2800,16400,4865750
NIFTY06OCT2217300CE.NFO,04/10/2022,09:23:42,44.4,44.4,3450,44.5,2800,5000,4865750
NIFTY06OCT2217300CE.NFO,04/10/2022,09:23:43,44.5,44.5,6150,44.6,2850,1500,4865750
NIFTY06OCT2217300CE.NFO,04/10/2022,09:23:44,44.7,44.6,1350,44.7,4950,12550,4865750
NIFTY06OCT2217300CE.NFO,04/10/2022,09:23:45,44.65,44.5,3650,44.65,7250,6050,4865750
NIFTY06OCT2217300CE.NFO,04/10/2022,09:23:46,44.9,44.85,250,44.95,2850,7400,4865750
NIFTY06OCT2217300CE.NFO,04/10/2022,09:23:47,44.75,44.8,3550,44.9,3050,7500,4865750
NIFTY06OCT2217300CE.NFO,04/10/2022,09:23:48,44.95,44.7,10250,44.85,3150,1600,4865750
NIFTY06OCT2217300CE.NFO,04/10/2022,09:23:49,45.2,45.2,2800,45.3,4600,24700,4865750
NIFTY06OCT2217300CE.NFO,04/10/2022,09:23:50,45.4,45.4,800,45.5,5800,13500,4865750
NIFTY06OCT2217300CE.NFO,04/10/2022,09:23:51,45.5,45.5,2800,45.6,1600,15750,4865750
NIFTY06OCT2217300CE.NFO,04/10/2022,09:23:51,45.75,45.5,2800,45.6,1600,0,4865750
NIFTY06OCT2217300CE.NFO,04/10/2022,09:23:53,45.5,45.4,5400,45.5,750,27400,4865750
NIFTY06OCT2217300CE.NFO,04/10/2022,09:23:54,45.75,45.65,3400,45.8,3400,6750,4865750
NIFTY06OCT2217300CE.NFO,04/10/2022,09:23:54,45.8,45.65,3400,45.8,3400,0,4865750
NIFTY06OCT2217300CE.NFO,04/10/2022,09:23:55,45.15,45.15,3200,45.25,100,19900,4865750
NIFTY06OCT2217300CE.NFO,04/10/2022,09:23:55,45.85,45.15,3200,45.25,100,0,4865750
NIFTY06OCT2217300CE.NFO,04/10/2022,09:23:56,45.85,45.75,3500,45.85,700,13900,4865750
NIFTY06OCT2217300CE.NFO,04/10/2022,09:23:56,45.9,45.75,3500,45.85,700,0,4865750
NIFTY06OCT2217300CE.NFO,04/10/2022,09:23:57,45.55,45.5,2800,45.6,1350,9100,4865750
NIFTY06OCT2217300CE.NFO,04/10/2022,09:23:58,45.85,45.8,3850,45.9,100,18600,4865750
NIFTY06OCT2217300CE.NFO,04/10/2022,09:23:58,45.95,45.8,3850,45.9,100,0,4865750
NIFTY06OCT2217300CE.NFO,04/10/2022,09:23:59,46,46,3550,46.1,3350,35650,4865750
NIFTY06OCT2217300CE.NFO,04/10/2022,09:23:59,46.3,46,3550,46.1,3350,0,4865750
NIFTY06OCT2217300CE.NFO,04/10/2022,09:24:00,46.25,46.25,750,46.3,2800,12700,4865750
NIFTY06OCT2217300CE.NFO,04/10/2022,09:24:01,46.25,46.15,4650,46.3,4600,10800,4865750
NIFTY06OCT2217300CE.NFO,04/10/2022,09:24:01,46.4,46.15,4650,46.3,4600,0,4865750
NIFTY06OCT2217300CE.NFO,04/10/2022,09:24:02,46.5,46.4,3900,46.55,4850,8050,4865750
NIFTY06OCT2217300CE.NFO,04/10/2022,09:24:02,46.5,46.4,3900,46.55,4850,0,4865750
NIFTY06OCT2217300CE.NFO,04/10/2022,09:24:03,46.85,46.75,5100,46.85,50,14200,4865750
NIFTY06OCT2217300CE.NFO,04/10/2022,09:24:03,46.85,46.75,5100,46.85,50,0,4865750
NIFTY06OCT2217300CE.NFO,04/10/2022,09:24:04,46.85,46.7,8100,46.85,3350,22650,4865750
NIFTY06OCT2217300CE.NFO,04/10/2022,09:24:04,47.2,46.7,8100,46.85,3350,0,4865750
NIFTY06OCT2217300CE.NFO,04/10/2022,09:24:05,46.75,46.65,2700,46.75,2800,9500,4865750
NIFTY06OCT2217300CE.NFO,04/10/2022,09:24:06,46.3,46.25,5800,46.4,3500,9600,4865750
NIFTY06OCT2217300CE.NFO,04/10/2022,09:24:07,46.25,46.1,3150,46.2,450,17100,4865750
NIFTY06OCT2217300CE.NFO,04/10/2022,09:24:08,46.95,46.9,1850,47,1800,8450,4865750
NIFTY06OCT2217300CE.NFO,04/10/2022,09:24:09,46.8,46.7,4650,46.8,850,10050,4865750
NIFTY06OCT2217300CE.NFO,04/10/2022,09:24:10,46.9,46.75,4400,46.9,2850,7350,4865750
NIFTY06OCT2217300CE.NFO,04/10/2022,09:24:11,46.6,46.55,1000,46.6,50,7450,4865750
NIFTY06OCT2217300CE.NFO,04/10/2022,09:24:12,46.55,46.5,4300,46.65,4150,12300,4865750
NIFTY06OCT2217300CE.NFO,04/10/2022,09:24:13,46.3,46.25,2750,46.35,1000,67700,4865750
NIFTY06OCT2217300CE.NFO,04/10/2022,09:24:14,46.35,46.25,2850,46.35,100,6950,4865750
NIFTY06OCT2217300CE.NFO,04/10/2022,09:24:15,46.25,46.2,2750,46.3,550,8500,4865750
NIFTY06OCT2217300CE.NFO,04/10/2022,09:24:16,46.3,46.3,3050,46.4,250,5450,4865750
NIFTY06OCT2217300CE.NFO,04/10/2022,09:24:17,46.4,46.4,2650,46.45,50,15200,4865750
NIFTY06OCT2217300CE.NFO,04/10/2022,09:24:18,46.4,46.4,5050,46.5,50,8900,4865750
NIFTY06OCT2217300CE.NFO,04/10/2022,09:24:19,46.8,46.7,950,46.8,6750,12250,4865750
NIFTY06OCT2217300CE.NFO,04/10/2022,09:24:20,46.8,46.85,250,46.95,5450,24550,4865750
NIFTY06OCT2217300CE.NFO,04/10/2022,09:24:21,46.9,46.95,2800,47.05,2950,9100,4865750
NIFTY06OCT2217300CE.NFO,04/10/2022,09:24:23,47.65,47.5,450,47.6,2800,22700,4865750
NIFTY06OCT2217300CE.NFO,04/10/2022,09:24:23,47.65,47.5,450,47.6,2800,0,4865750
NIFTY06OCT2217300CE.NFO,04/10/2022,09:24:24,47.75,47.6,6000,47.75,2150,16200,4865750
NIFTY06OCT2217300CE.NFO,04/10/2022,09:24:24,47.75,47.6,6000,47.75,2150,0,4865750
NIFTY06OCT2217300CE.NFO,04/10/2022,09:24:25,47.8,47.8,4450,47.9,1650,14950,4865750
NIFTY06OCT2217300CE.NFO,04/10/2022,09:24:25,47.9,47.8,4450,47.9,1650,0,4865750
NIFTY06OCT2217300CE.NFO,04/10/2022,09:24:27,48.2,48.2,1800,48.25,250,41850,4865750
NIFTY06OCT2217300CE.NFO,04/10/2022,09:24:27,48.45,48.2,1800,48.25,250,0,4865750
NIFTY06OCT2217300CE.NFO,04/10/2022,09:24:28,49.1,49.05,3900,49.2,3150,49300,4865750
NIFTY06OCT2217300CE.NFO,04/10/2022,09:24:28,49.25,49.05,3900,49.2,3150,0,4865750
NIFTY06OCT2217300CE.NFO,04/10/2022,09:24:29,49.05,49,50,49.05,900,18050,4865750
NIFTY06OCT2217300CE.NFO,04/10/2022,09:24:29,49.45,49,50,49.05,900,0,4865750
NIFTY06OCT2217300CE.NFO,04/10/2022,09:24:31,49.55,49.5,6850,49.65,650,21800,4865750
NIFTY06OCT2217300CE.NFO,04/10/2022,09:24:31,49.8,49.5,6850,49.65,650,0,4865750
NIFTY06OCT2217300CE.NFO,04/10/2022,09:24:32,49.9,49.85,50,49.9,250,62800,4865750
NIFTY06OCT2217300CE.NFO,04/10/2022,09:24:32,50,49.85,50,49.9,250,0,4865750
NIFTY06OCT2217300CE.NFO,04/10/2022,09:24:33,49.95,49.8,3500,50,7950,54900,4865750
NIFTY06OCT2217300CE.NFO,04/10/2022,09:24:33,50.15,49.8,3500,50,7950,0,4865750
NIFTY06OCT2217300CE.NFO,04/10/2022,09:24:34,50.1,50.15,100,50.25,6350,20850,4865750
NIFTY06OCT2217300CE.NFO,04/10/2022,09:24:34,50.35,50.15,100,50.25,6350,0,4865750
NIFTY06OCT2217300CE.NFO,04/10/2022,09:24:36,50.6,50.5,1200,50.6,450,42100,4865750
NIFTY06OCT2217300CE.NFO,04/10/2022,09:24:36,50.85,50.5,1200,50.6,450,0,4865750
NIFTY06OCT2217300CE.NFO,04/10/2022,09:24:37,50.1,49.95,100,50.05,5700,32450,4865750
NIFTY06OCT2217300CE.NFO,04/10/2022,09:24:38,49.45,49.4,2500,49.45,200,30200,4865750
NIFTY06OCT2217300CE.NFO,04/10/2022,09:24:39,49.95,49.9,2950,50.05,5650,24900,4865750
NIFTY06OCT2217300CE.NFO,04/10/2022,09:24:40,50,49.9,6350,50.05,3150,26950,4865750
NIFTY06OCT2217300CE.NFO,04/10/2022,09:24:41,49.6,49.5,50,49.55,5550,14500,4865750
NIFTY06OCT2217300CE.NFO,04/10/2022,09:24:42,49.75,49.8,3300,49.85,100,19250,4865750
NIFTY06OCT2217300CE.NFO,04/10/2022,09:24:43,49.8,49.7,500,49.8,4300,18050,4865750
NIFTY06OCT2217300CE.NFO,04/10/2022,09:24:45,49.8,49.8,50,49.85,6250,26150,4865750
NIFTY06OCT2217300CE.NFO,04/10/2022,09:24:45,50.15,50.05,1350,50.15,3550,10450,4865750
NIFTY06OCT2217300CE.NFO,04/10/2022,09:24:46,50.1,50,1900,50.1,250,11100,4865750
NIFTY06OCT2217300CE.NFO,04/10/2022,09:24:47,50,49.95,250,50.05,3300,22850,4865750
NIFTY06OCT2217300CE.NFO,04/10/2022,09:24:48,50.8,50.8,50,50.85,2850,13600,4865750
NIFTY06OCT2217300CE.NFO,04/10/2022,09:24:48,50.9,50.8,50,50.85,2850,0,4865750
NIFTY06OCT2217300CE.NFO,04/10/2022,09:24:50,50.95,51,5300,51.1,400,23300,4865750
NIFTY06OCT2217300CE.NFO,04/10/2022,09:24:50,51.3,51,5300,51.1,400,0,4865750
NIFTY06OCT2217300CE.NFO,04/10/2022,09:24:51,50.7,50.7,3750,50.85,7150,18000,4865750
NIFTY06OCT2217300CE.NFO,04/10/2022,09:24:51,51.5,50.7,3750,50.85,7150,0,4865750
NIFTY06OCT2217300CE.NFO,04/10/2022,09:24:52,51.75,51.65,250,51.75,3550,26150,4865750
NIFTY06OCT2217300CE.NFO,04/10/2022,09:24:52,51.75,51.65,250,51.75,3550,0,4865750
NIFTY06OCT2217300CE.NFO,04/10/2022,09:24:53,52.1,52.1,3050,52.2,750,49950,4865750
NIFTY06OCT2217300CE.NFO,04/10/2022,09:24:53,52.2,52.1,3050,52.2,750,0,4865750
NIFTY06OCT2217300CE.NFO,04/10/2022,09:24:54,52,51.95,5650,52.1,3700,20700,4865750
NIFTY06OCT2217300CE.NFO,04/10/2022,09:24:54,52.25,51.95,5650,52.1,3700,0,4865750
NIFTY06OCT2217300CE.NFO,04/10/2022,09:24:56,52.65,52.65,2900,52.75,1300,25300,4865750
NIFTY06OCT2217300CE.NFO,04/10/2022,09:24:56,52.8,52.65,2900,52.75,1300,0,4865750
NIFTY06OCT2217300CE.NFO,04/10/2022,09:24:57,52.65,52.6,650,52.7,2800,78450,4865750
NIFTY06OCT2217300CE.NFO,04/10/2022,09:24:57,52.85,52.6,650,52.7,2800,0,4865750
NIFTY06OCT2217300CE.NFO,04/10/2022,09:24:58,53,52.9,1550,53.05,4750,30750,4865750
NIFTY06OCT2217300CE.NFO,04/10/2022,09:24:58,53.5,52.9,1550,53.05,4750,0,4865750
NIFTY06OCT2217300CE.NFO,04/10/2022,09:25:00,54,53.95,1250,54.05,100,34600,4865750
NIFTY06OCT2217300CE.NFO,04/10/2022,09:25:00,54.1,53.95,1250,54.05,100,0,4865750
NIFTY06OCT2217300CE.NFO,04/10/2022,09:25:01,55,55.05,350,55.1,200,59350,4865750
NIFTY06OCT2217300CE.NFO,04/10/2022,09:25:01,55.45,55.05,350,55.1,200,0,4865750
NIFTY06OCT2217300CE.NFO,04/10/2022,09:25:03,55.9,55.8,2100,55.9,450,51500,4865750
NIFTY06OCT2217300CE.NFO,04/10/2022,09:25:03,55.9,55.8,2100,55.9,450,0,4865750
NIFTY06OCT2217300CE.NFO,04/10/2022,09:25:04,55.65,55.65,100,55.75,100,51850,4865750
NIFTY06OCT2217300CE.NFO,04/10/2022,09:25:04,56.55,55.65,100,55.75,100,0,4865750
NIFTY06OCT2217300CE.NFO,04/10/2022,09:25:05,56.45,56.45,500,56.6,450,50700,4865750
NIFTY06OCT2217300CE.NFO,04/10/2022,09:25:05,56.7,56.45,500,56.6,450,0,4865750
NIFTY06OCT2217300CE.NFO,04/10/2022,09:25:07,56.05,56.05,600,56.2,650,38350,4865750
NIFTY06OCT2217300CE.NFO,04/10/2022,09:25:08,56.55,56.45,450,56.6,200,27600,4865750
NIFTY06OCT2217300CE.NFO,04/10/2022,09:25:08,57,56.45,450,56.6,200,0,4865750
NIFTY06OCT2217300CE.NFO,04/10/2022,09:25:09,57,57,100,57.15,1150,39550,4865750
NIFTY06OCT2217300CE.NFO,04/10/2022,09:25:10,56.9,56.85,1100,57,250,28700,4865750
NIFTY06OCT2217300CE.NFO,04/10/2022,09:25:10,57.15,56.85,1100,57,250,0,4865750
NIFTY06OCT2217300CE.NFO,04/10/2022,09:25:11,57,57,200,57.1,350,24000,4865750
NIFTY06OCT2217300CE.NFO,04/10/2022,09:25:13,56.85,56.75,800,56.9,850,19850,4865750
NIFTY06OCT2217300CE.NFO,04/10/2022,09:25:13,57.55,56.75,800,56.9,850,0,4865750
NIFTY06OCT2217300CE.NFO,04/10/2022,09:25:14,56.5,56.45,200,56.55,250,41450,4865750
NIFTY06OCT2217300CE.NFO,04/10/2022,09:25:15,55.8,55.65,450,55.8,850,63150,4865750
NIFTY06OCT2217300CE.NFO,04/10/2022,09:25:17,55.25,55.2,50,55.3,100,79300,4865750
NIFTY06OCT2217300CE.NFO,04/10/2022,09:25:18,54.35,54.4,100,54.55,550,36100,4865750
NIFTY06OCT2217300CE.NFO,04/10/2022,09:25:19,54.85,54.95,100,55,3050,34350,4865750
NIFTY06OCT2217300CE.NFO,04/10/2022,09:25:21,55,55,50,55.15,1300,32900,4865750
NIFTY06OCT2217300CE.NFO,04/10/2022,09:25:22,55.65,55.65,200,55.7,600,37300,4865750
NIFTY06OCT2217300CE.NFO,04/10/2022,09:25:23,55.6,55.6,1600,55.65,600,29200,4865750
NIFTY06OCT2217300CE.NFO,04/10/2022,09:25:24,55.5,55.5,750,55.65,50,14400,4865750
NIFTY06OCT2217300CE.NFO,04/10/2022,09:25:25,55.8,55.7,450,55.85,300,22700,4865750
NIFTY06OCT2217300CE.NFO,04/10/2022,09:25:26,56.5,56.4,50,56.55,1400,31600,4865750
NIFTY06OCT2217300CE.NFO,04/10/2022,09:25:28,56.55,56.5,1800,56.6,350,16550,4865750
NIFTY06OCT2217300CE.NFO,04/10/2022,09:25:29,57.1,57.1,50,57.2,1100,29500,4865750
NIFTY06OCT2217300CE.NFO,04/10/2022,09:25:30,56.6,56.55,50,56.65,250,12450,4865750
NIFTY06OCT2217300CE.NFO,04/10/2022,09:25:31,57.25,57.25,450,57.4,1400,16800,4865750
NIFTY06OCT2217300CE.NFO,04/10/2022,09:25:32,57.55,57.55,900,57.7,350,25450,4865750
NIFTY06OCT2217300CE.NFO,04/10/2022,09:25:32,57.9,57.55,900,57.7,350,0,4865750
NIFTY06OCT2217300CE.NFO,04/10/2022,09:25:33,57.55,57.55,200,57.6,900,17150,4865750
NIFTY06OCT2217300CE.NFO,04/10/2022,09:25:34,57.35,57.2,500,57.35,250,19750,4865750
NIFTY06OCT2217300CE.NFO,04/10/2022,09:25:35,57.75,57.6,300,57.75,1000,23500,4865750
NIFTY06OCT2217300CE.NFO,04/10/2022,09:25:36,58.2,58.15,200,58.25,200,33650,4865750
NIFTY06OCT2217300CE.NFO,04/10/2022,09:25:36,58.35,58.15,200,58.25,200,0,4865750
NIFTY06OCT2217300CE.NFO,04/10/2022,09:25:37,58.3,58.15,500,58.3,500,24900,4865750
NIFTY06OCT2217300CE.NFO,04/10/2022,09:25:38,58.7,58.85,600,59,150,38700,4865750
NIFTY06OCT2217300CE.NFO,04/10/2022,09:25:38,59.25,58.85,600,59,150,0,4865750
NIFTY06OCT2217300CE.NFO,04/10/2022,09:25:39,58.8,58.65,50,58.8,1200,16400,4865750
NIFTY06OCT2217300CE.NFO,04/10/2022,09:25:39,59.3,58.65,50,58.8,1200,0,4865750
NIFTY06OCT2217300CE.NFO,04/10/2022,09:25:41,59,59,600,59.2,4350,36500,4865750
NIFTY06OCT2217300CE.NFO,04/10/2022,09:25:42,58.95,58.85,50,58.95,1200,26850,4865750
NIFTY06OCT2217300CE.NFO,04/10/2022,09:25:42,59.85,58.85,50,58.95,1200,0,4865750
NIFTY06OCT2217300CE.NFO,04/10/2022,09:25:43,59.95,59.85,150,59.95,450,34650,4865750
NIFTY06OCT2217300CE.NFO,04/10/2022,09:25:43,60,59.85,150,59.95,450,0,4865750
NIFTY06OCT2217300CE.NFO,04/10/2022,09:25:44,60.05,59.9,500,60.05,450,55600,4865750
NIFTY06OCT2217300CE.NFO,04/10/2022,09:25:44,60.25,59.9,500,60.05,450,0,4865750
NIFTY06OCT2217300CE.NFO,04/10/2022,09:25:45,60.7,60.55,900,60.7,50,24700,4865750
NIFTY06OCT2217300CE.NFO,04/10/2022,09:25:45,60.7,60.55,900,60.7,50,0,4865750
NIFTY06OCT2217300CE.NFO,04/10/2022,09:25:46,60.3,60.3,2800,60.4,600,24900,4865750
NIFTY06OCT2217300CE.NFO,04/10/2022,09:25:46,61.05,60.3,2800,60.4,600,0,4865750
NIFTY06OCT2217300CE.NFO,04/10/2022,09:25:48,60.05,60.05,50,60.15,200,45000,4865750
NIFTY06OCT2217300CE.NFO,04/10/2022,09:25:49,59.95,59.75,1700,59.95,400,20350,4865750
NIFTY06OCT2217300CE.NFO,04/10/2022,09:25:50,59.55,59.45,900,59.65,1250,33450,4865750
NIFTY06OCT2217300CE.NFO,04/10/2022,09:25:50,59.55,59.35,1250,59.55,1250,1450,4865750
NIFTY06OCT2217300CE.NFO,04/10/2022,09:25:51,58.85,58.9,400,59.1,1500,48650,4865750
NIFTY06OCT2217300CE.NFO,04/10/2022,09:25:52,58.5,58.35,150,58.5,1250,84750,4865750
NIFTY06OCT2217300CE.NFO,04/10/2022,09:25:54,58.05,58.15,50,58.3,1800,32900,4865750
NIFTY06OCT2217300CE.NFO,04/10/2022,09:25:55,58.35,58.3,600,58.45,300,32400,4865750
NIFTY06OCT2217300CE.NFO,04/10/2022,09:25:56,58.05,58.05,250,58.2,450,26550,4865750
NIFTY06OCT2217300CE.NFO,04/10/2022,09:25:57,58.2,58.1,1050,58.25,300,26000,4865750
NIFTY06OCT2217300CE.NFO,04/10/2022,09:25:58,58.55,58.55,450,58.7,1950,12100,4865750
NIFTY06OCT2217300CE.NFO,04/10/2022,09:25:59,58.85,58.9,150,59,1950,22750,4865750
NIFTY06OCT2217300CE.NFO,04/10/2022,09:26:00,59.9,59.8,150,59.9,700,19900,4865750
NIFTY06OCT2217300CE.NFO,04/10/2022,09:26:01,60.05,60.05,100,60.1,200,23750,4865750
NIFTY06OCT2217300CE.NFO,04/10/2022,09:26:03,60.5,60.35,550,60.5,100,16700,4865750
NIFTY06OCT2217300CE.NFO,04/10/2022,09:26:03,60.45,60.3,1050,60.45,600,4700,4865750
NIFTY06OCT2217300CE.NFO,04/10/2022,09:26:04,61,60.9,200,61,3250,13550,4865750
NIFTY06OCT2217300CE.NFO,04/10/2022,09:26:05,60.6,60.55,500,60.65,300,33450,4865750
NIFTY06OCT2217300CE.NFO,04/10/2022,09:26:05,61.4,60.55,500,60.65,300,0,4865750
NIFTY06OCT2217300CE.NFO,04/10/2022,09:26:06,60.2,60.1,350,60.2,300,24300,4865750
NIFTY06OCT2217300CE.NFO,04/10/2022,09:26:07,60.75,60.65,500,60.7,300,19900,4865750
NIFTY06OCT2217300CE.NFO,04/10/2022,09:26:08,61.05,61.05,300,61.25,1600,17300,4865750
NIFTY06OCT2217300CE.NFO,04/10/2022,09:26:08,61.45,61.05,300,61.25,1600,0,4865750
NIFTY06OCT2217300CE.NFO,04/10/2022,09:26:09,61.1,60.95,2700,61.1,1550,32150,4865750
NIFTY06OCT2217300CE.NFO,04/10/2022,09:26:09,61.9,60.95,2700,61.1,1550,0,4865750
NIFTY06OCT2217300CE.NFO,04/10/2022,09:26:11,60.65,60.5,250,60.65,1000,27850,4865750
NIFTY06OCT2217300CE.NFO,04/10/2022,09:26:11,60.6,60.65,250,60.8,500,8950,4865750
NIFTY06OCT2217300CE.NFO,04/10/2022,09:26:12,61.05,60.85,1500,61.05,600,25150,4865750
NIFTY06OCT2217300CE.NFO,04/10/2022,09:26:13,61.2,61.05,100,61.2,1750,19050,4865750
NIFTY06OCT2217300CE.NFO,04/10/2022,09:26:14,61.25,61.25,250,61.4,1000,24800,4865750
NIFTY06OCT2217300CE.NFO,04/10/2022,09:26:16,61.1,61.1,250,61.25,500,32250,4865750
NIFTY06OCT2217300CE.NFO,04/10/2022,09:26:16,61.8,61.65,750,61.8,250,5500,4865750
NIFTY06OCT2217300CE.NFO,04/10/2022,09:26:17,61.9,61.75,900,61.9,50,12050,4865750
NIFTY06OCT2217300CE.NFO,04/10/2022,09:26:17,62,61.75,900,61.9,50,0,4865750
NIFTY06OCT2217300CE.NFO,04/10/2022,09:26:18,62.2,62,1050,62.2,1900,30100,4865750
NIFTY06OCT2217300CE.NFO,04/10/2022,09:26:18,62.25,62,1050,62.2,1900,0,4865750
NIFTY06OCT2217300CE.NFO,04/10/2022,09:26:19,61.75,61.75,100,61.85,300,18500,4865750
NIFTY06OCT2217300CE.NFO,04/10/2022,09:26:19,62.5,61.75,100,61.85,300,0,4865750
NIFTY06OCT2217300CE.NFO,04/10/2022,09:26:21,61.65,61.45,200,61.55,50,31450,4865750
NIFTY06OCT2217300CE.NFO,04/10/2022,09:26:21,61.4,61.4,650,61.45,100,6200,4865750
NIFTY06OCT2217300CE.NFO,04/10/2022,09:26:22,61.65,61.45,250,61.6,150,28550,4865750
NIFTY06OCT2217300CE.NFO,04/10/2022,09:26:23,61.7,61.6,200,61.75,700,14500,4865750
NIFTY06OCT2217300CE.NFO,04/10/2022,09:26:24,62.25,62.05,850,62.2,850,26800,4865750
NIFTY06OCT2217300CE.NFO,04/10/2022,09:26:26,62.2,62.05,900,62.2,200,24250,4865750
NIFTY06OCT2217300CE.NFO,04/10/2022,09:26:26,62.6,62.05,900,62.2,200,0,4865750
NIFTY06OCT2217300CE.NFO,04/10/2022,09:26:27,62.25,62.25,1200,62.45,1700,29450,4865750
NIFTY06OCT2217300CE.NFO,04/10/2022,09:26:27,62.65,62.25,1200,62.45,1700,0,4865750
NIFTY06OCT2217300CE.NFO,04/10/2022,09:26:27,62.35,62.2,1100,62.35,150,2750,4865750
NIFTY06OCT2217300CE.NFO,04/10/2022,09:26:28,63.6,63.6,950,63.75,550,41800,4865750
NIFTY06OCT2217300CE.NFO,04/10/2022,09:26:28,64,63.6,950,63.75,550,0,4865750
NIFTY06OCT2217300CE.NFO,04/10/2022,09:26:29,63.6,63.45,1050,63.65,1250,35100,4865750
NIFTY06OCT2217300CE.NFO,04/10/2022,09:26:31,63.8,63.65,500,63.8,1350,36950,4865750
NIFTY06OCT2217300CE.NFO,04/10/2022,09:26:31,64.25,63.65,500,63.8,1350,0,4865750
NIFTY06OCT2217300CE.NFO,04/10/2022,09:26:32,62.9,62.8,150,62.9,450,32300,4865750
NIFTY06OCT2217300CE.NFO,04/10/2022,09:26:33,63.4,63.25,300,63.4,1000,33800,4723950
NIFTY06OCT2217300CE.NFO,04/10/2022,09:26:34,64,64,650,64.2,600,34600,4723950
NIFTY06OCT2217300CE.NFO,04/10/2022,09:26:34,64.3,64,650,64.2,600,0,4723950
NIFTY06OCT2217300CE.NFO,04/10/2022,09:26:35,63.95,63.9,300,64,1900,20300,4723950
NIFTY06OCT2217300CE.NFO,04/10/2022,09:26:35,64.4,63.9,300,64,1900,0,4723950
NIFTY06OCT2217300CE.NFO,04/10/2022,09:26:37,64.55,64.55,50,64.65,350,57000,4723950
NIFTY06OCT2217300CE.NFO,04/10/2022,09:26:37,65.3,64.55,50,64.65,350,0,4723950
NIFTY06OCT2217300CE.NFO,04/10/2022,09:26:38,65.65,65.5,350,65.65,150,24450,4723950
NIFTY06OCT2217300CE.NFO,04/10/2022,09:26:38,65.8,65.5,350,65.65,150,0,4723950
NIFTY06OCT2217300CE.NFO,04/10/2022,09:26:39,66.2,66.2,50,66.25,50,37400,4723950
NIFTY06OCT2217300CE.NFO,04/10/2022,09:26:39,66.3,66.2,50,66.25,50,0,4723950
NIFTY06OCT2217300CE.NFO,04/10/2022,09:26:40,66.8,66.65,50,66.85,450,30200,4723950
NIFTY06OCT2217300CE.NFO,04/10/2022,09:26:40,67,66.65,50,66.85,450,0,4723950
NIFTY06OCT2217300CE.NFO,04/10/2022,09:26:42,66.7,66.55,50,66.7,50,41150,4723950
NIFTY06OCT2217300CE.NFO,04/10/2022,09:26:42,67.7,66.55,50,66.7,50,0,4723950
NIFTY06OCT2217300CE.NFO,04/10/2022,09:26:43,66.95,66.95,250,67.1,400,31350,4723950
NIFTY06OCT2217300CE.NFO,04/10/2022,09:26:44,67.05,66.85,1300,67.05,250,57450,4723950
NIFTY06OCT2217300CE.NFO,04/10/2022,09:26:46,66.9,66.65,500,66.9,2400,35150,4723950
NIFTY06OCT2217300CE.NFO,04/10/2022,09:26:47,66.2,66.2,350,66.3,50,36300,4723950
NIFTY06OCT2217300CE.NFO,04/10/2022,09:26:48,66.15,66,50,66.15,600,35100,4723950
NIFTY06OCT2217300CE.NFO,04/10/2022,09:26:49,65.15,65.15,100,65.3,50,43200,4723950
NIFTY06OCT2217300CE.NFO,04/10/2022,09:26:50,64.4,64.3,700,64.4,250,55000,4723950
NIFTY06OCT2217300CE.NFO,04/10/2022,09:26:51,63.5,63.5,50,63.65,550,48200,4723950
NIFTY06OCT2217300CE.NFO,04/10/2022,09:26:52,62.8,62.75,250,62.9,250,54450,4723950
NIFTY06OCT2217300CE.NFO,04/10/2022,09:26:54,62.2,62.05,350,62.2,150,86000,4723950
NIFTY06OCT2217300CE.NFO,04/10/2022,09:26:55,62.2,62.2,350,62.35,300,40600,4723950
NIFTY06OCT2217300CE.NFO,04/10/2022,09:26:56,61.8,61.8,550,61.95,1250,27350,4723950
NIFTY06OCT2217300CE.NFO,04/10/2022,09:26:57,61.55,61.6,900,61.75,50,64000,4723950
NIFTY06OCT2217300CE.NFO,04/10/2022,09:26:58,61.05,61.05,400,61.2,50,74100,4723950
NIFTY06OCT2217300CE.NFO,04/10/2022,09:26:59,61.85,61.75,250,61.85,400,45400,4723950
NIFTY06OCT2217300CE.NFO,04/10/2022,09:27:01,60.1,60,10900,60.1,500,122550,4723950
NIFTY06OCT2217300CE.NFO,04/10/2022,09:27:02,60.6,60.65,250,60.75,50,56150,4723950
NIFTY06OCT2217300CE.NFO,04/10/2022,09:27:03,61.2,61.2,200,61.3,400,56050,4723950
NIFTY06OCT2217300CE.NFO,04/10/2022,09:27:04,61.5,61.35,950,61.5,750,25150,4723950
NIFTY06OCT2217300CE.NFO,04/10/2022,09:27:05,61.25,61.2,250,61.25,350,18400,4723950
NIFTY06OCT2217300CE.NFO,04/10/2022,09:27:06,61.45,61.45,150,61.6,1200,18800,4723950
NIFTY06OCT2217300CE.NFO,04/10/2022,09:27:07,61.05,60.95,50,61.05,100,18900,4723950
NIFTY06OCT2217300CE.NFO,04/10/2022,09:27:08,61,60.8,200,60.9,1000,16700,4723950
NIFTY06OCT2217300CE.NFO,04/10/2022,09:27:09,60.75,60.75,300,60.8,50,20050,4723950
NIFTY06OCT2217300CE.NFO,04/10/2022,09:27:11,60.3,60.15,50,60.25,300,50200,4723950
NIFTY06OCT2217300CE.NFO,04/10/2022,09:27:12,59.5,59.25,900,59.45,800,25500,4723950
NIFTY06OCT2217300CE.NFO,04/10/2022,09:27:13,58.05,58.05,200,58.2,1000,46150,4723950
NIFTY06OCT2217300CE.NFO,04/10/2022,09:27:15,58.15,58.1,950,58.3,450,31000,4723950
NIFTY06OCT2217300CE.NFO,04/10/2022,09:27:16,57.45,57.5,700,57.65,600,19800,4723950
NIFTY06OCT2217300CE.NFO,04/10/2022,09:27:17,58.05,57.85,100,58,350,24500,4723950
NIFTY06OCT2217300CE.NFO,04/10/2022,09:27:18,57.6,57.5,300,57.6,500,25500,4723950
NIFTY06OCT2217300CE.NFO,04/10/2022,09:27:19,57.75,57.75,1700,57.95,400,30500,4723950
NIFTY06OCT2217300CE.NFO,04/10/2022,09:27:20,57.45,57.5,350,57.6,400,20600,4723950
NIFTY06OCT2217300CE.NFO,04/10/2022,09:27:20,57.05,57.05,100,57.2,1600,15900,4723950
NIFTY06OCT2217300CE.NFO,04/10/2022,09:27:21,57.65,57.65,750,57.8,600,33900,4723950
NIFTY06OCT2217300CE.NFO,04/10/2022,09:27:23,56.95,56.95,300,57.05,100,23000,4723950
NIFTY06OCT2217300CE.NFO,04/10/2022,09:27:24,57.85,57.7,750,57.9,1700,9500,4723950
NIFTY06OCT2217300CE.NFO,04/10/2022,09:27:24,57.5,57.3,400,57.5,1050,14700,4723950
NIFTY06OCT2217300CE.NFO,04/10/2022,09:27:26,56.9,56.75,500,56.9,500,47750,4723950
NIFTY06OCT2217300CE.NFO,04/10/2022,09:27:27,58.1,57.95,150,58.05,350,12550,4723950
NIFTY06OCT2217300CE.NFO,04/10/2022,09:27:28,57.95,57.85,150,58,1100,34500,4723950
NIFTY06OCT2217300CE.NFO,04/10/2022,09:27:29,58.15,58.1,100,58.2,300,20250,4723950
NIFTY06OCT2217300CE.NFO,04/10/2022,09:27:30,59.2,59.1,500,59.2,1050,16850,4723950
NIFTY06OCT2217300CE.NFO,04/10/2022,09:27:31,59.05,58.9,300,59.05,500,44350,4723950
NIFTY06OCT2217300CE.NFO,04/10/2022,09:27:33,59.8,59.75,850,59.95,1000,25350,4723950
NIFTY06OCT2217300CE.NFO,04/10/2022,09:27:34,59.4,59.25,50,59.35,300,23300,4723950
NIFTY06OCT2217300CE.NFO,04/10/2022,09:27:35,60,59.9,1200,60,500,21500,4723950
NIFTY06OCT2217300CE.NFO,04/10/2022,09:27:36,61,60.9,450,61,1850,22550,4723950
NIFTY06OCT2217300CE.NFO,04/10/2022,09:27:37,60.85,60.7,250,60.85,450,27350,4723950
NIFTY06OCT2217300CE.NFO,04/10/2022,09:27:39,59.75,59.45,450,59.6,850,65200,4723950
NIFTY06OCT2217300CE.NFO,04/10/2022,09:27:40,60,59.8,800,59.95,50,22450,4723950
NIFTY06OCT2217300CE.NFO,04/10/2022,09:27:41,59,58.9,1350,59.15,2250,24900,4723950
NIFTY06OCT2217300CE.NFO,04/10/2022,09:27:42,58.7,58.7,1450,58.85,150,11700,4723950
NIFTY06OCT2217300CE.NFO,04/10/2022,09:27:43,58.95,58.8,300,58.95,1650,18800,4723950
NIFTY06OCT2217300CE.NFO,04/10/2022,09:27:44,59.3,59.25,800,59.35,100,11850,4723950
NIFTY06OCT2217300CE.NFO,04/10/2022,09:27:45,59.5,59.3,1050,59.45,600,9350,4723950
NIFTY06OCT2217300CE.NFO,04/10/2022,09:27:46,59.1,59.15,700,59.25,300,16050,4723950
NIFTY06OCT2217300CE.NFO,04/10/2022,09:27:47,58.95,58.95,1150,59.15,1100,24350,4723950
NIFTY06OCT2217300CE.NFO,04/10/2022,09:27:48,59.3,59.15,100,59.3,850,6700,4723950
NIFTY06OCT2217300CE.NFO,04/10/2022,09:27:49,58.9,58.75,1300,58.9,150,12050,4723950
NIFTY06OCT2217300CE.NFO,04/10/2022,09:27:51,58.75,58.75,100,58.9,150,12400,4723950
NIFTY06OCT2217300CE.NFO,04/10/2022,09:27:52,58.1,58.05,1000,58.25,1500,7400,4723950
NIFTY06OCT2217300CE.NFO,04/10/2022,09:27:53,57.95,57.95,100,58.1,200,44350,4723950
NIFTY06OCT2217300CE.NFO,04/10/2022,09:27:54,57.45,57.3,13350,57.45,400,11650,4723950
NIFTY06OCT2217300CE.NFO,04/10/2022,09:27:55,58.05,58.05,850,58.15,150,14350,4723950
NIFTY06OCT2217300CE.NFO,04/10/2022,09:27:56,57.3,57.3,9950,57.4,100,10350,4723950
NIFTY06OCT2217300CE.NFO,04/10/2022,09:27:58,57.05,57,400,57.1,100,38500,4723950
NIFTY06OCT2217300CE.NFO,04/10/2022,09:27:59,57.15,57.2,300,57.3,350,13200,4723950
NIFTY06OCT2217300CE.NFO,04/10/2022,09:28:00,57.3,57.15,200,57.25,100,4050,4723950
NIFTY06OCT2217300CE.NFO,04/10/2022,09:28:01,57.25,57.15,550,57.25,300,20700,4723950
NIFTY06OCT2217300CE.NFO,04/10/2022,09:28:01,57.15,57,2600,57.15,250,1700,4723950
NIFTY06OCT2217300CE.NFO,04/10/2022,09:28:02,57.05,57.05,300,57.15,200,10900,4723950
NIFTY06OCT2217300CE.NFO,04/10/2022,09:28:03,58,58,750,58.05,150,21000,4723950
NIFTY06OCT2217300CE.NFO,04/10/2022,09:28:04,57,57,500,57.15,1400,15550,4723950
NIFTY06OCT2217300CE.NFO,04/10/2022,09:28:06,58,57.9,200,58.05,450,15300,4723950
NIFTY06OCT2217300CE.NFO,04/10/2022,09:28:07,57.9,57.8,1200,58,1500,15350,4723950
NIFTY06OCT2217300CE.NFO,04/10/2022,09:28:08,59.05,59.05,550,59.2,1100,15400,4723950
NIFTY06OCT2217300CE.NFO,04/10/2022,09:28:09,59.2,59.2,250,59.25,50,15250,4723950
NIFTY06OCT2217300CE.NFO,04/10/2022,09:28:10,59.7,59.55,550,59.7,1200,9450,4723950
NIFTY06OCT2217300CE.NFO,04/10/2022,09:28:11,59.8,59.75,400,59.8,150,16150,4723950
NIFTY06OCT2217300CE.NFO,04/10/2022,09:28:12,60,59.9,200,60,14400,19600,4723950
NIFTY06OCT2217300CE.NFO,04/10/2022,09:28:13,60.3,60.15,300,60.3,700,22350,4723950
NIFTY06OCT2217300CE.NFO,04/10/2022,09:28:14,59.6,59.55,900,59.65,400,15600,4723950
NIFTY06OCT2217300CE.NFO,04/10/2022,09:28:16,60.3,60.3,1200,60.45,300,16500,4723950
NIFTY06OCT2217300CE.NFO,04/10/2022,09:28:17,59.85,59.75,800,59.9,100,9650,4723950
NIFTY06OCT2217300CE.NFO,04/10/2022,09:28:18,60.6,60.5,300,60.65,600,18550,4723950
NIFTY06OCT2217300CE.NFO,04/10/2022,09:28:18,60.5,60.5,400,60.65,600,900,4723950
NIFTY06OCT2217300CE.NFO,04/10/2022,09:28:19,60.8,60.8,800,60.95,350,23300,4723950
NIFTY06OCT2217300CE.NFO,04/10/2022,09:28:20,60.55,60.35,1100,60.55,600,13550,4723950
NIFTY06OCT2217300CE.NFO,04/10/2022,09:28:22,60.35,60.2,750,60.35,1050,14250,4723950
NIFTY06OCT2217300CE.NFO,04/10/2022,09:28:23,60.6,60.55,850,60.75,700,7450,4723950
NIFTY06OCT2217300CE.NFO,04/10/2022,09:28:24,60.1,60,12450,60.1,200,10700,4723950
NIFTY06OCT2217300CE.NFO,04/10/2022,09:28:25,59.9,59.8,700,60,850,23600,4723950
NIFTY06OCT2217300CE.NFO,04/10/2022,09:28:26,58.8,58.7,150,58.8,350,16150,4723950
NIFTY06OCT2217300CE.NFO,04/10/2022,09:28:27,58.6,58.6,100,58.7,100,9850,4723950
NIFTY06OCT2217300CE.NFO,04/10/2022,09:28:28,57.9,57.85,550,57.9,150,32250,4723950
NIFTY06OCT2217300CE.NFO,04/10/2022,09:28:29,57.7,57.7,200,57.8,150,24800,4723950
NIFTY06OCT2217300CE.NFO,04/10/2022,09:28:31,58.4,58.3,1100,58.4,100,35300,4723950
NIFTY06OCT2217300CE.NFO,04/10/2022,09:28:32,58.35,58.3,300,58.45,600,6100,4723950
NIFTY06OCT2217300CE.NFO,04/10/2022,09:28:33,58.95,58.8,100,58.95,750,2950,4723950
NIFTY06OCT2217300CE.NFO,04/10/2022,09:28:34,59.25,59.15,300,59.35,2950,7350,4723950
NIFTY06OCT2217300CE.NFO,04/10/2022,09:28:34,59.25,59.2,550,59.35,300,450,4723950
NIFTY06OCT2217300CE.NFO,04/10/2022,09:28:35,59.8,59.7,150,59.85,1700,9100,4723950
NIFTY06OCT2217300CE.NFO,04/10/2022,09:28:36,60.3,60.15,450,60.3,450,13450,4723950
NIFTY06OCT2217300CE.NFO,04/10/2022,09:28:37,60.4,60.3,950,60.45,2050,8250,4723950
NIFTY06OCT2217300CE.NFO,04/10/2022,09:28:38,60.5,60.25,1150,60.45,1250,21700,4723950
NIFTY06OCT2217300CE.NFO,04/10/2022,09:28:39,60.55,60.5,750,60.6,600,10250,4723950
NIFTY06OCT2217300CE.NFO,04/10/2022,09:28:41,60.2,60.1,500,60.2,700,10250,4723950
NIFTY06OCT2217300CE.NFO,04/10/2022,09:28:42,60.3,60.3,200,60.45,800,21500,4723950
NIFTY06OCT2217300CE.NFO,04/10/2022,09:28:43,60.15,60,3650,60.15,600,12800,4723950
NIFTY06OCT2217300CE.NFO,04/10/2022,09:28:43,60.3,60.15,950,60.3,400,1850,4723950
NIFTY06OCT2217300CE.NFO,04/10/2022,09:28:44,59.75,59.6,450,59.8,3050,15950,4723950
NIFTY06OCT2217300CE.NFO,04/10/2022,09:28:45,59.05,59.05,200,59.2,400,8000,4723950
NIFTY06OCT2217300CE.NFO,04/10/2022,09:28:47,59.4,59.2,950,59.4,350,6750,4723950
NIFTY06OCT2217300CE.NFO,04/10/2022,09:28:48,59.25,59.15,100,59.25,700,10200,4723950
NIFTY06OCT2217300CE.NFO,04/10/2022,09:28:49,59.05,58.95,50,59.05,900,6950,4723950
NIFTY06OCT2217300CE.NFO,04/10/2022,09:28:49,59.1,58.95,400,59.1,250,750,4723950
NIFTY06OCT2217300CE.NFO,04/10/2022,09:28:50,58.55,58.55,450,58.7,200,9350,4723950
NIFTY06OCT2217300CE.NFO,04/10/2022,09:28:51,58.6,58.55,50,58.6,850,8950,4723950
NIFTY06OCT2217300CE.NFO,04/10/2022,09:28:53,58.3,58.35,150,58.45,50,15800,4723950
NIFTY06OCT2217300CE.NFO,04/10/2022,09:28:54,58.9,58.7,2650,58.9,200,14950,4723950
NIFTY06OCT2217300CE.NFO,04/10/2022,09:28:55,59,58.95,100,59,150,8450,4723950
NIFTY06OCT2217300CE.NFO,04/10/2022,09:28:56,59.15,59,850,59.15,350,11050,4723950
NIFTY06OCT2217300CE.NFO,04/10/2022,09:28:57,59.45,59.4,2850,59.6,550,7650,4723950
NIFTY06OCT2217300CE.NFO,04/10/2022,09:28:59,59.35,59.35,350,59.5,500,9650,4723950
NIFTY06OCT2217300CE.NFO,04/10/2022,09:29:00,59.1,59.1,600,59.2,300,6750,4723950
NIFTY06OCT2217300CE.NFO,04/10/2022,09:29:01,59.05,59.05,300,59.15,200,13850,4723950
NIFTY06OCT2217300CE.NFO,04/10/2022,09:29:02,58.8,58.7,250,58.8,50,8900,4723950
NIFTY06OCT2217300CE.NFO,04/10/2022,09:29:03,59.25,59.15,350,59.25,450,5650,4723950
NIFTY06OCT2217300CE.NFO,04/10/2022,09:29:04,59.65,59.45,1150,59.65,450,9950,4723950
NIFTY06OCT2217300CE.NFO,04/10/2022,09:29:05,59.7,59.7,300,59.75,50,2800,4723950
NIFTY06OCT2217300CE.NFO,04/10/2022,09:29:06,59.45,59.45,600,59.5,150,6850,4723950
NIFTY06OCT2217300CE.NFO,04/10/2022,09:29:06,58.95,58.85,1050,59.05,2100,2200,4723950
NIFTY06OCT2217300CE.NFO,04/10/2022,09:29:07,58.9,58.75,750,58.9,250,5600,4723950
NIFTY06OCT2217300CE.NFO,04/10/2022,09:29:09,59,59.15,250,59.25,300,20350,4723950
NIFTY06OCT2217300CE.NFO,04/10/2022,09:29:10,59.6,59.55,1900,59.7,300,12450,4723950
NIFTY06OCT2217300CE.NFO,04/10/2022,09:29:11,59.4,59.35,200,59.5,100,6350,4723950
NIFTY06OCT2217300CE.NFO,04/10/2022,09:29:11,59.3,59.3,650,59.4,100,500,4723950
NIFTY06OCT2217300CE.NFO,04/10/2022,09:29:12,59,58.95,1600,59.05,600,7700,4723950
NIFTY06OCT2217300CE.NFO,04/10/2022,09:29:13,59.15,59.05,100,59.15,150,7500,4723950
NIFTY06OCT2217300CE.NFO,04/10/2022,09:29:14,58.9,58.85,150,58.95,1400,9400,4723950
NIFTY06OCT2217300CE.NFO,04/10/2022,09:29:15,58.95,58.75,1700,58.95,1150,11550,4723950
NIFTY06OCT2217300CE.NFO,04/10/2022,09:29:17,58.4,58.35,350,58.5,550,10950,4723950
NIFTY06OCT2217300CE.NFO,04/10/2022,09:29:18,58.65,58.65,200,58.75,500,6200,4723950
NIFTY06OCT2217300CE.NFO,04/10/2022,09:29:19,59.15,59,550,59.15,450,10950,4723950
NIFTY06OCT2217300CE.NFO,04/10/2022,09:29:20,59,58.85,100,58.95,2350,8550,4723950
NIFTY06OCT2217300CE.NFO,04/10/2022,09:29:22,59.1,59.1,200,59.2,750,10450,4723950
NIFTY06OCT2217300CE.NFO,04/10/2022,09:29:23,59.2,59.2,950,59.3,350,7500,4723950
NIFTY06OCT2217300CE.NFO,04/10/2022,09:29:24,59.15,59.15,200,59.2,100,5350,4723950
NIFTY06OCT2217300CE.NFO,04/10/2022,09:29:25,59.55,59.55,200,59.6,100,8650,4723950
NIFTY06OCT2217300CE.NFO,04/10/2022,09:29:26,60.1,60.05,300,60.1,550,33650,4723950
NIFTY06OCT2217300CE.NFO,04/10/2022,09:29:27,60.35,60.25,800,60.4,850,9850,4723950
NIFTY06OCT2217300CE.NFO,04/10/2022,09:29:28,60.45,60.4,1700,60.45,50,8650,4723950
NIFTY06OCT2217300CE.NFO,04/10/2022,09:29:30,60,59.8,1500,59.95,750,18350,4723950
NIFTY06OCT2217300CE.NFO,04/10/2022,09:29:31,59.7,59.7,2650,59.8,100,4950,4723950
NIFTY06OCT2217300CE.NFO,04/10/2022,09:29:32,59.45,59.2,150,59.35,800,19000,4723950
NIFTY06OCT2217300CE.NFO,04/10/2022,09:29:33,59.3,59.15,200,59.25,150,5750,5111850
NIFTY06OCT2217300CE.NFO,04/10/2022,09:29:33,58.85,58.8,100,58.9,650,6450,5111850
NIFTY06OCT2217300CE.NFO,04/10/2022,09:29:34,58.55,58.55,750,58.7,900,21850,5111850
NIFTY06OCT2217300CE.NFO,04/10/2022,09:29:36,59.2,59.15,650,59.25,50,15000,5111850
NIFTY06OCT2217300CE.NFO,04/10/2022,09:29:37,59.8,59.65,1250,59.8,500,10200,5111850
NIFTY06OCT2217300CE.NFO,04/10/2022,09:29:38,59.8,59.85,1250,60,300,12000,5111850
NIFTY06OCT2217300CE.NFO,04/10/2022,09:29:39,59.7,59.55,150,59.65,350,5750,5111850
NIFTY06OCT2217300CE.NFO,04/10/2022,09:29:40,60.2,59.9,250,60,50,7900,5111850
NIFTY06OCT2217300CE.NFO,04/10/2022,09:29:40,60.2,60.05,150,60.2,2600,150,5111850
NIFTY06OCT2217300CE.NFO,04/10/2022,09:29:41,60.3,60.3,100,60.4,4850,7350,5111850
NIFTY06OCT2217300CE.NFO,04/10/2022,09:29:42,60.35,60.35,100,60.4,4450,5500,5111850
NIFTY06OCT2217300CE.NFO,04/10/2022,09:29:43,60.1,60.1,500,60.25,450,7900,5111850
NIFTY06OCT2217300CE.NFO,04/10/2022,09:29:45,60.5,60.5,1400,60.65,150,16650,5111850
NIFTY06OCT2217300CE.NFO,04/10/2022,09:29:45,60.8,60.65,300,60.8,650,5400,5111850
NIFTY06OCT2217300CE.NFO,04/10/2022,09:29:46,60.85,60.65,850,60.8,800,7300,5111850
NIFTY06OCT2217300CE.NFO,04/10/2022,09:29:48,61,60.9,2550,61,11600,14100,5111850
NIFTY06OCT2217300CE.NFO,04/10/2022,09:29:49,60.85,60.8,1200,60.9,100,13950,5111850
NIFTY06OCT2217300CE.NFO,04/10/2022,09:29:50,61.2,61.2,800,61.35,1000,9950,5111850
NIFTY06OCT2217300CE.NFO,04/10/2022,09:29:51,61.15,61.25,100,61.4,1500,14950,5111850
NIFTY06OCT2217300CE.NFO,04/10/2022,09:29:52,61.65,61.6,250,61.65,100,9550,5111850
NIFTY06OCT2217300CE.NFO,04/10/2022,09:29:53,61.65,61.65,650,61.8,450,18400,5111850
NIFTY06OCT2217300CE.NFO,04/10/2022,09:29:54,62,61.95,2300,62,2250,24500,5111850
NIFTY06OCT2217300CE.NFO,04/10/2022,09:29:55,62.6,62.45,400,62.6,200,20250,5111850
NIFTY06OCT2217300CE.NFO,04/10/2022,09:29:56,62.7,62.55,300,62.7,900,11450,5111850
NIFTY06OCT2217300CE.NFO,04/10/2022,09:29:58,62.9,62.85,2700,63,50,37750,5111850
NIFTY06OCT2217300CE.NFO,04/10/2022,09:29:59,62.45,62.35,3500,62.45,950,16250,5111850
NIFTY06OCT2217300CE.NFO,04/10/2022,09:30:00,62,62,4900,62.1,50,24900,5111850
NIFTY06OCT2217300CE.NFO,04/10/2022,09:30:01,62.45,62.4,100,62.45,50,30300,5111850
NIFTY06OCT2217300CE.NFO,04/10/2022,09:30:02,62.2,62.1,850,62.25,850,27600,5111850
NIFTY06OCT2217300CE.NFO,04/10/2022,09:30:04,63.1,63.05,150,63.1,100,25600,5111850
NIFTY06OCT2217300CE.NFO,04/10/2022,09:30:05,62.4,62.25,150,62.4,400,25500,5111850
NIFTY06OCT2217300CE.NFO,04/10/2022,09:30:07,63.25,63.05,550,63.25,600,18100,5111850
NIFTY06OCT2217300CE.NFO,04/10/2022,09:30:08,63.4,63.4,650,63.5,400,13750,5111850
NIFTY06OCT2217300CE.NFO,04/10/2022,09:30:09,63.55,63.55,1700,63.7,100,14250,5111850
NIFTY06OCT2217300CE.NFO,04/10/2022,09:30:10,63.2,63.15,100,63.25,350,20300,5111850
NIFTY06OCT2217300CE.NFO,04/10/2022,09:30:11,62.95,63.05,550,63.2,4300,26400,5111850
NIFTY06OCT2217300CE.NFO,04/10/2022,09:30:12,62.9,62.8,750,62.95,150,21400,5111850
NIFTY06OCT2217300CE.NFO,04/10/2022,09:30:12,63.1,62.9,50,63,500,5800,5111850
NIFTY06OCT2217300CE.NFO,04/10/2022,09:30:13,63,63,2000,63.15,400,9550,5111850
NIFTY06OCT2217300CE.NFO,04/10/2022,09:30:14,63.15,63.25,550,63.35,250,11150,5111850
NIFTY06OCT2217300CE.NFO,04/10/2022,09:30:16,62.8,62.65,50,62.8,300,36850,5111850
NIFTY06OCT2217300CE.NFO,04/10/2022,09:30:17,62.9,62.9,600,63,200,20950,5111850
NIFTY06OCT2217300CE.NFO,04/10/2022,09:30:18,63.4,63.2,350,63.35,100,9300,5111850
NIFTY06OCT2217300CE.NFO,04/10/2022,09:30:19,62.9,62.8,200,62.9,100,8950,5111850
NIFTY06OCT2217300CE.NFO,04/10/2022,09:30:20,63.5,63.35,1150,63.5,450,15900,5111850
NIFTY06OCT2217300CE.NFO,04/10/2022,09:30:21,63.1,63.2,150,63.25,50,15600,5111850
NIFTY06OCT2217300CE.NFO,04/10/2022,09:30:22,62.55,62.35,400,62.45,300,23550,5111850
NIFTY06OCT2217300CE.NFO,04/10/2022,09:30:23,62.15,62.05,350,62.2,1200,19700,5111850
NIFTY06OCT2217300CE.NFO,04/10/2022,09:30:25,60.95,60.9,100,60.95,50,26800,5111850
NIFTY06OCT2217300CE.NFO,04/10/2022,09:30:26,61,61.05,50,61.15,700,14800,5111850
NIFTY06OCT2217300CE.NFO,04/10/2022,09:30:27,60.85,60.75,50,60.85,100,15600,5111850
NIFTY06OCT2217300CE.NFO,04/10/2022,09:30:28,61.05,61,700,61.1,100,21400,5111850
NIFTY06OCT2217300CE.NFO,04/10/2022,09:30:29,61.55,61.3,1400,61.45,50,22550,5111850
NIFTY06OCT2217300CE.NFO,04/10/2022,09:30:30,61.95,61.8,750,61.95,500,8250,5111850
NIFTY06OCT2217300CE.NFO,04/10/2022,09:30:31,62,61.9,800,62,150,21050,5111850
NIFTY06OCT2217300CE.NFO,04/10/2022,09:30:33,62.25,62.15,350,62.3,250,7950,5111850
NIFTY06OCT2217300CE.NFO,04/10/2022,09:30:34,62,62,100,62.15,650,12700,5111850
NIFTY06OCT2217300CE.NFO,04/10/2022,09:30:35,61.65,61.55,450,61.65,100,10850,5111850
NIFTY06OCT2217300CE.NFO,04/10/2022,09:30:36,61.4,61.25,300,61.4,650,26350,5111850
NIFTY06OCT2217300CE.NFO,04/10/2022,09:30:37,60.65,60.65,350,60.8,100,19900,5111850
NIFTY06OCT2217300CE.NFO,04/10/2022,09:30:38,60.6,60.6,650,60.7,200,11600,5111850
NIFTY06OCT2217300CE.NFO,04/10/2022,09:30:39,61.2,61.25,50,61.35,100,11800,5111850
NIFTY06OCT2217300CE.NFO,04/10/2022,09:30:40,61.55,61.55,650,61.65,100,8800,5111850
NIFTY06OCT2217300CE.NFO,04/10/2022,09:30:41,60.85,60.8,850,60.9,150,13550,5111850
NIFTY06OCT2217300CE.NFO,04/10/2022,09:30:42,60.95,60.85,1050,61,950,2950,5111850
NIFTY06OCT2217300CE.NFO,04/10/2022,09:30:43,61.15,61.1,250,61.2,550,6800,5111850
NIFTY06OCT2217300CE.NFO,04/10/2022,09:30:44,60.95,60.95,100,61,200,10650,5111850
NIFTY06OCT2217300CE.NFO,04/10/2022,09:30:46,61.5,61.45,100,61.5,100,12350,5111850
NIFTY06OCT2217300CE.NFO,04/10/2022,09:30:47,61.2,61.05,650,61.2,500,5750,5111850
NIFTY06OCT2217300CE.NFO,04/10/2022,09:30:48,61.15,61.15,2250,61.25,150,5550,5111850
NIFTY06OCT2217300CE.NFO,04/10/2022,09:30:49,61.4,61.25,1200,61.4,500,6000,5111850
NIFTY06OCT2217300CE.NFO,04/10/2022,09:30:50,61.35,61.35,450,61.5,600,6900,5111850
NIFTY06OCT2217300CE.NFO,04/10/2022,09:30:50,61.45,61.4,300,61.55,3200,2700,5111850
NIFTY06OCT2217300CE.NFO,04/10/2022,09:30:52,61.6,61.6,150,61.7,850,8200,5111850
NIFTY06OCT2217300CE.NFO,04/10/2022,09:30:53,61.5,61.35,300,61.5,300,5150,5111850
NIFTY06OCT2217300CE.NFO,04/10/2022,09:30:54,61.3,61.2,100,61.3,200,3850,5111850
NIFTY06OCT2217300CE.NFO,04/10/2022,09:30:55,61.3,61.2,1250,61.35,150,7600,5111850
NIFTY06OCT2217300CE.NFO,04/10/2022,09:30:56,61.35,61.2,150,61.35,550,3750,5111850
NIFTY06OCT2217300CE.NFO,04/10/2022,09:30:57,61.2,61.2,500,61.35,450,4950,5111850
NIFTY06OCT2217300CE.NFO,04/10/2022,09:30:58,61.3,61.25,400,61.4,1000,4200,5111850
NIFTY06OCT2217300CE.NFO,04/10/2022,09:30:58,61.5,61.35,150,61.45,300,300,5111850
NIFTY06OCT2217300CE.NFO,04/10/2022,09:31:00,61.45,61.3,500,61.35,200,7850,5111850
NIFTY06OCT2217300CE.NFO,04/10/2022,09:31:01,61.5,61.35,650,61.5,1200,3600,5111850
NIFTY06OCT2217300CE.NFO,04/10/2022,09:31:02,61.3,61.25,550,61.35,150,7850,5111850
NIFTY06OCT2217300CE.NFO,04/10/2022,09:31:03,61.65,61.45,1700,61.6,200,12400,5111850
NIFTY06OCT2217300CE.NFO,04/10/2022,09:31:04,61.7,61.6,100,61.75,900,6150,5111850
NIFTY06OCT2217300CE.NFO,04/10/2022,09:31:05,62,61.9,150,61.95,1600,8850,5111850
NIFTY06OCT2217300CE.NFO,04/10/2022,09:31:06,62.95,62.85,150,62.95,600,26550,5111850
NIFTY06OCT2217300CE.NFO,04/10/2022,09:31:07,63,63,950,63.05,50,25300,5111850
NIFTY06OCT2217300CE.NFO,04/10/2022,09:31:08,62.85,62.9,750,63.05,550,11100,5111850
NIFTY06OCT2217300CE.NFO,04/10/2022,09:31:09,63.45,63.3,450,63.4,50,5250,5111850
NIFTY06OCT2217300CE.NFO,04/10/2022,09:31:10,63.25,63.3,550,63.4,50,11550,5111850
NIFTY06OCT2217300CE.NFO,04/10/2022,09:31:11,63.6,63.45,200,63.55,150,10900,5111850
NIFTY06OCT2217300CE.NFO,04/10/2022,09:31:12,63.3,63.25,100,63.35,150,15850,5111850
NIFTY06OCT2217300CE.NFO,04/10/2022,09:31:13,63.15,63.05,350,63.2,650,8150,5111850
NIFTY06OCT2217300CE.NFO,04/10/2022,09:31:14,63,62.95,750,63,550,8350,5111850
NIFTY06OCT2217300CE.NFO,04/10/2022,09:31:15,62.85,62.85,600,63,100,7650,5111850
NIFTY06OCT2217300CE.NFO,04/10/2022,09:31:15,62.8,62.75,50,62.9,200,4200,5111850
NIFTY06OCT2217300CE.NFO,04/10/2022,09:31:17,63.05,63,750,63.1,450,9100,5111850
NIFTY06OCT2217300CE.NFO,04/10/2022,09:31:18,63,62.9,400,63.05,250,9450,5111850
NIFTY06OCT2217300CE.NFO,04/10/2022,09:31:19,63,62.85,150,63,2550,9350,5111850
NIFTY06OCT2217300CE.NFO,04/10/2022,09:31:20,63,62.85,100,63,750,9100,5111850
NIFTY06OCT2217300CE.NFO,04/10/2022,09:31:21,63.45,63.3,100,63.45,1350,9750,5111850
NIFTY06OCT2217300CE.NFO,04/10/2022,09:31:22,63.25,63.25,950,63.4,900,4400,5111850
NIFTY06OCT2217300CE.NFO,04/10/2022,09:31:23,63.25,63.25,500,63.4,450,4550,5111850
NIFTY06OCT2217300CE.NFO,04/10/2022,09:31:23,63.35,63.15,2000,63.35,700,6700,5111850
NIFTY06OCT2217300CE.NFO,04/10/2022,09:31:25,63.7,63.65,100,63.75,150,10850,5111850
NIFTY06OCT2217300CE.NFO,04/10/2022,09:31:26,64.1,64,1300,64.1,150,27150,5111850
NIFTY06OCT2217300CE.NFO,04/10/2022,09:31:27,64.95,64.8,300,64.95,100,66150,5111850
NIFTY06OCT2217300CE.NFO,04/10/2022,09:31:29,65.1,65.05,100,65.2,400,17800,5111850
NIFTY06OCT2217300CE.NFO,04/10/2022,09:31:30,65.1,65.1,1300,65.3,400,29850,5111850
NIFTY06OCT2217300CE.NFO,04/10/2022,09:31:31,64.95,65.05,250,65.2,200,18650,5111850
NIFTY06OCT2217300CE.NFO,04/10/2022,09:31:32,65.4,65.2,700,65.4,900,21850,5111850
NIFTY06OCT2217300CE.NFO,04/10/2022,09:31:33,65.45,65.45,150,65.6,750,11600,5111850
NIFTY06OCT2217300CE.NFO,04/10/2022,09:31:34,65,65,100,65.1,150,17750,5111850
NIFTY06OCT2217300CE.NFO,04/10/2022,09:31:34,65.15,65,300,65.15,200,1350,5111850
NIFTY06OCT2217300CE.NFO,04/10/2022,09:31:36,65.6,65.6,750,65.7,50,13450,5111850
NIFTY06OCT2217300CE.NFO,04/10/2022,09:31:37,65.7,65.7,650,65.9,950,15100,5111850
NIFTY06OCT2217300CE.NFO,04/10/2022,09:31:38,66.65,66.6,100,66.7,200,29950,5111850
NIFTY06OCT2217300CE.NFO,04/10/2022,09:31:39,67,66.95,50,67,9400,17050,5111850
NIFTY06OCT2217300CE.NFO,04/10/2022,09:31:40,67.45,67.45,950,67.6,100,32850,5111850
NIFTY06OCT2217300CE.NFO,04/10/2022,09:31:42,67.8,67.75,800,67.8,1100,25650,5111850
NIFTY06OCT2217300CE.NFO,04/10/2022,09:31:42,68,67.75,800,67.8,1100,0,5111850
NIFTY06OCT2217300CE.NFO,04/10/2022,09:31:43,67.5,67.3,550,67.5,500,28250,5111850
NIFTY06OCT2217300CE.NFO,04/10/2022,09:31:44,67.6,67.6,1450,67.75,50,19550,5111850
NIFTY06OCT2217300CE.NFO,04/10/2022,09:31:45,67,66.9,800,67,350,34400,5111850
NIFTY06OCT2217300CE.NFO,04/10/2022,09:31:45,68.25,66.9,800,67,350,0,5111850
NIFTY06OCT2217300CE.NFO,04/10/2022,09:31:46,67.55,67.45,250,67.65,1550,18650,5111850
NIFTY06OCT2217300CE.NFO,04/10/2022,09:31:47,66.75,66.8,850,66.95,150,21650,5111850
NIFTY06OCT2217300CE.NFO,04/10/2022,09:31:48,67.2,67.05,150,67.2,800,41350,5111850
NIFTY06OCT2217300CE.NFO,04/10/2022,09:31:49,67,67,300,67.1,400,11950,5111850
NIFTY06OCT2217300CE.NFO,04/10/2022,09:31:50,67.3,67.1,550,67.3,550,22900,5111850
NIFTY06OCT2217300CE.NFO,04/10/2022,09:31:51,67.45,67.4,450,67.6,1050,30450,5111850
NIFTY06OCT2217300CE.NFO,04/10/2022,09:31:52,67.4,67.4,400,67.55,500,22100,5111850
NIFTY06OCT2217300CE.NFO,04/10/2022,09:31:53,67.95,67.95,100,68.1,600,20650,5111850
NIFTY06OCT2217300CE.NFO,04/10/2022,09:31:54,68.5,68.5,150,68.65,100,23200,5111850
NIFTY06OCT2217300CE.NFO,04/10/2022,09:31:54,68.65,68.5,150,68.65,100,0,5111850
NIFTY06OCT2217300CE.NFO,04/10/2022,09:31:55,68.15,68.15,500,68.35,1850,27750,5111850
NIFTY06OCT2217300CE.NFO,04/10/2022,09:31:55,68.8,68.15,500,68.35,1850,0,5111850
NIFTY06OCT2217300CE.NFO,04/10/2022,09:31:55,68.3,68.3,400,68.5,350,4450,5111850
NIFTY06OCT2217300CE.NFO,04/10/2022,09:31:56,68.5,68.55,350,68.75,800,17350,5111850
NIFTY06OCT2217300CE.NFO,04/10/2022,09:31:58,68.15,68,500,68.15,850,26550,5111850
NIFTY06OCT2217300CE.NFO,04/10/2022,09:31:58,68.85,68,500,68.15,850,0,5111850
NIFTY06OCT2217300CE.NFO,04/10/2022,09:31:59,68.2,68.05,750,68.2,700,23250,5111850
NIFTY06OCT2217300CE.NFO,04/10/2022,09:32:00,68.6,68.55,750,68.75,750,20800,5111850
NIFTY06OCT2217300CE.NFO,04/10/2022,09:32:01,68.8,68.55,950,68.75,300,14050,5111850
NIFTY06OCT2217300CE.NFO,04/10/2022,09:32:01,68.9,68.55,950,68.75,300,0,5111850
NIFTY06OCT2217300CE.NFO,04/10/2022,09:32:02,68.7,68.55,750,68.7,400,13450,5111850
NIFTY06OCT2217300CE.NFO,04/10/2022,09:32:03,69.15,69.1,300,69.2,100,34150,5111850
NIFTY06OCT2217300CE.NFO,04/10/2022,09:32:03,69.4,69.1,300,69.2,100,0,5111850
NIFTY06OCT2217300CE.NFO,04/10/2022,09:32:04,68.3,68.15,650,68.3,450,9750,5111850
NIFTY06OCT2217300CE.NFO,04/10/2022,09:32:05,68.35,68.2,300,68.35,500,21900,5111850
NIFTY06OCT2217300CE.NFO,04/10/2022,09:32:06,67.65,67.65,1150,67.85,1100,18250,5111850
NIFTY06OCT2217300CE.NFO,04/10/2022,09:32:06,67.5,67.5,2550,67.7,250,4500,5111850
NIFTY06OCT2217300CE.NFO,04/10/2022,09:32:07,67.65,67.55,300,67.75,450,15700,5111850
NIFTY06OCT2217300CE.NFO,04/10/2022,09:32:09,67.85,67.85,1300,68,2650,15750,5111850
NIFTY06OCT2217300CE.NFO,04/10/2022,09:32:10,67.5,67.5,200,67.6,50,12050,5111850
NIFTY06OCT2217300CE.NFO,04/10/2022,09:32:11,67.3,67.1,50,67.2,1500,19600,5111850
NIFTY06OCT2217300CE.NFO,04/10/2022,09:32:12,66.95,66.85,300,67,700,28750,5111850
NIFTY06OCT2217300CE.NFO,04/10/2022,09:32:13,65.65,65.65,1650,65.8,100,38200,5111850
NIFTY06OCT2217300CE.NFO,04/10/2022,09:32:15,64.3,64.35,200,64.45,200,69750,5111850
NIFTY06OCT2217300CE.NFO,04/10/2022,09:32:16,65.3,65.35,450,65.4,150,21700,5111850
NIFTY06OCT2217300CE.NFO,04/10/2022,09:32:17,65.6,65.6,100,65.7,150,18600,5111850
NIFTY06OCT2217300CE.NFO,04/10/2022,09:32:19,66,66.15,500,66.3,1300,15000,5111850
NIFTY06OCT2217300CE.NFO,04/10/2022,09:32:20,65.85,65.7,150,65.9,1000,16900,5111850
NIFTY06OCT2217300CE.NFO,04/10/2022,09:32:21,65.65,65.65,700,65.8,150,9350,5111850
NIFTY06OCT2217300CE.NFO,04/10/2022,09:32:22,65.5,65.45,700,65.6,150,9350,5111850
NIFTY06OCT2217300CE.NFO,04/10/2022,09:32:23,65.35,65.3,750,65.45,200,11200,5111850
NIFTY06OCT2217300CE.NFO,04/10/2022,09:32:24,65.15,65.1,1200,65.25,50,6450,5111850
NIFTY06OCT2217300CE.NFO,04/10/2022,09:32:24,65.1,65.1,1300,65.2,600,1150,5111850
NIFTY06OCT2217300CE.NFO,04/10/2022,09:32:25,65.2,65.2,650,65.3,50,7400,5111850
NIFTY06OCT2217300CE.NFO,04/10/2022,09:32:26,65.6,65.45,250,65.6,1050,7450,5111850
NIFTY06OCT2217300CE.NFO,04/10/2022,09:32:27,65.5,65.5,27400,65.65,1450,12750,5111850
NIFTY06OCT2217300CE.NFO,04/10/2022,09:32:28,65.85,65.85,400,66,7950,10050,5111850
NIFTY06OCT2217300CE.NFO,04/10/2022,09:32:30,65.8,65.65,1300,65.8,150,8350,5111850
NIFTY06OCT2217300CE.NFO,04/10/2022,09:32:31,65.75,65.75,100,65.9,600,11400,5111850
NIFTY06OCT2217300CE.NFO,04/10/2022,09:32:32,66.45,66.3,400,66.45,700,9350,5111850
NIFTY06OCT2217300CE.NFO,04/10/2022,09:32:33,66.55,66.6,850,66.75,950,5600,5160100
NIFTY06OCT2217300CE.NFO,04/10/2022,09:32:34,67.15,67.05,850,67.25,1100,9750,5160100
NIFTY06OCT2217300CE.NFO,04/10/2022,09:32:35,67.55,67.4,700,67.6,550,8050,5160100
NIFTY06OCT2217300CE.NFO,04/10/2022,09:32:36,67.65,67.6,300,67.7,200,8900,5160100
NIFTY06OCT2217300CE.NFO,04/10/2022,09:32:37,67.75,67.55,350,67.75,300,8250,5160100
NIFTY06OCT2217300CE.NFO,04/10/2022,09:32:38,67.2,67.15,50,67.2,150,9950,5160100
NIFTY06OCT2217300CE.NFO,04/10/2022,09:32:38,67.3,67.15,200,67.3,400,1750,5160100
NIFTY06OCT2217300CE.NFO,04/10/2022,09:32:40,67.55,67.4,400,67.55,150,10750,5160100
NIFTY06OCT2217300CE.NFO,04/10/2022,09:32:41,67.25,67.1,200,67.25,200,7100,5160100
NIFTY06OCT2217300CE.NFO,04/10/2022,09:32:42,67.45,67.25,1050,67.45,300,8450,5160100
NIFTY06OCT2217300CE.NFO,04/10/2022,09:32:43,67.3,67.4,1050,67.5,50,6250,5160100
NIFTY06OCT2217300CE.NFO,04/10/2022,09:32:44,67.55,67.45,50,67.55,1700,6850,5160100
NIFTY06OCT2217300CE.NFO,04/10/2022,09:32:45,67.35,67.2,600,67.35,700,9050,5160100
NIFTY06OCT2217300CE.NFO,04/10/2022,09:32:46,67.3,67.1,550,67.3,1100,9600,5160100
NIFTY06OCT2217300CE.NFO,04/10/2022,09:32:47,67.1,67.05,350,67.2,50,1650,5160100
NIFTY06OCT2217300CE.NFO,04/10/2022,09:32:48,67.2,67,1200,67.2,1000,13150,5160100
NIFTY06OCT2217300CE.NFO,04/10/2022,09:32:49,67.3,67.2,1400,67.3,500,13250,5160100
NIFTY06OCT2217300CE.NFO,04/10/2022,09:32:50,67.85,67.65,200,67.75,700,9000,5160100
NIFTY06OCT2217300CE.NFO,04/10/2022,09:32:51,67.7,67.65,150,67.75,850,8800,5160100
NIFTY06OCT2217300CE.NFO,04/10/2022,09:32:52,67.8,67.75,100,67.85,750,4900,5160100
NIFTY06OCT2217300CE.NFO,04/10/2022,09:32:53,67.85,67.7,850,67.85,350,8750,5160100
NIFTY06OCT2217300CE.NFO,04/10/2022,09:32:54,67.75,67.7,1550,67.85,400,22150,5160100
NIFTY06OCT2217300CE.NFO,04/10/2022,09:32:55,68.1,68.15,2800,68.25,850,10800,5160100
NIFTY06OCT2217300CE.NFO,04/10/2022,09:32:56,68.4,68.5,600,68.65,800,14250,5160100
NIFTY06OCT2217300CE.NFO,04/10/2022,09:32:57,68.55,68.55,2700,68.8,2350,10600,5160100
NIFTY06OCT2217300CE.NFO,04/10/2022,09:32:58,68.75,68.6,50,68.75,150,1500,5160100
NIFTY06OCT2217300CE.NFO,04/10/2022,09:32:59,68.95,68.9,500,69,12500,8800,5160100
NIFTY06OCT2217300CE.NFO,04/10/2022,09:33:00,69.2,69.2,300,69.3,150,34900,5160100
NIFTY06OCT2217300CE.NFO,04/10/2022,09:33:01,69.55,69.55,950,69.7,300,33250,5160100
NIFTY06OCT2217300CE.NFO,04/10/2022,09:33:01,70,69.55,950,69.7,300,0,5160100
NIFTY06OCT2217300CE.NFO,04/10/2022,09:33:03,69.15,69.15,500,69.2,50,38800,5160100
NIFTY06OCT2217300CE.NFO,04/10/2022,09:33:04,69.9,69.9,400,70,1650,72550,5160100
NIFTY06OCT2217300CE.NFO,04/10/2022,09:33:05,69.8,69.65,300,69.75,200,35800,5160100
NIFTY06OCT2217300CE.NFO,04/10/2022,09:33:05,70.5,69.65,300,69.75,200,0,5160100
NIFTY06OCT2217300CE.NFO,04/10/2022,09:33:06,71.1,70.95,100,71.1,300,40800,5160100
NIFTY06OCT2217300CE.NFO,04/10/2022,09:33:06,71.5,70.95,100,71.1,300,0,5160100
NIFTY06OCT2217300CE.NFO,04/10/2022,09:33:08,70.9,70.9,150,71,250,29600,5160100
NIFTY06OCT2217300CE.NFO,04/10/2022,09:33:09,71.5,71.5,500,71.7,1100,21150,5160100
NIFTY06OCT2217300CE.NFO,04/10/2022,09:33:09,71.75,71.5,500,71.7,1100,0,5160100
NIFTY06OCT2217300CE.NFO,04/10/2022,09:33:10,71.15,71.05,750,71.1,100,28800,5160100
NIFTY06OCT2217300CE.NFO,04/10/2022,09:33:10,72,71.05,750,71.1,100,0,5160100
NIFTY06OCT2217300CE.NFO,04/10/2022,09:33:11,72.1,72,250,72.1,650,25150,5160100
NIFTY06OCT2217300CE.NFO,04/10/2022,09:33:11,72.1,72,250,72.1,650,0,5160100
NIFTY06OCT2217300CE.NFO,04/10/2022,09:33:12,72.1,72,1200,72.2,750,26150,5160100
NIFTY06OCT2217300CE.NFO,04/10/2022,09:33:12,72.2,72,1200,72.2,750,0,5160100
NIFTY06OCT2217300CE.NFO,04/10/2022,09:33:13,72,72,650,72.15,600,20550,5160100
NIFTY06OCT2217300CE.NFO,04/10/2022,09:33:13,72.3,72,650,72.15,600,0,5160100
NIFTY06OCT2217300CE.NFO,04/10/2022,09:33:14,71.85,71.65,850,71.85,900,17300,5160100
NIFTY06OCT2217300CE.NFO,04/10/2022,09:33:15,71.75,71.7,1000,71.8,650,18100,5160100
NIFTY06OCT2217300CE.NFO,04/10/2022,09:33:16,71.75,71.6,150,71.75,50,26050,5160100
NIFTY06OCT2217300CE.NFO,04/10/2022,09:33:17,71.1,71.1,550,71.2,100,2750,5160100
NIFTY06OCT2217300CE.NFO,04/10/2022,09:33:18,70.8,70.65,1450,70.8,200,28300,5160100
NIFTY06OCT2217300CE.NFO,04/10/2022,09:33:19,70.15,70,4500,70.1,800,34450,5160100
NIFTY06OCT2217300CE.NFO,04/10/2022,09:33:20,69.25,69.25,2250,69.45,100,34800,5160100
NIFTY06OCT2217300CE.NFO,04/10/2022,09:33:21,69.8,69.85,450,70,4300,24200,5160100
NIFTY06OCT2217300CE.NFO,04/10/2022,09:33:22,70.1,70.05,350,70.2,600,29900,5160100
NIFTY06OCT2217300CE.NFO,04/10/2022,09:33:23,70.65,70.6,250,70.75,500,20100,5160100
NIFTY06OCT2217300CE.NFO,04/10/2022,09:33:24,70.8,70.7,150,70.8,400,4000,5160100
NIFTY06OCT2217300CE.NFO,04/10/2022,09:33:25,71,70.85,1300,71,2400,12050,5160100
NIFTY06OCT2217300CE.NFO,04/10/2022,09:33:26,70.7,70.55,1350,70.6,200,13050,5160100
NIFTY06OCT2217300CE.NFO,04/10/2022,09:33:27,70.7,70.7,300,70.75,50,6200,5160100
NIFTY06OCT2217300CE.NFO,04/10/2022,09:33:28,71.1,70.9,650,71.1,600,3800,5160100
NIFTY06OCT2217300CE.NFO,04/10/2022,09:33:29,69.75,69.65,550,69.8,2050,22250,5160100
NIFTY06OCT2217300CE.NFO,04/10/2022,09:33:30,68.7,68.65,750,68.85,100,20100,5160100
NIFTY06OCT2217300CE.NFO,04/10/2022,09:33:31,69.45,69.25,250,69.45,1050,17850,5160100
NIFTY06OCT2217300CE.NFO,04/10/2022,09:33:33,68.5,68.4,500,68.6,1600,16700,5160100
NIFTY06OCT2217300CE.NFO,04/10/2022,09:33:34,69.3,69.1,400,69.3,500,14650,5160100
NIFTY06OCT2217300CE.NFO,04/10/2022,09:33:35,69.5,69.5,1000,69.7,2500,7550,5160100
NIFTY06OCT2217300CE.NFO,04/10/2022,09:33:36,69.3,69.25,600,69.45,350,9700,5160100
NIFTY06OCT2217300CE.NFO,04/10/2022,09:33:37,69.75,69.8,500,69.9,1650,7500,5160100
NIFTY06OCT2217300CE.NFO,04/10/2022,09:33:38,69.7,69.55,550,69.7,150,1000,5160100
NIFTY06OCT2217300CE.NFO,04/10/2022,09:33:39,69.45,69.25,300,69.4,350,11950,5160100
NIFTY06OCT2217300CE.NFO,04/10/2022,09:33:40,69.9,69.75,450,69.95,2350,8450,5160100
NIFTY06OCT2217300CE.NFO,04/10/2022,09:33:41,69.85,69.85,200,70,350,11600,5160100
NIFTY06OCT2217300CE.NFO,04/10/2022,09:33:42,70.1,70.05,800,70.25,450,9200,5160100
NIFTY06OCT2217300CE.NFO,04/10/2022,09:33:43,69.9,69.7,1350,69.9,1200,15900,5160100
NIFTY06OCT2217300CE.NFO,04/10/2022,09:33:44,69.7,69.55,300,69.7,400,9150,5160100
NIFTY06OCT2217300CE.NFO,04/10/2022,09:33:45,69.8,69.8,1200,69.95,350,13150,5160100
NIFTY06OCT2217300CE.NFO,04/10/2022,09:33:46,70.15,70.15,50,70.25,600,5350,5160100
NIFTY06OCT2217300CE.NFO,04/10/2022,09:33:47,69.8,69.8,100,69.95,150,8000,5160100
NIFTY06OCT2217300CE.NFO,04/10/2022,09:33:48,70,70,1050,70.15,100,9850,5160100
NIFTY06OCT2217300CE.NFO,04/10/2022,09:33:49,69.65,69.5,50,69.6,2800,10200,5160100
NIFTY06OCT2217300CE.NFO,04/10/2022,09:33:50,69.7,69.6,400,69.7,150,22950,5160100
NIFTY06OCT2217300CE.NFO,04/10/2022,09:33:51,69.65,69.5,2200,69.65,50,5950,5160100
NIFTY06OCT2217300CE.NFO,04/10/2022,09:33:52,69.15,69.1,400,69.25,2300,9850,5160100
NIFTY06OCT2217300CE.NFO,04/10/2022,09:33:53,69.25,69.05,450,69.25,300,23700,5160100
NIFTY06OCT2217300CE.NFO,04/10/2022,09:33:54,69.15,69,700,69.15,200,13550,5160100
NIFTY06OCT2217300CE.NFO,04/10/2022,09:33:55,69.2,69,800,69.15,300,15700,5160100
NIFTY06OCT2217300CE.NFO,04/10/2022,09:33:56,69.15,69,1450,69.15,50,2900,5160100
NIFTY06OCT2217300CE.NFO,04/10/2022,09:33:57,69.3,69.3,100,69.4,100,9950,5160100
NIFTY06OCT2217300CE.NFO,04/10/2022,09:33:58,69.5,69.5,100,69.65,350,10000,5160100
NIFTY06OCT2217300CE.NFO,04/10/2022,09:33:59,70,69.9,1450,70,1650,29550,5160100
NIFTY06OCT2217300CE.NFO,04/10/2022,09:34:00,69.95,69.8,12950,69.9,150,9750,5160100
NIFTY06OCT2217300CE.NFO,04/10/2022,09:34:01,69.95,69.85,50,70,550,850,5160100
NIFTY06OCT2217300CE.NFO,04/10/2022,09:34:02,69.65,69.5,50,69.65,250,26500,5160100
NIFTY06OCT2217300CE.NFO,04/10/2022,09:34:03,70.35,70.2,650,70.35,150,18050,5160100
NIFTY06OCT2217300CE.NFO,04/10/2022,09:34:04,70,69.95,150,70,2750,6950,5160100
NIFTY06OCT2217300CE.NFO,04/10/2022,09:34:05,69.85,69.8,50,69.85,700,9600,5160100
NIFTY06OCT2217300CE.NFO,04/10/2022,09:34:06,69.55,69.6,550,69.75,500,10250,5160100
NIFTY06OCT2217300CE.NFO,04/10/2022,09:34:07,69.25,69.25,50,69.3,1750,14550,5160100
NIFTY06OCT2217300CE.NFO,04/10/2022,09:34:08,69,68.85,700,69.05,900,28600,5160100
NIFTY06OCT2217300CE.NFO,04/10/2022,09:34:09,68.75,68.75,800,68.95,450,13600,5160100
NIFTY06OCT2217300CE.NFO,04/10/2022,09:34:10,68.8,68.65,500,68.85,500,21600,5160100
NIFTY06OCT2217300CE.NFO,04/10/2022,09:34:11,68.8,68.75,1450,68.95,250,2600,5160100
NIFTY06OCT2217300CE.NFO,04/10/2022,09:34:12,68.85,68.85,350,69,1900,10250,5160100
NIFTY06OCT2217300CE.NFO,04/10/2022,09:34:13,69.1,68.95,500,69.1,600,18200,5160100
NIFTY06OCT2217300CE.NFO,04/10/2022,09:34:14,68.5,68.35,400,68.5,750,18900,5160100
NIFTY06OCT2217300CE.NFO,04/10/2022,09:34:15,69.1,69.1,50,69.2,700,12250,5160100
NIFTY06OCT2217300CE.NFO,04/10/2022,09:34:16,68.85,68.8,50,68.95,500,15800,5160100
NIFTY06OCT2217300CE.NFO,04/10/2022,09:34:17,68.7,68.7,600,68.85,950,950,5160100
NIFTY06OCT2217300CE.NFO,04/10/2022,09:34:18,69.35,69.3,650,69.35,450,5200,5160100
NIFTY06OCT2217300CE.NFO,04/10/2022,09:34:19,69.75,69.6,300,69.75,300,5150,5160100
NIFTY06OCT2217300CE.NFO,04/10/2022,09:34:20,69.8,69.75,1350,69.9,200,14550,5160100
NIFTY06OCT2217300CE.NFO,04/10/2022,09:34:21,70.35,70.3,50,70.4,100,20250,5160100
NIFTY06OCT2217300CE.NFO,04/10/2022,09:34:22,70.7,70.5,1500,70.7,400,7600,5160100
NIFTY06OCT2217300CE.NFO,04/10/2022,09:34:23,70.8,70.65,750,70.8,800,17050,5160100
NIFTY06OCT2217300CE.NFO,04/10/2022,09:34:24,71.3,71.1,200,71.25,900,24250,5160100
NIFTY06OCT2217300CE.NFO,04/10/2022,09:34:25,70.85,70.85,500,70.9,2800,8400,5160100
NIFTY06OCT2217300CE.NFO,04/10/2022,09:34:26,71.5,71.35,700,71.45,150,39900,5160100
NIFTY06OCT2217300CE.NFO,04/10/2022,09:34:27,71.4,71.45,800,71.6,9200,11500,5160100
NIFTY06OCT2217300CE.NFO,04/10/2022,09:34:28,71.8,71.7,50,71.85,150,21000,5160100
NIFTY06OCT2217300CE.NFO,04/10/2022,09:34:29,71.5,71.35,650,71.5,600,15600,5160100
NIFTY06OCT2217300CE.NFO,04/10/2022,09:34:30,70.85,70.85,1250,71,350,10450,5160100
NIFTY06OCT2217300CE.NFO,04/10/2022,09:34:31,71.1,70.95,300,71.1,50,1200,5160100
NIFTY06OCT2217300CE.NFO,04/10/2022,09:34:32,70.2,70.1,350,70.25,800,14050,5160100
NIFTY06OCT2217300CE.NFO,04/10/2022,09:34:33,69.15,69.2,150,69.35,700,24400,5160100
NIFTY06OCT2217300CE.NFO,04/10/2022,09:34:34,70,69.9,300,70.05,750,29100,5160100
NIFTY06OCT2217300CE.NFO,04/10/2022,09:34:35,71.25,71.2,450,71.25,50,44250,5160100
NIFTY06OCT2217300CE.NFO,04/10/2022,09:34:37,70.15,70.2,300,70.35,200,7900,5160100
NIFTY06OCT2217300CE.NFO,04/10/2022,09:34:38,70.95,70.9,50,70.95,400,10000,5160100
NIFTY06OCT2217300CE.NFO,04/10/2022,09:34:39,70.45,70.35,1250,70.5,800,12750,5160100
NIFTY06OCT2217300CE.NFO,04/10/2022,09:34:40,70.7,70.75,850,70.9,100,6900,5160100
NIFTY06OCT2217300CE.NFO,04/10/2022,09:34:41,70.9,70.7,1000,70.9,50,4350,5160100
NIFTY06OCT2217300CE.NFO,04/10/2022,09:34:42,70.5,70.4,500,70.5,300,7850,5160100
NIFTY06OCT2217300CE.NFO,04/10/2022,09:34:43,69.3,69.3,100,69.4,200,21000,5160100
NIFTY06OCT2217300CE.NFO,04/10/2022,09:34:44,69.4,69.25,400,69.4,450,14500,5160100
NIFTY06OCT2217300CE.NFO,04/10/2022,09:34:45,69.45,69.3,400,69.45,400,1000,5160100
NIFTY06OCT2217300CE.NFO,04/10/2022,09:34:46,69.75,69.75,600,69.85,300,39350,5160100
NIFTY06OCT2217300CE.NFO,04/10/2022,09:34:47,69.7,69.6,50,69.7,1100,11650,5160100
NIFTY06OCT2217300CE.NFO,04/10/2022,09:34:48,70.2,70.1,700,70.2,750,11350,5160100
NIFTY06OCT2217300CE.NFO,04/10/2022,09:34:49,70.15,70.05,1800,70.15,2650,7100,5160100
NIFTY06OCT2217300CE.NFO,04/10/2022,09:34:50,70.15,70.1,1750,70.3,200,5700,5160100
NIFTY06OCT2217300CE.NFO,04/10/2022,09:34:51,69.8,69.7,1050,69.85,50,10600,5160100
NIFTY06OCT2217300CE.NFO,04/10/2022,09:34:52,69.6,69.6,650,69.75,600,9750,5160100
NIFTY06OCT2217300CE.NFO,04/10/2022,09:34:53,69.6,69.4,200,69.55,850,1650,5160100
NIFTY06OCT2217300CE.NFO,04/10/2022,09:34:54,69.25,69.05,3200,69.2,300,9350,5160100
NIFTY06OCT2217300CE.NFO,04/10/2022,09:34:55,68.75,68.6,800,68.8,1450,24900,5160100
NIFTY06OCT2217300CE.NFO,04/10/2022,09:34:56,68.6,68.45,750,68.65,900,14350,5160100
NIFTY06OCT2217300CE.NFO,04/10/2022,09:34:57,68.5,68.3,850,68.5,1950,6100,5160100
NIFTY06OCT2217300CE.NFO,04/10/2022,09:34:58,68.4,68.4,950,68.55,200,22950,5160100
NIFTY06OCT2217300CE.NFO,04/10/2022,09:34:59,68.4,68.4,850,68.55,300,7400,5160100
NIFTY06OCT2217300CE.NFO,04/10/2022,09:35:01,69.25,69.25,50,69.4,600,22700,5160100
NIFTY06OCT2217300CE.NFO,04/10/2022,09:35:02,69,68.85,900,69,1450,6950,5160100
NIFTY06OCT2217300CE.NFO,04/10/2022,09:35:03,69.3,69.4,300,69.5,650,8750,5160100
NIFTY06OCT2217300CE.NFO,04/10/2022,09:35:04,69.45,69.35,1950,69.55,2400,12500,5160100
NIFTY06OCT2217300CE.NFO,04/10/2022,09:35:04,69.6,69.45,350,69.6,50,750,5160100
NIFTY06OCT2217300CE.NFO,04/10/2022,09:35:05,69.25,69.1,900,69.3,300,9850,5160100
NIFTY06OCT2217300CE.NFO,04/10/2022,09:35:06,69.15,69,4200,69.15,300,9850,5160100
NIFTY06OCT2217300CE.NFO,04/10/2022,09:35:07,68.75,68.7,850,68.85,350,6750,5160100
NIFTY06OCT2217300CE.NFO,04/10/2022,09:35:08,68.9,68.7,1850,68.9,900,13500,5160100
NIFTY06OCT2217300CE.NFO,04/10/2022,09:35:09,68.15,68,400,68.15,300,52300,5160100
NIFTY06OCT2217300CE.NFO,04/10/2022,09:35:10,67.6,67.55,600,67.65,400,27800,5160100
NIFTY06OCT2217300CE.NFO,04/10/2022,09:35:11,67.7,67.75,450,67.9,550,13500,5160100
NIFTY06OCT2217300CE.NFO,04/10/2022,09:35:12,66.85,66.85,100,66.95,400,21250,5160100
NIFTY06OCT2217300CE.NFO,04/10/2022,09:35:13,67.55,67.45,1000,67.6,950,38950,5160100
NIFTY06OCT2217300CE.NFO,04/10/2022,09:35:15,67.7,67.7,1100,67.9,1400,28500,5160100
NIFTY06OCT2217300CE.NFO,04/10/2022,09:35:15,67.7,67.55,800,67.7,350,1550,5160100
NIFTY06OCT2217300CE.NFO,04/10/2022,09:35:16,66.8,66.8,650,67,1150,12750,5160100
NIFTY06OCT2217300CE.NFO,04/10/2022,09:35:17,66.2,66.15,100,66.3,800,11200,5160100
NIFTY06OCT2217300CE.NFO,04/10/2022,09:35:19,65.6,65.55,950,65.7,300,25100,5160100
NIFTY06OCT2217300CE.NFO,04/10/2022,09:35:20,64.95,64.8,400,64.95,250,90100,5160100
NIFTY06OCT2217300CE.NFO,04/10/2022,09:35:21,64.15,64.15,50,64.2,100,47750,5160100
NIFTY06OCT2217300CE.NFO,04/10/2022,09:35:23,64.55,64.5,900,64.6,50,25450,5160100
NIFTY06OCT2217300CE.NFO,04/10/2022,09:35:24,65.1,65.1,100,65.2,800,26700,5160100
NIFTY06OCT2217300CE.NFO,04/10/2022,09:35:25,65.55,65.35,800,65.5,1150,14100,5160100
NIFTY06OCT2217300CE.NFO,04/10/2022,09:35:26,65.6,65.5,1500,65.65,1650,12550,5160100
NIFTY06OCT2217300CE.NFO,04/10/2022,09:35:27,65.3,65.15,450,65.3,200,16100,5160100
