Ticker,Date,Time,LTP,BuyPrice,BuyQty,SellPrice,SellQty,LTQ,OpenInterest
NIFTY20OCT2217600PE.NFO,18/10/2022,09:15:01,180.9,166.95,50,182.9,400,1850,106600
NIFTY20OCT2217600PE.NFO,18/10/2022,09:15:01,184.15,166.95,50,182.9,400,0,106600
NIFTY20OCT2217600PE.NFO,18/10/2022,09:15:01,184.15,166.95,50,182.9,400,0,106600
NIFTY20OCT2217600PE.NFO,18/10/2022,09:15:01,175.65,166.95,50,182.9,400,0,106600
NIFTY20OCT2217600PE.NFO,18/10/2022,09:15:02,169.85,166.85,50,175.4,400,3300,106600
NIFTY20OCT2217600PE.NFO,18/10/2022,09:15:02,167.05,166.85,50,175.4,400,0,106600
NIFTY20OCT2217600PE.NFO,18/10/2022,09:15:04,173.4,169.95,50,171.8,50,3200,106600
NIFTY20OCT2217600PE.NFO,18/10/2022,09:15:04,166.45,169.95,50,171.8,50,0,106600
NIFTY20OCT2217600PE.NFO,18/10/2022,09:15:06,182.6,176.6,400,182.6,50,6100,106600
NIFTY20OCT2217600PE.NFO,18/10/2022,09:15:07,176.15,176.1,350,177.65,400,8600,106600
NIFTY20OCT2217600PE.NFO,18/10/2022,09:15:07,191.7,176.1,350,177.65,400,0,106600
NIFTY20OCT2217600PE.NFO,18/10/2022,09:15:09,176.05,176.7,50,180.5,400,12600,106600
NIFTY20OCT2217600PE.NFO,18/10/2022,09:15:09,194.15,176.7,50,180.5,400,0,106600
NIFTY20OCT2217600PE.NFO,18/10/2022,09:15:11,176.3,175.65,400,176.75,50,8250,106600
NIFTY20OCT2217600PE.NFO,18/10/2022,09:15:12,177.25,176.85,350,178.05,450,10100,106600
NIFTY20OCT2217600PE.NFO,18/10/2022,09:15:13,181.6,182.7,200,183.15,50,7800,106600
NIFTY20OCT2217600PE.NFO,18/10/2022,09:15:15,183.8,183.3,200,183.9,200,6350,106600
NIFTY20OCT2217600PE.NFO,18/10/2022,09:15:16,180.35,180,200,181,300,3350,106600
NIFTY20OCT2217600PE.NFO,18/10/2022,09:15:17,181.2,181.05,50,182,300,3000,106600
NIFTY20OCT2217600PE.NFO,18/10/2022,09:15:19,184.7,183.7,200,184.7,200,600,106600
NIFTY20OCT2217600PE.NFO,18/10/2022,09:15:20,186.45,186,300,186.9,200,750,106600
NIFTY20OCT2217600PE.NFO,18/10/2022,09:15:21,186.6,185.25,100,186.2,200,1250,106600
NIFTY20OCT2217600PE.NFO,18/10/2022,09:15:23,186.8,187.4,200,188.3,50,600,106600
NIFTY20OCT2217600PE.NFO,18/10/2022,09:15:24,184.05,182.4,100,184.35,50,2400,106600
NIFTY20OCT2217600PE.NFO,18/10/2022,09:15:26,186,185.15,50,186.15,50,1400,106600
NIFTY20OCT2217600PE.NFO,18/10/2022,09:15:27,186.85,186.65,50,188.4,400,1700,106600
NIFTY20OCT2217600PE.NFO,18/10/2022,09:15:28,189.8,189.2,50,190,300,1500,106600
NIFTY20OCT2217600PE.NFO,18/10/2022,09:15:29,190.1,188.95,50,189.9,250,2000,106600
NIFTY20OCT2217600PE.NFO,18/10/2022,09:15:30,188.6,188.5,200,189.35,50,1200,106600
NIFTY20OCT2217600PE.NFO,18/10/2022,09:15:32,188.4,187.3,50,188.25,50,1050,106600
NIFTY20OCT2217600PE.NFO,18/10/2022,09:15:33,188.2,187.25,50,188.4,200,950,106600
NIFTY20OCT2217600PE.NFO,18/10/2022,09:15:34,188.1,187.2,50,188,350,1200,106600
NIFTY20OCT2217600PE.NFO,18/10/2022,09:15:35,188.9,188.4,50,188.95,100,700,106600
NIFTY20OCT2217600PE.NFO,18/10/2022,09:15:36,188.1,187.3,50,188.1,200,1600,106600
NIFTY20OCT2217600PE.NFO,18/10/2022,09:15:38,187.9,188,100,188.9,200,1450,106600
NIFTY20OCT2217600PE.NFO,18/10/2022,09:15:39,189,189.05,50,189.9,550,650,106600
NIFTY20OCT2217600PE.NFO,18/10/2022,09:15:40,190,189.25,50,189.95,100,3400,106600
NIFTY20OCT2217600PE.NFO,18/10/2022,09:15:41,189.3,188.9,200,189.8,200,700,106600
NIFTY20OCT2217600PE.NFO,18/10/2022,09:15:42,190.5,188.8,200,189.5,50,2050,106600
NIFTY20OCT2217600PE.NFO,18/10/2022,09:15:43,188.8,187.95,100,188.6,50,1650,106600
NIFTY20OCT2217600PE.NFO,18/10/2022,09:15:44,188.8,187.55,50,188.2,200,1100,106600
NIFTY20OCT2217600PE.NFO,18/10/2022,09:15:45,186.95,186.4,350,187.25,50,300,106600
NIFTY20OCT2217600PE.NFO,18/10/2022,09:15:47,187.35,186.45,100,187.15,100,950,106600
NIFTY20OCT2217600PE.NFO,18/10/2022,09:15:48,186.1,186.05,50,186.8,200,350,106600
NIFTY20OCT2217600PE.NFO,18/10/2022,09:15:49,188.6,187.95,100,188.8,200,6900,106600
NIFTY20OCT2217600PE.NFO,18/10/2022,09:15:51,187.3,187.3,150,188.2,200,4100,106600
NIFTY20OCT2217600PE.NFO,18/10/2022,09:15:52,187.55,187.45,50,188.2,200,100,106600
NIFTY20OCT2217600PE.NFO,18/10/2022,09:15:53,187.4,187.25,50,187.8,50,200,106600
NIFTY20OCT2217600PE.NFO,18/10/2022,09:15:54,185.7,185.25,200,185.75,100,2600,106600
NIFTY20OCT2217600PE.NFO,18/10/2022,09:15:55,186.95,186.4,50,187,200,2150,106600
NIFTY20OCT2217600PE.NFO,18/10/2022,09:15:57,186.3,185.55,100,186.1,200,4800,106600
NIFTY20OCT2217600PE.NFO,18/10/2022,09:15:58,186.3,186.1,100,186.8,600,2500,106600
NIFTY20OCT2217600PE.NFO,18/10/2022,09:15:59,187.2,186.4,50,187.2,700,350,106600
NIFTY20OCT2217600PE.NFO,18/10/2022,09:16:00,187.25,186.45,200,187.1,200,550,106600
NIFTY20OCT2217600PE.NFO,18/10/2022,09:16:01,182.5,182.45,50,183.2,750,2550,106600
NIFTY20OCT2217600PE.NFO,18/10/2022,09:16:02,183.45,182.6,50,183.25,50,500,106600
NIFTY20OCT2217600PE.NFO,18/10/2022,09:16:04,182.65,182.45,150,182.8,200,1600,106600
NIFTY20OCT2217600PE.NFO,18/10/2022,09:16:05,183.95,183.5,250,183.85,50,2550,106600
NIFTY20OCT2217600PE.NFO,18/10/2022,09:16:06,184.4,183.9,50,184.2,50,950,106600
NIFTY20OCT2217600PE.NFO,18/10/2022,09:16:08,183.05,182.7,150,183.2,400,1400,106600
NIFTY20OCT2217600PE.NFO,18/10/2022,09:16:09,182.6,182.35,100,182.7,200,1250,106600
NIFTY20OCT2217600PE.NFO,18/10/2022,09:16:10,182.7,182.6,50,183.15,100,1700,106600
NIFTY20OCT2217600PE.NFO,18/10/2022,09:16:11,182.6,182.05,50,182.5,200,1750,106600
NIFTY20OCT2217600PE.NFO,18/10/2022,09:16:13,181.7,181.25,150,181.5,200,1100,106600
NIFTY20OCT2217600PE.NFO,18/10/2022,09:16:14,181.25,181.2,150,181.65,650,750,106600
NIFTY20OCT2217600PE.NFO,18/10/2022,09:16:15,181.1,181.1,250,181.4,50,1850,106600
NIFTY20OCT2217600PE.NFO,18/10/2022,09:16:16,181.8,182.1,150,182.5,200,1500,106600
NIFTY20OCT2217600PE.NFO,18/10/2022,09:16:17,183.5,183.85,50,184,50,1500,106600
NIFTY20OCT2217600PE.NFO,18/10/2022,09:16:18,184.25,184.25,100,184.7,50,3900,106600
NIFTY20OCT2217600PE.NFO,18/10/2022,09:16:20,185,184.8,150,185.25,150,7300,106600
NIFTY20OCT2217600PE.NFO,18/10/2022,09:16:21,185.55,185.25,150,185.55,300,3650,106600
NIFTY20OCT2217600PE.NFO,18/10/2022,09:16:22,184.8,184.8,300,185.2,200,2300,106600
NIFTY20OCT2217600PE.NFO,18/10/2022,09:16:23,184.8,184.4,100,184.75,50,4200,106600
NIFTY20OCT2217600PE.NFO,18/10/2022,09:16:24,185.1,185.1,50,185.2,200,5200,106600
NIFTY20OCT2217600PE.NFO,18/10/2022,09:16:25,185.05,184.8,250,185.3,50,9650,106600
NIFTY20OCT2217600PE.NFO,18/10/2022,09:16:27,184.75,184.7,50,185,400,2050,106600
NIFTY20OCT2217600PE.NFO,18/10/2022,09:16:28,187.05,186.9,100,187.4,100,9250,106600
NIFTY20OCT2217600PE.NFO,18/10/2022,09:16:29,186.6,186.2,50,186.75,50,4000,106600
NIFTY20OCT2217600PE.NFO,18/10/2022,09:16:30,186.75,186.25,100,186.65,50,6800,106600
NIFTY20OCT2217600PE.NFO,18/10/2022,09:16:32,186.4,186.05,100,186.45,50,5850,106600
NIFTY20OCT2217600PE.NFO,18/10/2022,09:16:33,185.85,185.65,100,185.85,100,3150,106600
NIFTY20OCT2217600PE.NFO,18/10/2022,09:16:34,186.15,185.8,50,186.25,50,350,106600
NIFTY20OCT2217600PE.NFO,18/10/2022,09:16:35,186.65,186,250,186.55,350,2000,106600
NIFTY20OCT2217600PE.NFO,18/10/2022,09:16:37,186.1,185.7,100,186.1,350,2250,106600
NIFTY20OCT2217600PE.NFO,18/10/2022,09:16:38,186.25,185.85,250,186.3,100,1300,106600
NIFTY20OCT2217600PE.NFO,18/10/2022,09:16:39,186,185.45,100,185.85,50,1800,106600
NIFTY20OCT2217600PE.NFO,18/10/2022,09:16:41,185.4,185.3,100,185.65,50,3250,106600
NIFTY20OCT2217600PE.NFO,18/10/2022,09:16:42,185,185,100,185.3,100,800,106600
NIFTY20OCT2217600PE.NFO,18/10/2022,09:16:43,184,184.2,50,184.65,50,4800,106600
NIFTY20OCT2217600PE.NFO,18/10/2022,09:16:44,184.15,184.4,500,184.75,100,3400,106600
NIFTY20OCT2217600PE.NFO,18/10/2022,09:16:45,183.45,183,50,183.45,50,1700,106600
NIFTY20OCT2217600PE.NFO,18/10/2022,09:16:47,183.75,183.5,50,183.9,550,1100,106600
NIFTY20OCT2217600PE.NFO,18/10/2022,09:16:48,182.05,182.05,50,182.45,50,6350,106600
NIFTY20OCT2217600PE.NFO,18/10/2022,09:16:49,183,182.35,250,183,950,4100,106600
NIFTY20OCT2217600PE.NFO,18/10/2022,09:16:50,182.6,182.4,100,182.7,200,1500,106600
NIFTY20OCT2217600PE.NFO,18/10/2022,09:16:52,182.4,181.75,50,182,550,2850,106600
NIFTY20OCT2217600PE.NFO,18/10/2022,09:16:53,181.8,181.45,100,181.9,550,1150,106600
NIFTY20OCT2217600PE.NFO,18/10/2022,09:16:54,181.7,181.7,50,181.9,650,1350,106600
NIFTY20OCT2217600PE.NFO,18/10/2022,09:16:55,180.65,180.7,100,180.95,50,2550,106600
NIFTY20OCT2217600PE.NFO,18/10/2022,09:16:56,180.7,180.7,50,180.9,200,1450,106600
NIFTY20OCT2217600PE.NFO,18/10/2022,09:16:58,180.85,180.75,50,181,300,700,106600
NIFTY20OCT2217600PE.NFO,18/10/2022,09:16:59,180.85,180.85,150,181.15,50,6250,106600
NIFTY20OCT2217600PE.NFO,18/10/2022,09:17:00,180.8,180.95,200,181,50,2900,106600
NIFTY20OCT2217600PE.NFO,18/10/2022,09:17:01,180.3,180.1,50,180.3,50,7750,106600
NIFTY20OCT2217600PE.NFO,18/10/2022,09:17:03,180,180,250,180.15,100,2750,106600
NIFTY20OCT2217600PE.NFO,18/10/2022,09:17:04,179.55,179.5,50,180,900,700,106600
NIFTY20OCT2217600PE.NFO,18/10/2022,09:17:06,178.8,178.3,150,178.75,50,4050,106600
NIFTY20OCT2217600PE.NFO,18/10/2022,09:17:07,177,176.6,200,177,50,3750,106600
NIFTY20OCT2217600PE.NFO,18/10/2022,09:17:09,176.8,176.2,200,176.8,1100,850,106600
NIFTY20OCT2217600PE.NFO,18/10/2022,09:17:10,175.65,175.4,200,175.8,200,650,106600
NIFTY20OCT2217600PE.NFO,18/10/2022,09:17:11,175.4,175.05,100,175.4,200,1800,106600
NIFTY20OCT2217600PE.NFO,18/10/2022,09:17:13,180.1,179.85,50,180.5,200,3650,106600
NIFTY20OCT2217600PE.NFO,18/10/2022,09:17:14,177.25,178.25,50,178.65,50,550,106600
NIFTY20OCT2217600PE.NFO,18/10/2022,09:17:15,177.95,177.7,50,178.1,200,600,106600
NIFTY20OCT2217600PE.NFO,18/10/2022,09:17:16,177.05,177.1,50,177.45,650,550,106600
NIFTY20OCT2217600PE.NFO,18/10/2022,09:17:17,176.6,176.45,50,176.9,200,1250,106600
NIFTY20OCT2217600PE.NFO,18/10/2022,09:17:18,177.7,177.55,50,177.9,50,1950,106600
NIFTY20OCT2217600PE.NFO,18/10/2022,09:17:19,177.65,177,50,177.2,50,350,106600
NIFTY20OCT2217600PE.NFO,18/10/2022,09:17:21,176.55,176.55,50,177.05,50,900,106600
NIFTY20OCT2217600PE.NFO,18/10/2022,09:17:22,175.3,175.1,100,175.35,250,19350,106600
NIFTY20OCT2217600PE.NFO,18/10/2022,09:17:23,174,173.9,200,174.45,100,3500,106600
NIFTY20OCT2217600PE.NFO,18/10/2022,09:17:25,175.15,175.1,150,175.55,50,4550,106600
NIFTY20OCT2217600PE.NFO,18/10/2022,09:17:26,175.4,175.2,150,175.55,50,1100,106600
NIFTY20OCT2217600PE.NFO,18/10/2022,09:17:27,176.15,175.5,150,175.85,50,1650,106600
NIFTY20OCT2217600PE.NFO,18/10/2022,09:17:28,176.8,176.65,50,177,200,4550,106600
NIFTY20OCT2217600PE.NFO,18/10/2022,09:17:29,176.3,175.9,50,176.3,200,1000,106600
NIFTY20OCT2217600PE.NFO,18/10/2022,09:17:31,175.2,175.05,100,175.55,100,3350,106600
NIFTY20OCT2217600PE.NFO,18/10/2022,09:17:32,175.2,175.05,50,175.6,550,6100,106600
NIFTY20OCT2217600PE.NFO,18/10/2022,09:17:33,174.95,174.6,500,175,50,5200,243300
NIFTY20OCT2217600PE.NFO,18/10/2022,09:17:35,175.3,175.3,450,175.6,200,3950,243300
NIFTY20OCT2217600PE.NFO,18/10/2022,09:17:36,175.7,175.55,100,176.05,200,4900,243300
NIFTY20OCT2217600PE.NFO,18/10/2022,09:17:37,177.85,177.8,200,178.2,50,650,243300
NIFTY20OCT2217600PE.NFO,18/10/2022,09:17:39,179.65,179.2,800,179.65,50,1150,243300
NIFTY20OCT2217600PE.NFO,18/10/2022,09:17:40,179.25,179.3,50,179.65,200,2550,243300
NIFTY20OCT2217600PE.NFO,18/10/2022,09:17:41,178.85,178.4,800,178.8,50,1900,243300
NIFTY20OCT2217600PE.NFO,18/10/2022,09:17:42,177.85,177.95,150,178.35,500,2700,243300
NIFTY20OCT2217600PE.NFO,18/10/2022,09:17:44,178.25,177.55,50,178,150,600,243300
NIFTY20OCT2217600PE.NFO,18/10/2022,09:17:45,178.1,178.1,200,178.6,450,1400,243300
NIFTY20OCT2217600PE.NFO,18/10/2022,09:17:46,177.95,178.05,100,178.45,150,2900,243300
NIFTY20OCT2217600PE.NFO,18/10/2022,09:17:47,177.6,178.1,150,178.4,200,2100,243300
NIFTY20OCT2217600PE.NFO,18/10/2022,09:17:48,179.25,179.25,50,179.55,150,6050,243300
NIFTY20OCT2217600PE.NFO,18/10/2022,09:17:49,179.7,179.4,50,179.7,50,2050,243300
NIFTY20OCT2217600PE.NFO,18/10/2022,09:17:51,179.95,179.65,400,180,150,3750,243300
NIFTY20OCT2217600PE.NFO,18/10/2022,09:17:52,180.65,180.45,150,180.8,150,3750,243300
NIFTY20OCT2217600PE.NFO,18/10/2022,09:17:53,180.25,179.95,150,180.3,250,850,243300
NIFTY20OCT2217600PE.NFO,18/10/2022,09:17:54,180.15,180.1,250,180.55,50,3100,243300
NIFTY20OCT2217600PE.NFO,18/10/2022,09:17:55,180.7,180.4,50,180.75,100,350,243300
NIFTY20OCT2217600PE.NFO,18/10/2022,09:17:56,180.6,180.35,150,180.75,400,850,243300
NIFTY20OCT2217600PE.NFO,18/10/2022,09:17:57,180.7,180.4,300,180.8,150,2100,243300
NIFTY20OCT2217600PE.NFO,18/10/2022,09:17:58,180.95,180.65,50,180.95,150,3300,243300
NIFTY20OCT2217600PE.NFO,18/10/2022,09:17:59,181.4,181.35,150,181.75,50,2600,243300
NIFTY20OCT2217600PE.NFO,18/10/2022,09:18:01,179.2,179.25,150,179.65,50,2800,243300
NIFTY20OCT2217600PE.NFO,18/10/2022,09:18:02,179.1,179.6,550,180,50,1300,243300
NIFTY20OCT2217600PE.NFO,18/10/2022,09:18:03,180.15,180.1,250,180.6,1300,2300,243300
NIFTY20OCT2217600PE.NFO,18/10/2022,09:18:04,179.4,179.2,50,179.5,50,1850,243300
NIFTY20OCT2217600PE.NFO,18/10/2022,09:18:05,178.25,178,800,178.25,50,3350,243300
NIFTY20OCT2217600PE.NFO,18/10/2022,09:18:06,178,177.55,100,177.95,100,1200,243300
NIFTY20OCT2217600PE.NFO,18/10/2022,09:18:07,177.15,177.05,100,177.15,100,3050,243300
NIFTY20OCT2217600PE.NFO,18/10/2022,09:18:08,177,176.7,150,177.05,350,4250,243300
NIFTY20OCT2217600PE.NFO,18/10/2022,09:18:10,177.75,177.8,100,178.05,200,1900,243300
NIFTY20OCT2217600PE.NFO,18/10/2022,09:18:11,176.8,178,200,178.15,50,5700,243300
NIFTY20OCT2217600PE.NFO,18/10/2022,09:18:12,176.65,176.45,200,176.7,50,1450,243300
NIFTY20OCT2217600PE.NFO,18/10/2022,09:18:13,178.75,178.35,50,178.75,100,850,243300
NIFTY20OCT2217600PE.NFO,18/10/2022,09:18:14,177.75,177,250,177.25,50,600,243300
NIFTY20OCT2217600PE.NFO,18/10/2022,09:18:15,177,176.7,500,177.15,200,1700,243300
NIFTY20OCT2217600PE.NFO,18/10/2022,09:18:16,177,176.95,50,177.3,200,1000,243300
NIFTY20OCT2217600PE.NFO,18/10/2022,09:18:17,176.55,176.9,50,177.2,750,2900,243300
NIFTY20OCT2217600PE.NFO,18/10/2022,09:18:18,176.95,176.7,200,177,100,1050,243300
NIFTY20OCT2217600PE.NFO,18/10/2022,09:18:19,177.5,177.25,200,177.45,150,700,243300
NIFTY20OCT2217600PE.NFO,18/10/2022,09:18:21,177.1,177.05,50,177.5,600,1250,243300
NIFTY20OCT2217600PE.NFO,18/10/2022,09:18:22,176.85,176.35,150,176.8,550,400,243300
NIFTY20OCT2217600PE.NFO,18/10/2022,09:18:23,177.1,176.7,150,177.05,50,500,243300
NIFTY20OCT2217600PE.NFO,18/10/2022,09:18:24,176.9,177.1,150,177.3,50,100,243300
NIFTY20OCT2217600PE.NFO,18/10/2022,09:18:25,177.35,177.35,150,177.65,150,350,243300
NIFTY20OCT2217600PE.NFO,18/10/2022,09:18:26,178.4,178.3,150,178.65,50,3550,243300
NIFTY20OCT2217600PE.NFO,18/10/2022,09:18:27,178.8,178.6,200,178.8,3500,14850,243300
NIFTY20OCT2217600PE.NFO,18/10/2022,09:18:28,179.6,180.1,200,180.4,150,3850,243300
NIFTY20OCT2217600PE.NFO,18/10/2022,09:18:29,180.35,180.2,100,180.6,550,400,243300
NIFTY20OCT2217600PE.NFO,18/10/2022,09:18:30,178.75,178.65,150,178.95,50,4450,243300
NIFTY20OCT2217600PE.NFO,18/10/2022,09:18:31,179.2,178.8,500,179.2,100,1100,243300
NIFTY20OCT2217600PE.NFO,18/10/2022,09:18:32,178.9,178.4,200,178.7,100,600,243300
NIFTY20OCT2217600PE.NFO,18/10/2022,09:18:33,179.4,179.05,100,179.45,50,2850,243300
NIFTY20OCT2217600PE.NFO,18/10/2022,09:18:34,178.35,178.3,200,178.7,150,650,243300
NIFTY20OCT2217600PE.NFO,18/10/2022,09:18:35,178.7,178.75,50,179.05,100,1200,243300
NIFTY20OCT2217600PE.NFO,18/10/2022,09:18:36,178.85,178.7,200,179.15,50,1000,243300
NIFTY20OCT2217600PE.NFO,18/10/2022,09:18:38,179.1,178.6,50,178.95,300,300,243300
NIFTY20OCT2217600PE.NFO,18/10/2022,09:18:39,178.2,178.25,100,178.5,50,550,243300
NIFTY20OCT2217600PE.NFO,18/10/2022,09:18:40,176.95,176.4,100,176.8,250,5800,243300
NIFTY20OCT2217600PE.NFO,18/10/2022,09:18:41,178.05,177.4,300,177.7,150,1800,243300
NIFTY20OCT2217600PE.NFO,18/10/2022,09:18:42,177.45,177.6,150,178,350,1650,243300
NIFTY20OCT2217600PE.NFO,18/10/2022,09:18:43,176.75,176.95,50,177.35,50,450,243300
NIFTY20OCT2217600PE.NFO,18/10/2022,09:18:44,177.25,177.25,50,177.65,200,250,243300
NIFTY20OCT2217600PE.NFO,18/10/2022,09:18:45,178,177.7,450,178.2,950,400,243300
NIFTY20OCT2217600PE.NFO,18/10/2022,09:18:46,179,179.7,200,179.9,50,3050,243300
NIFTY20OCT2217600PE.NFO,18/10/2022,09:18:47,179.9,179.4,50,179.8,100,550,243300
NIFTY20OCT2217600PE.NFO,18/10/2022,09:18:48,179.3,179.35,50,179.75,50,150,243300
NIFTY20OCT2217600PE.NFO,18/10/2022,09:18:49,179.2,179.35,50,179.7,450,500,243300
NIFTY20OCT2217600PE.NFO,18/10/2022,09:18:50,178.7,178.85,100,179.2,200,2100,243300
NIFTY20OCT2217600PE.NFO,18/10/2022,09:18:52,179.55,179.35,100,179.75,150,1050,243300
NIFTY20OCT2217600PE.NFO,18/10/2022,09:18:53,179.9,179.35,50,179.75,100,1250,243300
NIFTY20OCT2217600PE.NFO,18/10/2022,09:18:54,180.65,180.5,50,180.85,150,2750,243300
NIFTY20OCT2217600PE.NFO,18/10/2022,09:18:55,180.9,180.3,50,180.7,250,600,243300
NIFTY20OCT2217600PE.NFO,18/10/2022,09:18:56,180.05,180.1,550,180.4,100,800,243300
NIFTY20OCT2217600PE.NFO,18/10/2022,09:18:57,180.5,180.6,550,180.95,200,500,243300
NIFTY20OCT2217600PE.NFO,18/10/2022,09:18:58,181,180.8,100,181.15,350,1050,243300
NIFTY20OCT2217600PE.NFO,18/10/2022,09:18:59,181,181,250,181.3,250,3550,243300
NIFTY20OCT2217600PE.NFO,18/10/2022,09:19:00,180.15,179.7,200,180.05,150,1600,243300
NIFTY20OCT2217600PE.NFO,18/10/2022,09:19:01,177.7,177.3,250,177.7,50,3450,243300
NIFTY20OCT2217600PE.NFO,18/10/2022,09:19:02,177.45,177.5,100,177.9,50,200,243300
NIFTY20OCT2217600PE.NFO,18/10/2022,09:19:03,178.15,177.9,950,178.4,50,1800,243300
NIFTY20OCT2217600PE.NFO,18/10/2022,09:19:04,178.15,178.55,150,178.95,50,0,243300
NIFTY20OCT2217600PE.NFO,18/10/2022,09:19:05,178.7,178.35,50,178.75,50,150,243300
NIFTY20OCT2217600PE.NFO,18/10/2022,09:19:07,179.8,179.35,50,179.8,50,750,243300
NIFTY20OCT2217600PE.NFO,18/10/2022,09:19:08,180.05,179.9,50,180.35,150,1700,243300
NIFTY20OCT2217600PE.NFO,18/10/2022,09:19:09,181.4,181.25,50,181.65,100,1000,243300
NIFTY20OCT2217600PE.NFO,18/10/2022,09:19:10,182,181.5,200,181.95,200,850,243300
NIFTY20OCT2217600PE.NFO,18/10/2022,09:19:11,181.85,181.35,50,181.75,100,900,243300
NIFTY20OCT2217600PE.NFO,18/10/2022,09:19:13,180,179.85,200,180.25,350,400,243300
NIFTY20OCT2217600PE.NFO,18/10/2022,09:19:14,180,180.05,200,180.35,50,1150,243300
NIFTY20OCT2217600PE.NFO,18/10/2022,09:19:15,180.15,179.95,50,180.4,800,1650,243300
NIFTY20OCT2217600PE.NFO,18/10/2022,09:19:16,180,180,250,180.4,50,950,243300
NIFTY20OCT2217600PE.NFO,18/10/2022,09:19:18,180.45,180.15,150,180.5,50,50,243300
NIFTY20OCT2217600PE.NFO,18/10/2022,09:19:19,180.55,180.2,850,180.65,50,2700,243300
NIFTY20OCT2217600PE.NFO,18/10/2022,09:19:20,180.55,180.4,200,180.8,50,250,243300
NIFTY20OCT2217600PE.NFO,18/10/2022,09:19:21,180.35,180,650,180.4,3000,1900,243300
NIFTY20OCT2217600PE.NFO,18/10/2022,09:19:22,180.3,180.3,300,180.65,200,2300,243300
NIFTY20OCT2217600PE.NFO,18/10/2022,09:19:23,180.3,180.3,200,180.65,850,0,243300
NIFTY20OCT2217600PE.NFO,18/10/2022,09:19:24,180.55,180.8,650,181.2,200,100,243300
NIFTY20OCT2217600PE.NFO,18/10/2022,09:19:25,181.55,181.15,50,181.55,50,150,243300
NIFTY20OCT2217600PE.NFO,18/10/2022,09:19:26,181.6,181.3,2450,181.75,100,250,243300
NIFTY20OCT2217600PE.NFO,18/10/2022,09:19:27,181.7,181.5,50,181.9,200,200,243300
NIFTY20OCT2217600PE.NFO,18/10/2022,09:19:28,181.6,181.6,350,181.95,50,2550,243300
NIFTY20OCT2217600PE.NFO,18/10/2022,09:19:29,181.9,181.5,950,181.95,50,950,243300
NIFTY20OCT2217600PE.NFO,18/10/2022,09:19:30,182.3,181.8,50,182.2,150,1600,243300
NIFTY20OCT2217600PE.NFO,18/10/2022,09:19:31,182.15,181.65,200,182.1,350,400,243300
NIFTY20OCT2217600PE.NFO,18/10/2022,09:19:32,181.75,181.65,900,182.15,50,550,243300
NIFTY20OCT2217600PE.NFO,18/10/2022,09:19:33,181.95,181.95,100,182.2,50,1400,243300
NIFTY20OCT2217600PE.NFO,18/10/2022,09:19:34,181.8,181.8,50,182.2,50,950,243300
NIFTY20OCT2217600PE.NFO,18/10/2022,09:19:35,181.8,181.75,50,182.05,50,1200,243300
NIFTY20OCT2217600PE.NFO,18/10/2022,09:19:36,181.8,181.6,50,182,1050,1000,243300
NIFTY20OCT2217600PE.NFO,18/10/2022,09:19:38,181.4,181.25,100,181.65,50,600,243300
NIFTY20OCT2217600PE.NFO,18/10/2022,09:19:39,182.1,182.05,100,182.1,50,1000,243300
NIFTY20OCT2217600PE.NFO,18/10/2022,09:19:40,182,181.85,50,181.95,50,2100,243300
NIFTY20OCT2217600PE.NFO,18/10/2022,09:19:41,182,182.1,200,182.45,150,1800,243300
NIFTY20OCT2217600PE.NFO,18/10/2022,09:19:41,182.2,182.2,150,182.45,150,800,243300
NIFTY20OCT2217600PE.NFO,18/10/2022,09:19:43,182.2,182.3,200,182.5,100,900,243300
NIFTY20OCT2217600PE.NFO,18/10/2022,09:19:44,182.55,182.1,550,182.55,100,2300,243300
NIFTY20OCT2217600PE.NFO,18/10/2022,09:19:45,182.25,182.15,150,182.5,450,1300,243300
NIFTY20OCT2217600PE.NFO,18/10/2022,09:19:46,182.5,182.35,50,182.7,200,1300,243300
NIFTY20OCT2217600PE.NFO,18/10/2022,09:19:47,182.3,182.3,2050,182.85,150,850,243300
NIFTY20OCT2217600PE.NFO,18/10/2022,09:19:48,182.55,182.2,550,182.65,50,100,243300
NIFTY20OCT2217600PE.NFO,18/10/2022,09:19:49,181.6,181.8,900,182.15,150,700,243300
NIFTY20OCT2217600PE.NFO,18/10/2022,09:19:50,181.6,181.45,150,181.85,50,700,243300
NIFTY20OCT2217600PE.NFO,18/10/2022,09:19:51,179.85,179.7,200,180,50,6050,243300
NIFTY20OCT2217600PE.NFO,18/10/2022,09:19:52,180.2,180,200,180.4,150,300,243300
NIFTY20OCT2217600PE.NFO,18/10/2022,09:19:53,180.2,180,350,180.4,50,300,243300
NIFTY20OCT2217600PE.NFO,18/10/2022,09:19:54,179.3,178.9,50,179.3,50,750,243300
NIFTY20OCT2217600PE.NFO,18/10/2022,09:19:55,179,179.1,200,179.4,50,1750,243300
NIFTY20OCT2217600PE.NFO,18/10/2022,09:19:56,178.8,178.8,450,179.25,50,600,243300
NIFTY20OCT2217600PE.NFO,18/10/2022,09:19:57,178.6,178.75,50,179.15,50,3400,243300
NIFTY20OCT2217600PE.NFO,18/10/2022,09:19:58,178.55,178.5,650,178.95,50,100,243300
NIFTY20OCT2217600PE.NFO,18/10/2022,09:19:59,178.6,178.15,50,178.5,200,700,243300
NIFTY20OCT2217600PE.NFO,18/10/2022,09:20:00,177.25,176.95,150,177.3,500,5550,243300
NIFTY20OCT2217600PE.NFO,18/10/2022,09:20:01,175.45,175.15,50,175.45,50,1300,243300
NIFTY20OCT2217600PE.NFO,18/10/2022,09:20:02,175.25,175.1,50,175.55,50,1550,243300
NIFTY20OCT2217600PE.NFO,18/10/2022,09:20:03,175,175.2,500,175.65,150,400,243300
NIFTY20OCT2217600PE.NFO,18/10/2022,09:20:04,175,175,1700,175.35,50,4150,243300
NIFTY20OCT2217600PE.NFO,18/10/2022,09:20:05,174.3,174.2,200,174.5,50,4450,243300
NIFTY20OCT2217600PE.NFO,18/10/2022,09:20:06,173.45,173.95,150,174.2,150,1500,243300
NIFTY20OCT2217600PE.NFO,18/10/2022,09:20:07,173.85,173.55,150,173.85,50,700,243300
NIFTY20OCT2217600PE.NFO,18/10/2022,09:20:09,173.15,172.4,50,172.75,200,700,243300
NIFTY20OCT2217600PE.NFO,18/10/2022,09:20:10,172.2,171.8,350,172.2,150,3400,243300
NIFTY20OCT2217600PE.NFO,18/10/2022,09:20:11,172,171.5,200,171.9,500,5050,243300
NIFTY20OCT2217600PE.NFO,18/10/2022,09:20:12,170.8,170.85,200,171.3,350,2650,243300
NIFTY20OCT2217600PE.NFO,18/10/2022,09:20:13,170.85,170.75,50,171.1,550,1500,243300
NIFTY20OCT2217600PE.NFO,18/10/2022,09:20:14,170.65,170.45,150,170.7,200,5750,243300
NIFTY20OCT2217600PE.NFO,18/10/2022,09:20:15,170.5,170.15,200,170.5,50,2350,243300
NIFTY20OCT2217600PE.NFO,18/10/2022,09:20:16,170.35,170.1,50,170.45,200,1250,243300
NIFTY20OCT2217600PE.NFO,18/10/2022,09:20:17,169.75,169.35,150,169.65,200,7000,243300
NIFTY20OCT2217600PE.NFO,18/10/2022,09:20:18,170.1,170,50,170.25,200,7900,243300
NIFTY20OCT2217600PE.NFO,18/10/2022,09:20:19,172.65,172.65,50,173.05,100,5900,243300
NIFTY20OCT2217600PE.NFO,18/10/2022,09:20:20,173.95,173.9,50,174.35,50,3250,243300
NIFTY20OCT2217600PE.NFO,18/10/2022,09:20:22,175.55,174.95,250,175.3,200,1750,243300
NIFTY20OCT2217600PE.NFO,18/10/2022,09:20:23,170.55,170.35,50,170.55,50,8300,243300
NIFTY20OCT2217600PE.NFO,18/10/2022,09:20:24,170.4,170.55,200,170.9,100,3900,243300
NIFTY20OCT2217600PE.NFO,18/10/2022,09:20:25,169.9,169.85,200,170.25,50,1450,243300
NIFTY20OCT2217600PE.NFO,18/10/2022,09:20:26,170.9,171.05,100,171.4,100,1450,243300
NIFTY20OCT2217600PE.NFO,18/10/2022,09:20:27,171.5,171,150,171.45,50,3450,243300
NIFTY20OCT2217600PE.NFO,18/10/2022,09:20:28,171.75,171.7,50,172.05,150,1550,243300
NIFTY20OCT2217600PE.NFO,18/10/2022,09:20:29,171.4,171.45,50,171.8,300,1500,243300
NIFTY20OCT2217600PE.NFO,18/10/2022,09:20:30,171.5,171.4,400,171.85,150,2250,243300
NIFTY20OCT2217600PE.NFO,18/10/2022,09:20:31,172.65,172.65,250,173,50,1600,243300
NIFTY20OCT2217600PE.NFO,18/10/2022,09:20:32,172.4,172,950,172.35,500,3250,243300
NIFTY20OCT2217600PE.NFO,18/10/2022,09:20:33,172,171.95,200,172.35,50,1750,243300
NIFTY20OCT2217600PE.NFO,18/10/2022,09:20:34,171.25,171.25,350,171.55,150,800,345400
NIFTY20OCT2217600PE.NFO,18/10/2022,09:20:35,170.6,170.3,50,170.6,50,1850,345400
NIFTY20OCT2217600PE.NFO,18/10/2022,09:20:36,170.75,170.35,100,170.8,50,900,345400
NIFTY20OCT2217600PE.NFO,18/10/2022,09:20:38,170.95,171.15,250,171.5,50,1000,345400
NIFTY20OCT2217600PE.NFO,18/10/2022,09:20:39,171.3,170.5,250,170.95,50,900,345400
NIFTY20OCT2217600PE.NFO,18/10/2022,09:20:40,171.3,171.3,50,171.7,100,900,345400
NIFTY20OCT2217600PE.NFO,18/10/2022,09:20:41,171.05,170.8,250,171.15,50,450,345400
NIFTY20OCT2217600PE.NFO,18/10/2022,09:20:42,170.55,170.5,850,170.85,50,650,345400
NIFTY20OCT2217600PE.NFO,18/10/2022,09:20:43,171.05,170.8,200,171.2,50,750,345400
NIFTY20OCT2217600PE.NFO,18/10/2022,09:20:44,170.75,171.05,50,171.4,100,200,345400
NIFTY20OCT2217600PE.NFO,18/10/2022,09:20:45,170.6,170.95,50,171.35,50,150,345400
NIFTY20OCT2217600PE.NFO,18/10/2022,09:20:46,170.85,170.65,100,171,150,250,345400
NIFTY20OCT2217600PE.NFO,18/10/2022,09:20:47,171.95,171.95,150,172.35,200,1750,345400
NIFTY20OCT2217600PE.NFO,18/10/2022,09:20:48,173.25,173,500,173.45,150,2950,345400
NIFTY20OCT2217600PE.NFO,18/10/2022,09:20:49,174.3,173.95,50,174.3,100,1750,345400
NIFTY20OCT2217600PE.NFO,18/10/2022,09:20:50,174.2,173.55,50,173.95,100,1850,345400
NIFTY20OCT2217600PE.NFO,18/10/2022,09:20:51,174.85,174.8,250,175,200,750,345400
NIFTY20OCT2217600PE.NFO,18/10/2022,09:20:53,173.8,172.95,50,173.5,50,2650,345400
NIFTY20OCT2217600PE.NFO,18/10/2022,09:20:54,173.8,173.7,50,174,300,3850,345400
NIFTY20OCT2217600PE.NFO,18/10/2022,09:20:55,173.05,172.65,50,173.05,50,1800,345400
NIFTY20OCT2217600PE.NFO,18/10/2022,09:20:56,172.75,172.5,150,172.9,150,800,345400
NIFTY20OCT2217600PE.NFO,18/10/2022,09:20:57,172.95,172.3,100,172.85,50,800,345400
NIFTY20OCT2217600PE.NFO,18/10/2022,09:20:58,172.1,172.1,50,172.5,500,100,345400
NIFTY20OCT2217600PE.NFO,18/10/2022,09:20:59,171,170.95,100,171.25,250,1800,345400
NIFTY20OCT2217600PE.NFO,18/10/2022,09:21:00,171.2,170.95,50,171.3,250,400,345400
NIFTY20OCT2217600PE.NFO,18/10/2022,09:21:01,171.55,171.15,50,171.6,200,1200,345400
NIFTY20OCT2217600PE.NFO,18/10/2022,09:21:02,170.95,170.95,50,171.15,300,850,345400
NIFTY20OCT2217600PE.NFO,18/10/2022,09:21:03,171.15,171.1,150,171.5,500,3200,345400
NIFTY20OCT2217600PE.NFO,18/10/2022,09:21:04,172.05,171.6,350,172.05,50,2200,345400
NIFTY20OCT2217600PE.NFO,18/10/2022,09:21:05,172.35,172.05,50,172.45,50,2350,345400
NIFTY20OCT2217600PE.NFO,18/10/2022,09:21:06,171.5,171.4,50,171.8,250,1900,345400
NIFTY20OCT2217600PE.NFO,18/10/2022,09:21:07,172.15,172.05,150,172.4,550,2350,345400
NIFTY20OCT2217600PE.NFO,18/10/2022,09:21:08,171.65,171.35,50,171.7,50,3750,345400
NIFTY20OCT2217600PE.NFO,18/10/2022,09:21:09,171.6,171.3,50,171.7,250,500,345400
NIFTY20OCT2217600PE.NFO,18/10/2022,09:21:10,171.45,171.5,50,171.85,300,2900,345400
NIFTY20OCT2217600PE.NFO,18/10/2022,09:21:11,171.65,171.3,900,171.8,50,1300,345400
NIFTY20OCT2217600PE.NFO,18/10/2022,09:21:12,171.7,171.25,150,171.55,100,1450,345400
NIFTY20OCT2217600PE.NFO,18/10/2022,09:21:13,171.5,171.1,150,171.4,200,600,345400
NIFTY20OCT2217600PE.NFO,18/10/2022,09:21:14,170.9,171.15,50,171.5,250,4400,345400
NIFTY20OCT2217600PE.NFO,18/10/2022,09:21:15,171.7,171.25,50,171.6,850,300,345400
NIFTY20OCT2217600PE.NFO,18/10/2022,09:21:16,171.5,171.5,300,171.85,50,3400,345400
NIFTY20OCT2217600PE.NFO,18/10/2022,09:21:17,172.1,171.7,1300,172.2,300,1350,345400
NIFTY20OCT2217600PE.NFO,18/10/2022,09:21:18,171.85,171.7,50,172.05,50,300,345400
NIFTY20OCT2217600PE.NFO,18/10/2022,09:21:19,172.1,171.85,150,172.25,50,250,345400
NIFTY20OCT2217600PE.NFO,18/10/2022,09:21:20,172.1,171.9,50,172.2,1150,3000,345400
NIFTY20OCT2217600PE.NFO,18/10/2022,09:21:21,172,171.85,150,172.2,400,1300,345400
NIFTY20OCT2217600PE.NFO,18/10/2022,09:21:22,172.1,172.1,50,172.4,50,900,345400
NIFTY20OCT2217600PE.NFO,18/10/2022,09:21:23,172.35,171.85,50,172.3,1600,5550,345400
NIFTY20OCT2217600PE.NFO,18/10/2022,09:21:24,172.35,172.15,50,172.35,100,1250,345400
NIFTY20OCT2217600PE.NFO,18/10/2022,09:21:25,171.15,170.8,1600,171.25,50,3750,345400
NIFTY20OCT2217600PE.NFO,18/10/2022,09:21:26,171.4,171,350,171.4,50,50,345400
NIFTY20OCT2217600PE.NFO,18/10/2022,09:21:27,171.85,171.6,150,171.85,50,1800,345400
NIFTY20OCT2217600PE.NFO,18/10/2022,09:21:28,171.5,171.1,150,171.4,50,4250,345400
NIFTY20OCT2217600PE.NFO,18/10/2022,09:21:29,171.8,171.6,250,171.8,50,650,345400
NIFTY20OCT2217600PE.NFO,18/10/2022,09:21:30,172.1,172,100,172.25,200,600,345400
NIFTY20OCT2217600PE.NFO,18/10/2022,09:21:31,171.65,171.65,100,171.95,100,2650,345400
NIFTY20OCT2217600PE.NFO,18/10/2022,09:21:32,171.85,171.9,50,172,200,2100,345400
NIFTY20OCT2217600PE.NFO,18/10/2022,09:21:33,172.15,172.05,50,172.3,50,1050,345400
NIFTY20OCT2217600PE.NFO,18/10/2022,09:21:34,171.9,171.75,50,172.05,200,2450,345400
NIFTY20OCT2217600PE.NFO,18/10/2022,09:21:35,172.05,172,350,172.4,600,5850,345400
NIFTY20OCT2217600PE.NFO,18/10/2022,09:21:36,172.15,172.05,50,172.4,500,5200,345400
NIFTY20OCT2217600PE.NFO,18/10/2022,09:21:37,172.35,172.1,150,172.4,200,1450,345400
NIFTY20OCT2217600PE.NFO,18/10/2022,09:21:38,172.5,172.25,50,172.5,400,1950,345400
NIFTY20OCT2217600PE.NFO,18/10/2022,09:21:39,172.4,172.15,100,172.4,200,850,345400
NIFTY20OCT2217600PE.NFO,18/10/2022,09:21:40,172.2,171.55,350,171.9,50,350,345400
NIFTY20OCT2217600PE.NFO,18/10/2022,09:21:41,171.65,171.6,150,171.8,100,1200,345400
NIFTY20OCT2217600PE.NFO,18/10/2022,09:21:42,170.75,170.75,150,170.9,350,3700,345400
NIFTY20OCT2217600PE.NFO,18/10/2022,09:21:43,170.4,170.55,200,170.9,550,4900,345400
NIFTY20OCT2217600PE.NFO,18/10/2022,09:21:44,170.7,170.7,150,171.1,900,3350,345400
NIFTY20OCT2217600PE.NFO,18/10/2022,09:21:45,168.75,168.8,400,169.05,200,8500,345400
NIFTY20OCT2217600PE.NFO,18/10/2022,09:21:47,168.05,168.1,200,168.4,50,3700,345400
NIFTY20OCT2217600PE.NFO,18/10/2022,09:21:48,167.65,167.45,200,167.7,200,4300,345400
NIFTY20OCT2217600PE.NFO,18/10/2022,09:21:49,167.35,167.3,50,167.4,200,5950,345400
NIFTY20OCT2217600PE.NFO,18/10/2022,09:21:50,167.1,166.8,150,167.1,200,2750,345400
NIFTY20OCT2217600PE.NFO,18/10/2022,09:21:51,166.65,166.65,50,167,100,2650,345400
NIFTY20OCT2217600PE.NFO,18/10/2022,09:21:52,167.6,167.4,50,167.95,400,3850,345400
NIFTY20OCT2217600PE.NFO,18/10/2022,09:21:53,167.05,167.15,50,167.55,50,4150,345400
NIFTY20OCT2217600PE.NFO,18/10/2022,09:21:54,167.25,167,900,167.3,150,1200,345400
NIFTY20OCT2217600PE.NFO,18/10/2022,09:21:55,167.25,166.7,100,167.25,400,4800,345400
NIFTY20OCT2217600PE.NFO,18/10/2022,09:21:56,166.6,167,50,167.3,250,2750,345400
NIFTY20OCT2217600PE.NFO,18/10/2022,09:21:57,168,167.85,350,168.15,100,3150,345400
NIFTY20OCT2217600PE.NFO,18/10/2022,09:21:58,168,168,200,168.4,200,2750,345400
NIFTY20OCT2217600PE.NFO,18/10/2022,09:21:59,168.1,168.05,50,168.35,50,2450,345400
NIFTY20OCT2217600PE.NFO,18/10/2022,09:22:00,167.3,167.15,50,167.5,550,1550,345400
NIFTY20OCT2217600PE.NFO,18/10/2022,09:22:01,166.9,166.65,100,166.95,250,3300,345400
NIFTY20OCT2217600PE.NFO,18/10/2022,09:22:02,166.95,167.65,100,167.7,100,2050,345400
NIFTY20OCT2217600PE.NFO,18/10/2022,09:22:03,166.75,166.5,50,166.85,50,3700,345400
NIFTY20OCT2217600PE.NFO,18/10/2022,09:22:03,166.3,166.5,50,166.85,50,0,345400
NIFTY20OCT2217600PE.NFO,18/10/2022,09:22:04,166.8,166.8,100,167.05,50,200,345400
NIFTY20OCT2217600PE.NFO,18/10/2022,09:22:05,167,166.7,100,167.05,50,1150,345400
NIFTY20OCT2217600PE.NFO,18/10/2022,09:22:06,167.15,167,100,167.3,500,1200,345400
NIFTY20OCT2217600PE.NFO,18/10/2022,09:22:07,167.05,167.05,50,167.2,200,1200,345400
NIFTY20OCT2217600PE.NFO,18/10/2022,09:22:09,166.85,167.1,750,167.4,50,4050,345400
NIFTY20OCT2217600PE.NFO,18/10/2022,09:22:09,167.45,167.15,50,167.4,250,500,345400
NIFTY20OCT2217600PE.NFO,18/10/2022,09:22:10,167.15,167.05,100,167.4,250,5650,345400
NIFTY20OCT2217600PE.NFO,18/10/2022,09:22:11,166.85,166.7,100,167.05,100,2800,345400
NIFTY20OCT2217600PE.NFO,18/10/2022,09:22:12,167.2,166.8,450,167.2,100,1100,345400
NIFTY20OCT2217600PE.NFO,18/10/2022,09:22:13,166.9,166.95,150,167.15,50,1000,345400
NIFTY20OCT2217600PE.NFO,18/10/2022,09:22:14,166.8,166.5,150,166.9,50,2000,345400
NIFTY20OCT2217600PE.NFO,18/10/2022,09:22:16,166.7,166.8,550,167.1,50,1300,345400
NIFTY20OCT2217600PE.NFO,18/10/2022,09:22:16,166.8,166.8,100,166.95,50,50,345400
NIFTY20OCT2217600PE.NFO,18/10/2022,09:22:17,166.6,166.7,300,166.9,100,1450,345400
NIFTY20OCT2217600PE.NFO,18/10/2022,09:22:18,166.8,166.55,400,166.9,50,1350,345400
NIFTY20OCT2217600PE.NFO,18/10/2022,09:22:19,166.65,166.55,150,166.85,50,1250,345400
NIFTY20OCT2217600PE.NFO,18/10/2022,09:22:20,167.05,166.7,50,167,150,1950,345400
NIFTY20OCT2217600PE.NFO,18/10/2022,09:22:20,166.1,166.7,50,167,150,0,345400
NIFTY20OCT2217600PE.NFO,18/10/2022,09:22:21,166.85,166.35,50,166.8,750,1600,345400
NIFTY20OCT2217600PE.NFO,18/10/2022,09:22:22,166.85,166.5,150,166.85,50,1350,345400
NIFTY20OCT2217600PE.NFO,18/10/2022,09:22:24,167,166.95,950,167.25,50,2650,345400
NIFTY20OCT2217600PE.NFO,18/10/2022,09:22:24,166.95,166.95,850,167.25,100,50,345400
NIFTY20OCT2217600PE.NFO,18/10/2022,09:22:25,167.15,166.85,150,167.2,250,2300,345400
NIFTY20OCT2217600PE.NFO,18/10/2022,09:22:26,166.85,167.05,100,167.15,50,2950,345400
NIFTY20OCT2217600PE.NFO,18/10/2022,09:22:27,167.95,167.15,100,167.65,350,2250,345400
NIFTY20OCT2217600PE.NFO,18/10/2022,09:22:28,166.95,167,150,167.2,50,850,345400
NIFTY20OCT2217600PE.NFO,18/10/2022,09:22:29,166.9,166.9,800,167.2,50,800,345400
NIFTY20OCT2217600PE.NFO,18/10/2022,09:22:30,167.8,167.65,150,167.75,50,1200,345400
NIFTY20OCT2217600PE.NFO,18/10/2022,09:22:31,168.3,168,300,168.4,1500,1800,345400
NIFTY20OCT2217600PE.NFO,18/10/2022,09:22:32,168.85,168.9,50,169.2,50,3050,345400
NIFTY20OCT2217600PE.NFO,18/10/2022,09:22:34,168.55,168.4,300,168.8,800,4200,345400
NIFTY20OCT2217600PE.NFO,18/10/2022,09:22:34,169.05,169,150,169.3,200,150,345400
NIFTY20OCT2217600PE.NFO,18/10/2022,09:22:35,169.6,169.5,900,169.85,250,1250,345400
NIFTY20OCT2217600PE.NFO,18/10/2022,09:22:36,168.85,169.2,50,169.5,50,1050,345400
NIFTY20OCT2217600PE.NFO,18/10/2022,09:22:37,170.6,170.45,150,170.75,200,3300,345400
NIFTY20OCT2217600PE.NFO,18/10/2022,09:22:38,170.55,170.3,50,170.7,400,1250,345400
NIFTY20OCT2217600PE.NFO,18/10/2022,09:22:40,171.05,170.65,50,171,200,3400,345400
NIFTY20OCT2217600PE.NFO,18/10/2022,09:22:40,170.5,170.3,50,170.7,300,300,345400
NIFTY20OCT2217600PE.NFO,18/10/2022,09:22:41,170.1,169.65,200,169.9,100,650,345400
NIFTY20OCT2217600PE.NFO,18/10/2022,09:22:42,169.3,169.6,150,169.75,100,2050,345400
NIFTY20OCT2217600PE.NFO,18/10/2022,09:22:43,169.2,169.05,200,169.4,150,550,345400
NIFTY20OCT2217600PE.NFO,18/10/2022,09:22:44,168.7,168.2,750,168.75,1300,1200,345400
NIFTY20OCT2217600PE.NFO,18/10/2022,09:22:45,168.7,168.4,50,168.7,200,1750,345400
NIFTY20OCT2217600PE.NFO,18/10/2022,09:22:46,168.35,168.35,50,168.6,50,1500,345400
NIFTY20OCT2217600PE.NFO,18/10/2022,09:22:47,168,168,200,168.25,50,650,345400
NIFTY20OCT2217600PE.NFO,18/10/2022,09:22:48,168.1,168.05,150,168.5,450,550,345400
NIFTY20OCT2217600PE.NFO,18/10/2022,09:22:49,167.7,167.25,50,167.6,1250,750,345400
NIFTY20OCT2217600PE.NFO,18/10/2022,09:22:50,167.8,167.35,50,167.75,50,1000,345400
NIFTY20OCT2217600PE.NFO,18/10/2022,09:22:51,167.15,167,1750,167.4,1000,700,345400
NIFTY20OCT2217600PE.NFO,18/10/2022,09:22:53,167.45,167.2,200,167.65,100,400,345400
NIFTY20OCT2217600PE.NFO,18/10/2022,09:22:53,167.65,167.35,50,167.75,50,250,345400
NIFTY20OCT2217600PE.NFO,18/10/2022,09:22:54,166.15,165.75,650,166.25,150,6950,345400
NIFTY20OCT2217600PE.NFO,18/10/2022,09:22:54,165.65,165.75,650,166.25,150,0,345400
NIFTY20OCT2217600PE.NFO,18/10/2022,09:22:55,166.8,166.25,50,166.75,200,450,345400
NIFTY20OCT2217600PE.NFO,18/10/2022,09:22:56,166.8,166.5,150,166.9,50,2050,345400
NIFTY20OCT2217600PE.NFO,18/10/2022,09:22:57,167.55,167.6,50,167.9,200,1350,345400
NIFTY20OCT2217600PE.NFO,18/10/2022,09:22:59,168,167.75,50,168.05,50,1450,345400
NIFTY20OCT2217600PE.NFO,18/10/2022,09:22:59,167.75,167.75,50,168.15,50,50,345400
NIFTY20OCT2217600PE.NFO,18/10/2022,09:23:00,167.8,167.35,50,167.8,1950,500,345400
NIFTY20OCT2217600PE.NFO,18/10/2022,09:23:01,165.5,165.35,50,165.7,200,3600,345400
NIFTY20OCT2217600PE.NFO,18/10/2022,09:23:01,165.5,165.35,50,165.7,200,0,345400
NIFTY20OCT2217600PE.NFO,18/10/2022,09:23:02,165.55,165.65,200,165.95,50,1850,345400
NIFTY20OCT2217600PE.NFO,18/10/2022,09:23:02,165.25,165.65,200,165.95,50,0,345400
NIFTY20OCT2217600PE.NFO,18/10/2022,09:23:03,166.1,166,1250,166.4,50,1050,345400
NIFTY20OCT2217600PE.NFO,18/10/2022,09:23:04,166,166,250,166.35,150,1450,345400
NIFTY20OCT2217600PE.NFO,18/10/2022,09:23:06,165.5,165.45,50,165.8,50,750,345400
NIFTY20OCT2217600PE.NFO,18/10/2022,09:23:06,165.7,165.65,50,166,100,250,345400
NIFTY20OCT2217600PE.NFO,18/10/2022,09:23:07,165.7,165.55,200,165.95,50,1300,345400
NIFTY20OCT2217600PE.NFO,18/10/2022,09:23:09,165.2,165.2,150,165.55,100,1650,345400
NIFTY20OCT2217600PE.NFO,18/10/2022,09:23:09,165.2,165.2,150,165.55,100,0,345400
NIFTY20OCT2217600PE.NFO,18/10/2022,09:23:10,165.6,165.7,50,166,200,1500,345400
NIFTY20OCT2217600PE.NFO,18/10/2022,09:23:10,165.15,165.7,50,166,200,0,345400
NIFTY20OCT2217600PE.NFO,18/10/2022,09:23:11,166,165.6,200,165.95,50,1050,345400
NIFTY20OCT2217600PE.NFO,18/10/2022,09:23:12,165.85,165.75,50,166.05,200,900,345400
NIFTY20OCT2217600PE.NFO,18/10/2022,09:23:12,166.2,166,50,166.1,150,50,345400
NIFTY20OCT2217600PE.NFO,18/10/2022,09:23:13,166.75,166.65,50,167,550,3650,345400
NIFTY20OCT2217600PE.NFO,18/10/2022,09:23:14,166.3,166.25,1100,166.7,550,1350,345400
NIFTY20OCT2217600PE.NFO,18/10/2022,09:23:15,165.95,165.9,1950,166.35,100,750,345400
NIFTY20OCT2217600PE.NFO,18/10/2022,09:23:16,166.2,165.85,150,166.15,50,450,345400
NIFTY20OCT2217600PE.NFO,18/10/2022,09:23:18,165.8,165.8,50,166.1,300,4350,345400
NIFTY20OCT2217600PE.NFO,18/10/2022,09:23:19,165.2,165.05,150,165.25,50,10450,345400
NIFTY20OCT2217600PE.NFO,18/10/2022,09:23:19,164.7,165.05,150,165.25,50,0,345400
NIFTY20OCT2217600PE.NFO,18/10/2022,09:23:20,164.7,164.7,250,165.05,50,5000,345400
NIFTY20OCT2217600PE.NFO,18/10/2022,09:23:20,164.2,164.7,250,165.05,50,0,345400
NIFTY20OCT2217600PE.NFO,18/10/2022,09:23:21,164.35,164.3,50,164.6,200,2900,345400
NIFTY20OCT2217600PE.NFO,18/10/2022,09:23:21,163.9,164.3,50,164.6,200,0,345400
NIFTY20OCT2217600PE.NFO,18/10/2022,09:23:22,163.55,163.6,50,164,50,2550,345400
NIFTY20OCT2217600PE.NFO,18/10/2022,09:23:22,163.55,163.6,50,164,50,0,345400
NIFTY20OCT2217600PE.NFO,18/10/2022,09:23:24,163.05,163,650,163.3,250,2100,345400
NIFTY20OCT2217600PE.NFO,18/10/2022,09:23:24,163,163,650,163.3,250,0,345400
NIFTY20OCT2217600PE.NFO,18/10/2022,09:23:25,162.2,162,9750,162.4,100,2400,345400
NIFTY20OCT2217600PE.NFO,18/10/2022,09:23:25,162.15,162,9750,162.4,100,0,345400
NIFTY20OCT2217600PE.NFO,18/10/2022,09:23:26,162.15,162.1,100,162.55,500,100,345400
NIFTY20OCT2217600PE.NFO,18/10/2022,09:23:27,162.1,162,5850,162.4,50,4600,345400
NIFTY20OCT2217600PE.NFO,18/10/2022,09:23:27,162,162,5850,162.4,50,0,345400
NIFTY20OCT2217600PE.NFO,18/10/2022,09:23:28,162.35,162.15,150,162.55,150,9000,345400
NIFTY20OCT2217600PE.NFO,18/10/2022,09:23:28,161.85,162.15,150,162.55,150,0,345400
NIFTY20OCT2217600PE.NFO,18/10/2022,09:23:30,162.55,162.15,300,162.55,50,3050,345400
NIFTY20OCT2217600PE.NFO,18/10/2022,09:23:31,163.4,163.25,50,163.6,1450,600,345400
NIFTY20OCT2217600PE.NFO,18/10/2022,09:23:32,163.45,163.3,150,163.7,1250,2000,345400
NIFTY20OCT2217600PE.NFO,18/10/2022,09:23:33,163.4,163.35,100,163.5,50,1450,512250
NIFTY20OCT2217600PE.NFO,18/10/2022,09:23:34,164.05,164,1800,164.4,50,1700,512250
NIFTY20OCT2217600PE.NFO,18/10/2022,09:23:35,164.3,164.35,50,164.7,150,850,512250
NIFTY20OCT2217600PE.NFO,18/10/2022,09:23:36,164.25,164.4,50,164.7,250,3100,512250
NIFTY20OCT2217600PE.NFO,18/10/2022,09:23:37,164.8,164.35,200,164.75,50,700,512250
NIFTY20OCT2217600PE.NFO,18/10/2022,09:23:38,164.6,164.65,850,164.95,50,1750,512250
NIFTY20OCT2217600PE.NFO,18/10/2022,09:23:39,164.55,164.75,50,165,50,200,512250
NIFTY20OCT2217600PE.NFO,18/10/2022,09:23:40,164.55,164.55,800,165,950,1350,512250
NIFTY20OCT2217600PE.NFO,18/10/2022,09:23:42,165.15,164.8,200,165.15,50,5200,512250
NIFTY20OCT2217600PE.NFO,18/10/2022,09:23:43,164.65,165.05,50,165.35,100,1900,512250
NIFTY20OCT2217600PE.NFO,18/10/2022,09:23:44,165.7,165.15,50,165.55,50,1150,512250
NIFTY20OCT2217600PE.NFO,18/10/2022,09:23:45,165.9,165.8,200,165.9,100,5050,512250
NIFTY20OCT2217600PE.NFO,18/10/2022,09:23:46,165.65,165.5,150,165.85,150,3000,512250
NIFTY20OCT2217600PE.NFO,18/10/2022,09:23:47,165.6,165.65,1000,165.95,100,300,512250
NIFTY20OCT2217600PE.NFO,18/10/2022,09:23:48,165.25,165,1250,165.25,50,3050,512250
NIFTY20OCT2217600PE.NFO,18/10/2022,09:23:49,164.3,164.05,50,164.35,50,3500,512250
NIFTY20OCT2217600PE.NFO,18/10/2022,09:23:50,164.15,163.85,50,164.15,100,1300,512250
NIFTY20OCT2217600PE.NFO,18/10/2022,09:23:51,163.6,163.55,50,163.9,50,600,512250
NIFTY20OCT2217600PE.NFO,18/10/2022,09:23:52,163.5,163.65,750,163.95,50,2300,512250
NIFTY20OCT2217600PE.NFO,18/10/2022,09:23:54,163.45,163.45,150,163.65,200,900,512250
NIFTY20OCT2217600PE.NFO,18/10/2022,09:23:54,163.3,163.3,1000,163.6,200,600,512250
NIFTY20OCT2217600PE.NFO,18/10/2022,09:23:55,163.8,163.55,550,163.8,100,1350,512250
NIFTY20OCT2217600PE.NFO,18/10/2022,09:23:56,163.85,163.4,650,163.85,550,550,512250
NIFTY20OCT2217600PE.NFO,18/10/2022,09:23:57,163.7,163.6,900,163.9,100,1300,512250
NIFTY20OCT2217600PE.NFO,18/10/2022,09:23:58,163.6,163.5,200,163.75,50,500,512250
NIFTY20OCT2217600PE.NFO,18/10/2022,09:23:59,163,163.05,150,163.35,50,550,512250
NIFTY20OCT2217600PE.NFO,18/10/2022,09:24:00,162.75,162.5,50,162.9,50,3450,512250
NIFTY20OCT2217600PE.NFO,18/10/2022,09:24:01,161.9,161.85,2250,162.2,50,4150,512250
NIFTY20OCT2217600PE.NFO,18/10/2022,09:24:02,162,162,550,162.3,50,2700,512250
NIFTY20OCT2217600PE.NFO,18/10/2022,09:24:02,161.8,162,550,162.3,50,0,512250
NIFTY20OCT2217600PE.NFO,18/10/2022,09:24:04,163.05,162.6,50,163.1,2100,1600,512250
NIFTY20OCT2217600PE.NFO,18/10/2022,09:24:05,162.35,162.3,50,162.45,50,1200,512250
NIFTY20OCT2217600PE.NFO,18/10/2022,09:24:06,163,163,50,163.2,250,3700,512250
NIFTY20OCT2217600PE.NFO,18/10/2022,09:24:06,163.15,163,50,163.3,50,550,512250
NIFTY20OCT2217600PE.NFO,18/10/2022,09:24:07,163.05,162.9,1050,163.3,150,400,512250
NIFTY20OCT2217600PE.NFO,18/10/2022,09:24:08,163.3,163.3,50,163.7,1000,1300,512250
NIFTY20OCT2217600PE.NFO,18/10/2022,09:24:09,163.55,163.35,50,163.75,50,5100,512250
NIFTY20OCT2217600PE.NFO,18/10/2022,09:24:11,163.45,163.35,50,163.7,50,650,512250
NIFTY20OCT2217600PE.NFO,18/10/2022,09:24:12,162.85,162.75,150,163.05,50,600,512250
NIFTY20OCT2217600PE.NFO,18/10/2022,09:24:13,163.35,162.75,50,163.1,50,1100,512250
NIFTY20OCT2217600PE.NFO,18/10/2022,09:24:14,163,162.8,650,163.1,100,6000,512250
NIFTY20OCT2217600PE.NFO,18/10/2022,09:24:14,162.85,162.35,200,162.7,150,2600,512250
NIFTY20OCT2217600PE.NFO,18/10/2022,09:24:15,163.05,162.65,200,163,100,1450,512250
NIFTY20OCT2217600PE.NFO,18/10/2022,09:24:16,162.3,162.15,200,162.5,200,2450,512250
NIFTY20OCT2217600PE.NFO,18/10/2022,09:24:17,162.95,162.95,50,163.3,200,4100,512250
NIFTY20OCT2217600PE.NFO,18/10/2022,09:24:19,162.5,162.25,200,162.6,200,1650,512250
NIFTY20OCT2217600PE.NFO,18/10/2022,09:24:20,163.05,162.75,50,163.05,150,1500,512250
NIFTY20OCT2217600PE.NFO,18/10/2022,09:24:21,162.35,162.35,200,162.65,250,450,512250
NIFTY20OCT2217600PE.NFO,18/10/2022,09:24:21,162.2,162.15,150,162.45,50,1500,512250
NIFTY20OCT2217600PE.NFO,18/10/2022,09:24:23,162.2,162.25,150,162.5,100,300,512250
NIFTY20OCT2217600PE.NFO,18/10/2022,09:24:24,162.4,162.15,100,162.5,100,600,512250
NIFTY20OCT2217600PE.NFO,18/10/2022,09:24:24,162.25,162.4,100,162.5,50,200,512250
NIFTY20OCT2217600PE.NFO,18/10/2022,09:24:25,162.45,162.4,100,162.6,450,3600,512250
NIFTY20OCT2217600PE.NFO,18/10/2022,09:24:26,162.25,162.2,350,162.45,50,1500,512250
NIFTY20OCT2217600PE.NFO,18/10/2022,09:24:28,162.3,162,700,162.35,200,1000,512250
NIFTY20OCT2217600PE.NFO,18/10/2022,09:24:29,162.35,162.15,200,162.4,200,1250,512250
NIFTY20OCT2217600PE.NFO,18/10/2022,09:24:30,162.6,162.35,100,162.5,200,4800,512250
NIFTY20OCT2217600PE.NFO,18/10/2022,09:24:30,161.65,161.6,700,161.85,50,2550,512250
NIFTY20OCT2217600PE.NFO,18/10/2022,09:24:30,161.65,161.6,700,161.85,50,0,512250
NIFTY20OCT2217600PE.NFO,18/10/2022,09:24:31,161.85,161.85,800,162.3,200,850,512250
NIFTY20OCT2217600PE.NFO,18/10/2022,09:24:32,161.9,161.6,1950,161.95,100,1800,512250
NIFTY20OCT2217600PE.NFO,18/10/2022,09:24:33,162,161.4,350,161.8,50,5350,512250
NIFTY20OCT2217600PE.NFO,18/10/2022,09:24:33,161.4,161.4,350,161.8,50,0,512250
NIFTY20OCT2217600PE.NFO,18/10/2022,09:24:35,161.8,161.35,200,161.75,100,450,512250
NIFTY20OCT2217600PE.NFO,18/10/2022,09:24:36,161.75,161.6,50,161.85,100,1750,512250
NIFTY20OCT2217600PE.NFO,18/10/2022,09:24:36,161.35,161.6,50,161.85,100,0,512250
NIFTY20OCT2217600PE.NFO,18/10/2022,09:24:37,161.05,161,2400,161.25,50,2500,512250
NIFTY20OCT2217600PE.NFO,18/10/2022,09:24:37,161,161,2400,161.25,50,0,512250
NIFTY20OCT2217600PE.NFO,18/10/2022,09:24:38,161,160.5,600,160.9,100,3700,512250
NIFTY20OCT2217600PE.NFO,18/10/2022,09:24:38,160.6,160.5,600,160.9,100,0,512250
NIFTY20OCT2217600PE.NFO,18/10/2022,09:24:39,161.15,160.55,150,160.95,100,5500,512250
NIFTY20OCT2217600PE.NFO,18/10/2022,09:24:39,160.4,160.55,150,160.95,100,0,512250
NIFTY20OCT2217600PE.NFO,18/10/2022,09:24:40,160.8,160.65,50,160.9,100,300,512250
NIFTY20OCT2217600PE.NFO,18/10/2022,09:24:41,160.95,160.95,50,161.2,50,2800,512250
NIFTY20OCT2217600PE.NFO,18/10/2022,09:24:42,160.8,160.7,1050,161.2,350,900,512250
NIFTY20OCT2217600PE.NFO,18/10/2022,09:24:43,160.55,160.9,250,161.3,50,850,512250
NIFTY20OCT2217600PE.NFO,18/10/2022,09:24:44,161.8,161.45,150,161.8,350,2650,512250
NIFTY20OCT2217600PE.NFO,18/10/2022,09:24:45,161.8,161.65,250,161.8,150,250,512250
NIFTY20OCT2217600PE.NFO,18/10/2022,09:24:47,161.8,161.65,50,161.9,150,1400,512250
NIFTY20OCT2217600PE.NFO,18/10/2022,09:24:48,161.7,161.4,200,161.65,150,2900,512250
NIFTY20OCT2217600PE.NFO,18/10/2022,09:24:49,162,161.65,50,162,100,5200,512250
NIFTY20OCT2217600PE.NFO,18/10/2022,09:24:50,161.25,161.25,150,161.6,50,1550,512250
NIFTY20OCT2217600PE.NFO,18/10/2022,09:24:51,161.35,161.35,150,161.65,50,1800,512250
NIFTY20OCT2217600PE.NFO,18/10/2022,09:24:52,161.4,161.25,850,161.65,100,1050,512250
NIFTY20OCT2217600PE.NFO,18/10/2022,09:24:53,161,161,750,161.25,150,500,512250
NIFTY20OCT2217600PE.NFO,18/10/2022,09:24:54,160.65,160.25,200,160.5,50,4800,512250
NIFTY20OCT2217600PE.NFO,18/10/2022,09:24:54,160.2,160.25,200,160.5,50,0,512250
NIFTY20OCT2217600PE.NFO,18/10/2022,09:24:56,160.6,160.3,250,160.75,800,1350,512250
NIFTY20OCT2217600PE.NFO,18/10/2022,09:24:57,160.9,160.55,50,160.9,50,3350,512250
NIFTY20OCT2217600PE.NFO,18/10/2022,09:24:57,160.95,160.6,150,160.85,50,600,512250
NIFTY20OCT2217600PE.NFO,18/10/2022,09:24:59,160.65,160.55,200,160.9,650,900,512250
NIFTY20OCT2217600PE.NFO,18/10/2022,09:25:00,161.05,160.7,1650,161.1,50,2050,512250
NIFTY20OCT2217600PE.NFO,18/10/2022,09:25:01,161.15,160.6,1550,161.1,350,3800,512250
NIFTY20OCT2217600PE.NFO,18/10/2022,09:25:01,161.15,161.15,800,161.4,50,0,512250
NIFTY20OCT2217600PE.NFO,18/10/2022,09:25:02,161.5,161.05,50,161.4,50,1900,512250
NIFTY20OCT2217600PE.NFO,18/10/2022,09:25:03,161.65,161.85,50,162.15,600,7100,512250
NIFTY20OCT2217600PE.NFO,18/10/2022,09:25:05,162.4,162.65,150,162.9,1100,2300,512250
NIFTY20OCT2217600PE.NFO,18/10/2022,09:25:06,163.8,163.45,200,163.75,50,5150,512250
NIFTY20OCT2217600PE.NFO,18/10/2022,09:25:07,163.6,163.35,50,163.7,150,1150,512250
NIFTY20OCT2217600PE.NFO,18/10/2022,09:25:07,163.6,163.2,50,163.5,50,0,512250
NIFTY20OCT2217600PE.NFO,18/10/2022,09:25:08,164,163.65,50,163.95,50,5200,512250
NIFTY20OCT2217600PE.NFO,18/10/2022,09:25:09,164.8,164.6,50,164.9,1000,2000,512250
NIFTY20OCT2217600PE.NFO,18/10/2022,09:25:10,164.8,164.7,50,164.95,150,2400,512250
NIFTY20OCT2217600PE.NFO,18/10/2022,09:25:11,165,164.8,150,165,1800,850,512250
NIFTY20OCT2217600PE.NFO,18/10/2022,09:25:13,164,163.55,300,163.95,50,6100,512250
NIFTY20OCT2217600PE.NFO,18/10/2022,09:25:14,163.85,163.5,50,163.8,50,1150,512250
NIFTY20OCT2217600PE.NFO,18/10/2022,09:25:14,164.1,164,50,164.3,50,600,512250
NIFTY20OCT2217600PE.NFO,18/10/2022,09:25:16,164.8,164.6,100,164.8,100,850,512250
NIFTY20OCT2217600PE.NFO,18/10/2022,09:25:17,165.85,165.9,50,165.95,50,5950,512250
NIFTY20OCT2217600PE.NFO,18/10/2022,09:25:18,165.45,165.1,350,165.5,850,5900,512250
NIFTY20OCT2217600PE.NFO,18/10/2022,09:25:20,165,165,1250,165.15,50,3450,512250
NIFTY20OCT2217600PE.NFO,18/10/2022,09:25:21,164.4,164.5,50,164.8,50,8000,512250
NIFTY20OCT2217600PE.NFO,18/10/2022,09:25:22,164.75,164.55,100,164.85,250,3700,512250
NIFTY20OCT2217600PE.NFO,18/10/2022,09:25:23,165,164.55,50,164.85,50,2150,512250
NIFTY20OCT2217600PE.NFO,18/10/2022,09:25:24,164.9,164.55,100,164.9,50,250,512250
NIFTY20OCT2217600PE.NFO,18/10/2022,09:25:25,164.5,164.45,50,164.7,150,4550,512250
NIFTY20OCT2217600PE.NFO,18/10/2022,09:25:25,164.8,164.35,50,164.75,550,200,512250
NIFTY20OCT2217600PE.NFO,18/10/2022,09:25:26,164.85,164.45,50,164.85,850,700,512250
NIFTY20OCT2217600PE.NFO,18/10/2022,09:25:27,164.85,164.15,50,164.45,50,1550,512250
NIFTY20OCT2217600PE.NFO,18/10/2022,09:25:29,163,162.9,100,163.2,100,4250,512250
NIFTY20OCT2217600PE.NFO,18/10/2022,09:25:30,163.65,163.6,2150,164,100,1350,512250
NIFTY20OCT2217600PE.NFO,18/10/2022,09:25:31,163.1,163.05,200,163.4,150,2250,512250
NIFTY20OCT2217600PE.NFO,18/10/2022,09:25:31,163.4,163,150,163.45,1300,100,512250
NIFTY20OCT2217600PE.NFO,18/10/2022,09:25:32,163.3,163.2,700,163.55,100,1350,512250
NIFTY20OCT2217600PE.NFO,18/10/2022,09:25:33,164.05,163.9,650,164.3,200,2050,512250
NIFTY20OCT2217600PE.NFO,18/10/2022,09:25:35,164.45,164.65,100,164.95,200,2200,512250
NIFTY20OCT2217600PE.NFO,18/10/2022,09:25:36,164.4,164.45,50,164.7,100,200,512250
NIFTY20OCT2217600PE.NFO,18/10/2022,09:25:37,164.6,164.15,50,164.6,1950,2700,512250
NIFTY20OCT2217600PE.NFO,18/10/2022,09:25:37,164.6,164.4,200,164.75,150,0,512250
NIFTY20OCT2217600PE.NFO,18/10/2022,09:25:38,164.05,163.6,250,163.95,50,1200,512250
NIFTY20OCT2217600PE.NFO,18/10/2022,09:25:39,163.7,164.1,250,164.4,50,2800,512250
NIFTY20OCT2217600PE.NFO,18/10/2022,09:25:40,163.7,163.6,50,163.95,200,150,512250
NIFTY20OCT2217600PE.NFO,18/10/2022,09:25:41,163.8,163.75,50,164.05,150,350,512250
NIFTY20OCT2217600PE.NFO,18/10/2022,09:25:42,163.5,163.65,50,163.95,100,350,512250
NIFTY20OCT2217600PE.NFO,18/10/2022,09:25:43,163.55,163.1,300,163.45,50,2000,512250
NIFTY20OCT2217600PE.NFO,18/10/2022,09:25:45,164.35,164.3,50,164.45,100,1700,512250
NIFTY20OCT2217600PE.NFO,18/10/2022,09:25:46,164.35,163.9,50,164.25,150,400,512250
NIFTY20OCT2217600PE.NFO,18/10/2022,09:25:47,164.6,164.6,50,164.75,100,950,512250
NIFTY20OCT2217600PE.NFO,18/10/2022,09:25:48,165,165.15,50,165.45,50,3650,512250
NIFTY20OCT2217600PE.NFO,18/10/2022,09:25:48,164.8,164.9,900,165.3,250,200,512250
NIFTY20OCT2217600PE.NFO,18/10/2022,09:25:49,164.6,164.55,900,164.95,50,1100,512250
NIFTY20OCT2217600PE.NFO,18/10/2022,09:25:50,164.65,164.4,50,164.65,50,100,512250
NIFTY20OCT2217600PE.NFO,18/10/2022,09:25:51,164.4,164.45,50,164.75,100,2100,512250
NIFTY20OCT2217600PE.NFO,18/10/2022,09:25:53,165,165.15,200,165.45,200,1750,512250
NIFTY20OCT2217600PE.NFO,18/10/2022,09:25:54,165.45,165.25,50,165.45,50,850,512250
NIFTY20OCT2217600PE.NFO,18/10/2022,09:25:55,164.85,164.85,150,165.15,100,1100,512250
NIFTY20OCT2217600PE.NFO,18/10/2022,09:25:55,165.35,165,50,165.35,450,200,512250
NIFTY20OCT2217600PE.NFO,18/10/2022,09:25:56,164.85,164.75,50,165.1,250,950,512250
NIFTY20OCT2217600PE.NFO,18/10/2022,09:25:57,164.7,164.7,50,165.05,150,650,512250
NIFTY20OCT2217600PE.NFO,18/10/2022,09:25:58,164.3,164.3,150,164.6,100,1250,512250
NIFTY20OCT2217600PE.NFO,18/10/2022,09:25:59,164.2,163.85,50,164.25,100,1650,512250
NIFTY20OCT2217600PE.NFO,18/10/2022,09:26:00,163.2,163.1,100,163.2,50,1550,512250
NIFTY20OCT2217600PE.NFO,18/10/2022,09:26:02,162.85,162.7,1100,163.1,50,3200,512250
NIFTY20OCT2217600PE.NFO,18/10/2022,09:26:03,163,163.35,50,163.45,50,950,512250
NIFTY20OCT2217600PE.NFO,18/10/2022,09:26:04,163.55,163.65,50,163.9,50,100,512250
NIFTY20OCT2217600PE.NFO,18/10/2022,09:26:05,163.8,163.95,850,164.35,50,550,512250
NIFTY20OCT2217600PE.NFO,18/10/2022,09:26:05,164.85,164.4,250,164.7,150,150,512250
NIFTY20OCT2217600PE.NFO,18/10/2022,09:26:06,164.4,164.15,50,164.45,200,200,512250
NIFTY20OCT2217600PE.NFO,18/10/2022,09:26:07,164.1,164.15,150,164.5,150,250,512250
NIFTY20OCT2217600PE.NFO,18/10/2022,09:26:09,164.8,164.65,50,164.8,200,2200,512250
NIFTY20OCT2217600PE.NFO,18/10/2022,09:26:10,164.5,164.45,50,164.75,150,400,512250
NIFTY20OCT2217600PE.NFO,18/10/2022,09:26:11,164.85,164.7,750,165,1400,700,512250
NIFTY20OCT2217600PE.NFO,18/10/2022,09:26:12,165.9,165.75,200,166,4200,4800,512250
NIFTY20OCT2217600PE.NFO,18/10/2022,09:26:13,164.75,164.45,50,164.75,300,1200,512250
NIFTY20OCT2217600PE.NFO,18/10/2022,09:26:14,164.5,165.1,50,165.45,200,4100,512250
NIFTY20OCT2217600PE.NFO,18/10/2022,09:26:15,164.35,164.55,50,164.9,100,850,512250
NIFTY20OCT2217600PE.NFO,18/10/2022,09:26:16,164.9,164.7,200,165.1,850,2000,512250
NIFTY20OCT2217600PE.NFO,18/10/2022,09:26:18,165,164.95,50,165.2,50,600,512250
NIFTY20OCT2217600PE.NFO,18/10/2022,09:26:19,165.35,164.75,50,165,150,550,512250
NIFTY20OCT2217600PE.NFO,18/10/2022,09:26:20,165,164.7,50,165,100,100,512250
NIFTY20OCT2217600PE.NFO,18/10/2022,09:26:21,165.15,165.1,200,165.45,1350,850,512250
NIFTY20OCT2217600PE.NFO,18/10/2022,09:26:21,165.2,164.95,50,165.25,100,300,512250
NIFTY20OCT2217600PE.NFO,18/10/2022,09:26:22,166,165.9,200,166.05,50,6150,512250
NIFTY20OCT2217600PE.NFO,18/10/2022,09:26:23,166,165.6,200,165.85,50,950,512250
NIFTY20OCT2217600PE.NFO,18/10/2022,09:26:25,166.55,166.7,50,166.95,300,1600,512250
NIFTY20OCT2217600PE.NFO,18/10/2022,09:26:26,167.15,166.9,50,167.15,50,750,512250
NIFTY20OCT2217600PE.NFO,18/10/2022,09:26:27,167.25,167.1,200,167.4,50,3350,512250
NIFTY20OCT2217600PE.NFO,18/10/2022,09:26:28,167.65,167.4,200,167.65,200,1900,512250
NIFTY20OCT2217600PE.NFO,18/10/2022,09:26:29,166.75,167.1,350,167.4,850,9150,512250
NIFTY20OCT2217600PE.NFO,18/10/2022,09:26:30,167.95,167.6,100,167.95,150,2200,512250
NIFTY20OCT2217600PE.NFO,18/10/2022,09:26:31,168.1,168.2,550,168.6,50,3150,512250
NIFTY20OCT2217600PE.NFO,18/10/2022,09:26:33,168.2,167.8,200,168.1,150,1600,633750
NIFTY20OCT2217600PE.NFO,18/10/2022,09:26:34,168.4,168.2,550,168.6,200,2700,633750
NIFTY20OCT2217600PE.NFO,18/10/2022,09:26:35,167.05,167.1,250,167.45,150,3650,633750
NIFTY20OCT2217600PE.NFO,18/10/2022,09:26:36,166.85,166.55,50,166.85,200,1850,633750
NIFTY20OCT2217600PE.NFO,18/10/2022,09:26:36,166.9,166.4,50,166.85,50,1450,633750
NIFTY20OCT2217600PE.NFO,18/10/2022,09:26:37,167.65,167.35,50,167.65,150,900,633750
NIFTY20OCT2217600PE.NFO,18/10/2022,09:26:39,166.75,166.4,50,166.8,1600,750,633750
NIFTY20OCT2217600PE.NFO,18/10/2022,09:26:40,166.3,166.35,200,166.7,50,3950,633750
NIFTY20OCT2217600PE.NFO,18/10/2022,09:26:41,167.4,167,50,167.35,50,1100,633750
NIFTY20OCT2217600PE.NFO,18/10/2022,09:26:42,166.6,166.5,200,166.6,1150,2800,633750
NIFTY20OCT2217600PE.NFO,18/10/2022,09:26:42,166.6,166.45,50,166.8,50,1350,633750
NIFTY20OCT2217600PE.NFO,18/10/2022,09:26:43,166.6,166.35,50,166.7,150,350,633750
NIFTY20OCT2217600PE.NFO,18/10/2022,09:26:45,166.75,166.75,300,167,200,1900,633750
NIFTY20OCT2217600PE.NFO,18/10/2022,09:26:46,167.05,167.15,50,167.5,50,1000,633750
NIFTY20OCT2217600PE.NFO,18/10/2022,09:26:47,167.15,166.8,50,167.15,50,900,633750
NIFTY20OCT2217600PE.NFO,18/10/2022,09:26:48,166.6,166.4,200,166.55,100,1200,633750
NIFTY20OCT2217600PE.NFO,18/10/2022,09:26:49,166.6,166.8,250,166.95,250,550,633750
NIFTY20OCT2217600PE.NFO,18/10/2022,09:26:49,166.8,166.8,200,167,1550,150,633750
NIFTY20OCT2217600PE.NFO,18/10/2022,09:26:50,167.3,166.6,250,167,1950,2700,633750
NIFTY20OCT2217600PE.NFO,18/10/2022,09:26:52,166.55,166.4,200,166.7,250,400,633750
NIFTY20OCT2217600PE.NFO,18/10/2022,09:26:53,167.1,166.75,100,167.15,1300,400,633750
NIFTY20OCT2217600PE.NFO,18/10/2022,09:26:54,166.9,166.85,150,167.25,900,550,633750
NIFTY20OCT2217600PE.NFO,18/10/2022,09:26:55,166.8,166.6,50,166.9,50,400,633750
NIFTY20OCT2217600PE.NFO,18/10/2022,09:26:56,166.75,166.6,50,166.95,1000,800,633750
NIFTY20OCT2217600PE.NFO,18/10/2022,09:26:57,166.7,166.1,50,166.4,200,400,633750
NIFTY20OCT2217600PE.NFO,18/10/2022,09:26:57,166.45,166.55,50,166.85,200,50,633750
NIFTY20OCT2217600PE.NFO,18/10/2022,09:26:58,166.85,166.35,150,166.8,100,1350,633750
NIFTY20OCT2217600PE.NFO,18/10/2022,09:26:59,166.9,166.9,50,167,1550,300,633750
NIFTY20OCT2217600PE.NFO,18/10/2022,09:27:00,167.25,166.65,150,167,50,1700,633750
NIFTY20OCT2217600PE.NFO,18/10/2022,09:27:01,166.7,166.9,50,167.25,150,150,633750
NIFTY20OCT2217600PE.NFO,18/10/2022,09:27:02,167.2,167.2,50,167.55,50,1200,633750
NIFTY20OCT2217600PE.NFO,18/10/2022,09:27:03,167.2,167.15,50,167.35,200,2300,633750
NIFTY20OCT2217600PE.NFO,18/10/2022,09:27:04,167.65,167.45,100,167.75,150,950,633750
NIFTY20OCT2217600PE.NFO,18/10/2022,09:27:05,168.75,168.55,50,168.8,150,1650,633750
NIFTY20OCT2217600PE.NFO,18/10/2022,09:27:06,168.9,168.65,50,169,2400,450,633750
NIFTY20OCT2217600PE.NFO,18/10/2022,09:27:07,169.2,168.8,200,169.05,50,2600,633750
NIFTY20OCT2217600PE.NFO,18/10/2022,09:27:09,169,168.85,50,169.05,250,2150,633750
NIFTY20OCT2217600PE.NFO,18/10/2022,09:27:10,168.9,168.95,200,169.2,50,650,633750
NIFTY20OCT2217600PE.NFO,18/10/2022,09:27:11,169.2,169,350,169.3,200,400,633750
NIFTY20OCT2217600PE.NFO,18/10/2022,09:27:12,169.65,169.3,50,169.65,150,1900,633750
NIFTY20OCT2217600PE.NFO,18/10/2022,09:27:13,169,168.85,50,169.15,100,600,633750
NIFTY20OCT2217600PE.NFO,18/10/2022,09:27:13,168.6,168.45,100,168.9,150,300,633750
NIFTY20OCT2217600PE.NFO,18/10/2022,09:27:14,169.2,169.25,50,169.6,200,1350,633750
NIFTY20OCT2217600PE.NFO,18/10/2022,09:27:15,169.35,169,250,169.3,450,300,633750
NIFTY20OCT2217600PE.NFO,18/10/2022,09:27:16,169.2,169.05,50,169.4,250,1450,633750
NIFTY20OCT2217600PE.NFO,18/10/2022,09:27:17,169,168.75,50,169.05,150,2300,633750
NIFTY20OCT2217600PE.NFO,18/10/2022,09:27:18,168.65,168.85,50,169,100,3650,633750
NIFTY20OCT2217600PE.NFO,18/10/2022,09:27:20,169.6,168.6,850,169,500,1950,633750
NIFTY20OCT2217600PE.NFO,18/10/2022,09:27:21,168.55,168,50,168.2,50,350,633750
NIFTY20OCT2217600PE.NFO,18/10/2022,09:27:22,167.5,167.35,50,167.75,200,4400,633750
NIFTY20OCT2217600PE.NFO,18/10/2022,09:27:23,167.7,167.25,100,167.55,50,150,633750
NIFTY20OCT2217600PE.NFO,18/10/2022,09:27:24,167.3,166.95,200,167.3,350,4500,633750
NIFTY20OCT2217600PE.NFO,18/10/2022,09:27:24,167.3,166.75,200,167.25,650,0,633750
NIFTY20OCT2217600PE.NFO,18/10/2022,09:27:25,166.3,166.55,1000,166.95,650,1750,633750
NIFTY20OCT2217600PE.NFO,18/10/2022,09:27:27,166.3,166.25,200,166.7,1400,750,633750
NIFTY20OCT2217600PE.NFO,18/10/2022,09:27:27,166,165.65,150,166.1,50,4200,633750
NIFTY20OCT2217600PE.NFO,18/10/2022,09:27:29,165.15,165.4,1100,165.8,550,2000,633750
NIFTY20OCT2217600PE.NFO,18/10/2022,09:27:30,165.4,165.45,50,165.8,50,300,633750
NIFTY20OCT2217600PE.NFO,18/10/2022,09:27:31,166.45,166.2,250,166.5,50,2150,633750
NIFTY20OCT2217600PE.NFO,18/10/2022,09:27:32,166.65,166.75,50,167.1,50,3700,633750
NIFTY20OCT2217600PE.NFO,18/10/2022,09:27:33,165.7,165.45,50,165.75,50,2100,633750
NIFTY20OCT2217600PE.NFO,18/10/2022,09:27:34,165.55,165.55,400,165.9,50,400,633750
NIFTY20OCT2217600PE.NFO,18/10/2022,09:27:35,166.05,166,100,166.3,50,2550,633750
NIFTY20OCT2217600PE.NFO,18/10/2022,09:27:35,166.05,165.65,50,166.05,50,0,633750
NIFTY20OCT2217600PE.NFO,18/10/2022,09:27:36,165.8,165.7,50,166,200,50,633750
NIFTY20OCT2217600PE.NFO,18/10/2022,09:27:37,166.05,165.85,50,166.2,200,350,633750
NIFTY20OCT2217600PE.NFO,18/10/2022,09:27:39,165.85,165.55,200,165.85,50,400,633750
NIFTY20OCT2217600PE.NFO,18/10/2022,09:27:40,166.75,166.7,50,167,200,350,633750
NIFTY20OCT2217600PE.NFO,18/10/2022,09:27:41,166.3,166.55,50,166.9,50,450,633750
NIFTY20OCT2217600PE.NFO,18/10/2022,09:27:42,166.45,166.4,50,166.7,50,900,633750
NIFTY20OCT2217600PE.NFO,18/10/2022,09:27:43,166.75,165.9,50,166.3,1500,1750,633750
NIFTY20OCT2217600PE.NFO,18/10/2022,09:27:44,166.75,166.4,50,166.75,200,650,633750
NIFTY20OCT2217600PE.NFO,18/10/2022,09:27:44,167.6,167.6,50,167.8,100,700,633750
NIFTY20OCT2217600PE.NFO,18/10/2022,09:27:45,167.9,167.25,1000,167.55,50,900,633750
NIFTY20OCT2217600PE.NFO,18/10/2022,09:27:47,167.1,167.1,350,167.4,50,1450,633750
NIFTY20OCT2217600PE.NFO,18/10/2022,09:27:48,167.5,167.05,50,167.4,50,100,633750
NIFTY20OCT2217600PE.NFO,18/10/2022,09:27:49,168.5,168.25,50,168.5,50,2000,633750
NIFTY20OCT2217600PE.NFO,18/10/2022,09:27:50,168.25,168.15,50,168.45,200,150,633750
NIFTY20OCT2217600PE.NFO,18/10/2022,09:27:51,168.5,168.25,50,168.45,200,200,633750
NIFTY20OCT2217600PE.NFO,18/10/2022,09:27:52,168.2,168.05,50,168.35,50,200,633750
NIFTY20OCT2217600PE.NFO,18/10/2022,09:27:53,168.15,168,50,168.3,150,100,633750
NIFTY20OCT2217600PE.NFO,18/10/2022,09:27:54,168.3,168,50,168.3,150,100,633750
NIFTY20OCT2217600PE.NFO,18/10/2022,09:27:55,167.5,167.15,50,167.5,100,6800,633750
NIFTY20OCT2217600PE.NFO,18/10/2022,09:27:55,167.5,167.15,300,167.45,200,0,633750
NIFTY20OCT2217600PE.NFO,18/10/2022,09:27:56,168,167.75,50,168.05,150,300,633750
NIFTY20OCT2217600PE.NFO,18/10/2022,09:27:57,168.1,167.9,100,168.2,1550,250,633750
NIFTY20OCT2217600PE.NFO,18/10/2022,09:27:59,168.25,168,50,168.25,50,200,633750
NIFTY20OCT2217600PE.NFO,18/10/2022,09:28:00,168.35,168.2,100,168.55,150,100,633750
NIFTY20OCT2217600PE.NFO,18/10/2022,09:28:01,168.1,168.15,50,168.5,200,650,633750
NIFTY20OCT2217600PE.NFO,18/10/2022,09:28:01,169.15,168.7,50,169.05,50,950,633750
NIFTY20OCT2217600PE.NFO,18/10/2022,09:28:02,168.75,168.55,50,168.85,50,400,633750
NIFTY20OCT2217600PE.NFO,18/10/2022,09:28:03,169,168.8,50,169.1,50,150,633750
NIFTY20OCT2217600PE.NFO,18/10/2022,09:28:04,168.6,168.4,50,168.8,200,700,633750
NIFTY20OCT2217600PE.NFO,18/10/2022,09:28:06,168.1,168.3,50,168.6,50,550,633750
NIFTY20OCT2217600PE.NFO,18/10/2022,09:28:07,168.85,168.55,50,168.85,250,1450,633750
NIFTY20OCT2217600PE.NFO,18/10/2022,09:28:08,168.7,168.75,50,169.1,50,400,633750
NIFTY20OCT2217600PE.NFO,18/10/2022,09:28:09,169.35,169.15,50,169.5,200,450,633750
NIFTY20OCT2217600PE.NFO,18/10/2022,09:28:10,169.5,169.4,50,169.6,5650,350,633750
NIFTY20OCT2217600PE.NFO,18/10/2022,09:28:10,169.4,169.4,50,169.6,5650,50,633750
NIFTY20OCT2217600PE.NFO,18/10/2022,09:28:11,169.4,169.4,50,169.75,50,7050,633750
NIFTY20OCT2217600PE.NFO,18/10/2022,09:28:12,169.85,169.4,100,169.8,100,1400,633750
NIFTY20OCT2217600PE.NFO,18/10/2022,09:28:14,169.95,169.6,300,169.95,400,1100,633750
NIFTY20OCT2217600PE.NFO,18/10/2022,09:28:15,169.9,169.65,100,169.95,300,1100,633750
NIFTY20OCT2217600PE.NFO,18/10/2022,09:28:16,169.9,169.95,50,170.35,250,3100,633750
NIFTY20OCT2217600PE.NFO,18/10/2022,09:28:17,170.3,169.9,200,170.25,200,550,633750
NIFTY20OCT2217600PE.NFO,18/10/2022,09:28:17,170,170.15,200,170.4,150,950,633750
NIFTY20OCT2217600PE.NFO,18/10/2022,09:28:18,170.05,170.05,100,170.35,100,2500,633750
NIFTY20OCT2217600PE.NFO,18/10/2022,09:28:19,169.9,169.9,100,170.1,50,400,633750
NIFTY20OCT2217600PE.NFO,18/10/2022,09:28:20,169.65,169.8,50,170.1,100,400,633750
NIFTY20OCT2217600PE.NFO,18/10/2022,09:28:22,169.75,169.5,50,169.85,100,800,633750
NIFTY20OCT2217600PE.NFO,18/10/2022,09:28:23,170,170.05,50,170.35,100,500,633750
NIFTY20OCT2217600PE.NFO,18/10/2022,09:28:24,169.8,170,150,170.45,150,3150,633750
NIFTY20OCT2217600PE.NFO,18/10/2022,09:28:25,170,169.85,150,170.2,50,1000,633750
NIFTY20OCT2217600PE.NFO,18/10/2022,09:28:26,170.25,169.85,100,170.2,50,450,633750
NIFTY20OCT2217600PE.NFO,18/10/2022,09:28:26,170.25,169.85,250,170.25,50,100,633750
NIFTY20OCT2217600PE.NFO,18/10/2022,09:28:27,170.2,169.85,100,170.2,150,400,633750
NIFTY20OCT2217600PE.NFO,18/10/2022,09:28:29,169.95,169.75,50,169.9,50,800,633750
NIFTY20OCT2217600PE.NFO,18/10/2022,09:28:30,169.3,169.4,200,169.65,650,900,633750
NIFTY20OCT2217600PE.NFO,18/10/2022,09:28:31,170,169.6,200,169.95,300,400,633750
NIFTY20OCT2217600PE.NFO,18/10/2022,09:28:32,169.5,169.45,100,169.8,50,600,633750
NIFTY20OCT2217600PE.NFO,18/10/2022,09:28:33,169.95,169.7,550,169.95,50,550,633750
NIFTY20OCT2217600PE.NFO,18/10/2022,09:28:34,170,169.8,750,170.2,350,850,633750
NIFTY20OCT2217600PE.NFO,18/10/2022,09:28:34,169.6,169.6,350,170,250,1100,633750
NIFTY20OCT2217600PE.NFO,18/10/2022,09:28:35,169.65,169.4,200,169.65,100,100,633750
NIFTY20OCT2217600PE.NFO,18/10/2022,09:28:37,169.1,168.85,450,169.15,150,2000,633750
NIFTY20OCT2217600PE.NFO,18/10/2022,09:28:38,170.2,169.75,50,170.15,250,350,633750
NIFTY20OCT2217600PE.NFO,18/10/2022,09:28:39,169.8,169.8,100,170.2,2100,200,633750
NIFTY20OCT2217600PE.NFO,18/10/2022,09:28:40,170,169.55,100,169.9,200,450,633750
NIFTY20OCT2217600PE.NFO,18/10/2022,09:28:41,169.95,169.6,200,169.85,100,200,633750
NIFTY20OCT2217600PE.NFO,18/10/2022,09:28:42,169.45,169.65,100,169.95,400,650,633750
NIFTY20OCT2217600PE.NFO,18/10/2022,09:28:43,169.6,169.55,100,169.9,300,3200,633750
NIFTY20OCT2217600PE.NFO,18/10/2022,09:28:44,169.75,169.5,1000,169.75,50,300,633750
NIFTY20OCT2217600PE.NFO,18/10/2022,09:28:45,169.5,169.35,50,169.75,450,1050,633750
NIFTY20OCT2217600PE.NFO,18/10/2022,09:28:46,169.5,169.6,400,170,1450,1750,633750
NIFTY20OCT2217600PE.NFO,18/10/2022,09:28:47,169.7,169.6,200,169.8,50,1350,633750
NIFTY20OCT2217600PE.NFO,18/10/2022,09:28:48,170.25,170.1,50,170.5,350,1550,633750
NIFTY20OCT2217600PE.NFO,18/10/2022,09:28:49,170.05,169.9,50,170.15,100,1000,633750
NIFTY20OCT2217600PE.NFO,18/10/2022,09:28:50,170.25,169.75,100,170.1,550,2050,633750
NIFTY20OCT2217600PE.NFO,18/10/2022,09:28:50,170.5,170.05,50,170.4,50,1050,633750
NIFTY20OCT2217600PE.NFO,18/10/2022,09:28:51,170.35,170.1,200,170.45,200,200,633750
NIFTY20OCT2217600PE.NFO,18/10/2022,09:28:52,170.4,170.05,50,170.35,150,300,633750
NIFTY20OCT2217600PE.NFO,18/10/2022,09:28:54,170.05,169.65,100,170,50,600,633750
NIFTY20OCT2217600PE.NFO,18/10/2022,09:28:54,169.65,169.7,600,170,200,400,633750
NIFTY20OCT2217600PE.NFO,18/10/2022,09:28:55,169.55,169.65,100,170,200,400,633750
NIFTY20OCT2217600PE.NFO,18/10/2022,09:28:57,169.85,169.55,100,169.9,1000,900,633750
NIFTY20OCT2217600PE.NFO,18/10/2022,09:28:58,169.75,169.25,650,169.45,50,850,633750
NIFTY20OCT2217600PE.NFO,18/10/2022,09:28:59,169.1,168.6,300,169,100,2950,633750
NIFTY20OCT2217600PE.NFO,18/10/2022,09:29:00,168.7,168.65,100,169.05,50,650,633750
NIFTY20OCT2217600PE.NFO,18/10/2022,09:29:00,168.95,168.5,350,168.9,50,100,633750
NIFTY20OCT2217600PE.NFO,18/10/2022,09:29:02,167.7,167.25,150,167.65,100,5600,633750
NIFTY20OCT2217600PE.NFO,18/10/2022,09:29:03,166.8,166.85,100,167.25,50,2100,633750
NIFTY20OCT2217600PE.NFO,18/10/2022,09:29:04,166.95,166.7,100,167.15,150,100,633750
NIFTY20OCT2217600PE.NFO,18/10/2022,09:29:05,165.85,165.85,100,166.25,250,2950,633750
NIFTY20OCT2217600PE.NFO,18/10/2022,09:29:06,165.95,165.45,100,165.8,50,1550,633750
NIFTY20OCT2217600PE.NFO,18/10/2022,09:29:07,166,166.3,100,166.6,200,450,633750
NIFTY20OCT2217600PE.NFO,18/10/2022,09:29:08,165.5,165.5,100,165.8,1000,1450,633750
NIFTY20OCT2217600PE.NFO,18/10/2022,09:29:08,165.35,165.25,250,165.6,2850,250,633750
NIFTY20OCT2217600PE.NFO,18/10/2022,09:29:10,165.95,165.2,1000,165.65,50,3250,633750
NIFTY20OCT2217600PE.NFO,18/10/2022,09:29:11,166.35,166.2,50,166.45,250,600,633750
NIFTY20OCT2217600PE.NFO,18/10/2022,09:29:12,165.7,165.4,400,165.8,200,3250,633750
NIFTY20OCT2217600PE.NFO,18/10/2022,09:29:13,165.6,165.65,50,165.95,150,350,633750
NIFTY20OCT2217600PE.NFO,18/10/2022,09:29:14,166,165.65,50,166.05,100,3050,633750
NIFTY20OCT2217600PE.NFO,18/10/2022,09:29:15,165.95,165.4,100,165.7,50,100,633750
NIFTY20OCT2217600PE.NFO,18/10/2022,09:29:15,165.95,165.45,150,165.8,50,0,633750
NIFTY20OCT2217600PE.NFO,18/10/2022,09:29:16,165.4,165.2,50,165.45,50,150,633750
NIFTY20OCT2217600PE.NFO,18/10/2022,09:29:18,165.5,165.1,50,165.5,400,650,633750
NIFTY20OCT2217600PE.NFO,18/10/2022,09:29:19,164.05,164.45,50,164.8,50,1900,633750
NIFTY20OCT2217600PE.NFO,18/10/2022,09:29:20,164.4,164.15,50,164.35,2850,1400,633750
NIFTY20OCT2217600PE.NFO,18/10/2022,09:29:21,163.75,163.75,50,164.05,50,900,633750
NIFTY20OCT2217600PE.NFO,18/10/2022,09:29:22,164.15,163.8,150,164.15,50,300,633750
NIFTY20OCT2217600PE.NFO,18/10/2022,09:29:23,163.7,163.8,350,164.15,50,6550,633750
NIFTY20OCT2217600PE.NFO,18/10/2022,09:29:24,163.75,164,350,164.35,200,400,633750
NIFTY20OCT2217600PE.NFO,18/10/2022,09:29:25,164.45,164.35,50,164.7,250,600,633750
NIFTY20OCT2217600PE.NFO,18/10/2022,09:29:25,164.25,164.35,50,164.75,1000,550,633750
NIFTY20OCT2217600PE.NFO,18/10/2022,09:29:27,164.85,164.45,50,164.7,100,3650,633750
NIFTY20OCT2217600PE.NFO,18/10/2022,09:29:28,165,164.65,200,165,650,200,633750
NIFTY20OCT2217600PE.NFO,18/10/2022,09:29:29,164.95,164.6,50,164.85,800,3150,633750
NIFTY20OCT2217600PE.NFO,18/10/2022,09:29:30,164.6,164.5,50,164.8,100,100,633750
NIFTY20OCT2217600PE.NFO,18/10/2022,09:29:31,164.9,164.5,50,164.75,100,100,633750
NIFTY20OCT2217600PE.NFO,18/10/2022,09:29:32,164,163.95,50,164.35,150,200,633750
NIFTY20OCT2217600PE.NFO,18/10/2022,09:29:32,164.05,163.9,100,164.25,150,100,624000
NIFTY20OCT2217600PE.NFO,18/10/2022,09:29:33,164,164.15,50,164.35,50,500,624000
NIFTY20OCT2217600PE.NFO,18/10/2022,09:29:34,164.2,164.2,50,164.55,50,500,624000
NIFTY20OCT2217600PE.NFO,18/10/2022,09:29:35,163.3,163.15,50,163.35,50,4600,624000
NIFTY20OCT2217600PE.NFO,18/10/2022,09:29:36,163.5,163.35,50,163.7,50,400,624000
NIFTY20OCT2217600PE.NFO,18/10/2022,09:29:38,163.45,163.3,50,163.55,50,50,624000
NIFTY20OCT2217600PE.NFO,18/10/2022,09:29:38,163.45,163.2,50,163.55,150,150,624000
NIFTY20OCT2217600PE.NFO,18/10/2022,09:29:40,164.25,163.9,50,164.15,250,650,624000
NIFTY20OCT2217600PE.NFO,18/10/2022,09:29:41,164.75,164.65,50,164.8,50,300,624000
NIFTY20OCT2217600PE.NFO,18/10/2022,09:29:41,164.8,164.6,50,164.85,100,3750,624000
NIFTY20OCT2217600PE.NFO,18/10/2022,09:29:43,164.6,164.35,150,164.7,200,1800,624000
NIFTY20OCT2217600PE.NFO,18/10/2022,09:29:43,164.55,164.3,100,164.7,300,350,624000
NIFTY20OCT2217600PE.NFO,18/10/2022,09:29:45,164.05,164.35,150,164.7,250,1000,624000
NIFTY20OCT2217600PE.NFO,18/10/2022,09:29:46,164.4,164.15,100,164.4,200,250,624000
NIFTY20OCT2217600PE.NFO,18/10/2022,09:29:47,164,163.65,100,164.1,900,800,624000
NIFTY20OCT2217600PE.NFO,18/10/2022,09:29:48,164.1,163.9,50,164.2,300,1400,624000
NIFTY20OCT2217600PE.NFO,18/10/2022,09:29:49,164.6,164.55,50,164.8,450,1000,624000
NIFTY20OCT2217600PE.NFO,18/10/2022,09:29:50,164.4,164.8,50,165,850,300,624000
NIFTY20OCT2217600PE.NFO,18/10/2022,09:29:51,164.65,164.45,150,164.55,50,150,624000
NIFTY20OCT2217600PE.NFO,18/10/2022,09:29:52,165,164.95,100,165.2,100,2000,624000
NIFTY20OCT2217600PE.NFO,18/10/2022,09:29:52,164.9,164.55,300,164.9,100,350,624000
NIFTY20OCT2217600PE.NFO,18/10/2022,09:29:53,164.95,164.95,50,165.25,300,450,624000
NIFTY20OCT2217600PE.NFO,18/10/2022,09:29:55,165.25,165.05,50,165.3,50,2400,624000
NIFTY20OCT2217600PE.NFO,18/10/2022,09:29:56,165.4,164.95,50,165.2,50,600,624000
NIFTY20OCT2217600PE.NFO,18/10/2022,09:29:57,164.95,164.95,50,165.05,50,600,624000
NIFTY20OCT2217600PE.NFO,18/10/2022,09:29:58,165.55,165.35,50,165.65,100,1600,624000
NIFTY20OCT2217600PE.NFO,18/10/2022,09:29:59,165.65,165.75,150,165.9,50,1400,624000
NIFTY20OCT2217600PE.NFO,18/10/2022,09:30:00,165.4,165.4,50,165.75,50,3750,624000
NIFTY20OCT2217600PE.NFO,18/10/2022,09:30:01,165.4,165.2,200,165.45,50,2750,624000
NIFTY20OCT2217600PE.NFO,18/10/2022,09:30:01,164.65,164.45,250,164.75,100,300,624000
NIFTY20OCT2217600PE.NFO,18/10/2022,09:30:03,164.25,164.15,50,164.3,150,3000,624000
NIFTY20OCT2217600PE.NFO,18/10/2022,09:30:04,164.05,163.85,250,164.15,50,700,624000
NIFTY20OCT2217600PE.NFO,18/10/2022,09:30:05,163.8,163.7,50,163.75,50,450,624000
NIFTY20OCT2217600PE.NFO,18/10/2022,09:30:06,163.85,163.6,50,163.8,50,700,624000
NIFTY20OCT2217600PE.NFO,18/10/2022,09:30:06,163.65,163.75,50,163.95,50,2200,624000
NIFTY20OCT2217600PE.NFO,18/10/2022,09:30:08,163.8,164.15,100,164.4,50,250,624000
NIFTY20OCT2217600PE.NFO,18/10/2022,09:30:09,165.85,165.85,200,165.95,50,1900,624000
NIFTY20OCT2217600PE.NFO,18/10/2022,09:30:10,165.7,165.65,50,165.95,100,1050,624000
NIFTY20OCT2217600PE.NFO,18/10/2022,09:30:11,165.55,165.6,50,165.85,50,450,624000
NIFTY20OCT2217600PE.NFO,18/10/2022,09:30:12,166.2,166.15,50,166.45,250,1700,624000
NIFTY20OCT2217600PE.NFO,18/10/2022,09:30:13,166.65,166.65,100,166.85,100,5850,624000
NIFTY20OCT2217600PE.NFO,18/10/2022,09:30:14,166.4,166.4,600,166.8,100,3450,624000
NIFTY20OCT2217600PE.NFO,18/10/2022,09:30:14,166.6,166.35,50,166.6,250,100,624000
NIFTY20OCT2217600PE.NFO,18/10/2022,09:30:16,166.35,166.05,50,166.4,50,3150,624000
NIFTY20OCT2217600PE.NFO,18/10/2022,09:30:17,165.15,165.05,250,165.35,50,950,624000
NIFTY20OCT2217600PE.NFO,18/10/2022,09:30:18,165.15,164.65,850,165,100,4150,624000
NIFTY20OCT2217600PE.NFO,18/10/2022,09:30:19,165.1,165.05,650,165.45,50,600,624000
NIFTY20OCT2217600PE.NFO,18/10/2022,09:30:20,164.4,164.1,150,164.5,150,650,624000
NIFTY20OCT2217600PE.NFO,18/10/2022,09:30:21,164.15,164,450,164.25,100,1000,624000
NIFTY20OCT2217600PE.NFO,18/10/2022,09:30:22,164.3,164.05,100,164.3,50,1800,624000
NIFTY20OCT2217600PE.NFO,18/10/2022,09:30:22,164.5,164,500,164.35,250,600,624000
NIFTY20OCT2217600PE.NFO,18/10/2022,09:30:23,163.85,163.5,50,163.75,50,2550,624000
NIFTY20OCT2217600PE.NFO,18/10/2022,09:30:25,163.55,163.3,450,163.6,150,650,624000
NIFTY20OCT2217600PE.NFO,18/10/2022,09:30:26,163.55,163.6,250,163.85,100,600,624000
NIFTY20OCT2217600PE.NFO,18/10/2022,09:30:27,164.4,164.05,50,164.4,100,650,624000
NIFTY20OCT2217600PE.NFO,18/10/2022,09:30:28,164.3,164.2,50,164.5,250,1250,624000
NIFTY20OCT2217600PE.NFO,18/10/2022,09:30:29,164.8,164.4,450,164.6,350,200,624000
NIFTY20OCT2217600PE.NFO,18/10/2022,09:30:29,164.7,164.6,50,164.9,200,300,624000
NIFTY20OCT2217600PE.NFO,18/10/2022,09:30:31,165.9,165.5,50,165.75,400,1200,624000
NIFTY20OCT2217600PE.NFO,18/10/2022,09:30:32,166.1,165.75,50,166.1,450,550,624000
NIFTY20OCT2217600PE.NFO,18/10/2022,09:30:32,166.1,166,50,166.25,50,150,624000
NIFTY20OCT2217600PE.NFO,18/10/2022,09:30:34,166.2,165.9,50,166.2,1850,1850,624000
NIFTY20OCT2217600PE.NFO,18/10/2022,09:30:35,166.1,166.25,150,166.35,150,2900,624000
NIFTY20OCT2217600PE.NFO,18/10/2022,09:30:36,166.05,166.05,150,166.25,100,350,624000
NIFTY20OCT2217600PE.NFO,18/10/2022,09:30:37,166.2,166.05,550,166.35,150,350,624000
NIFTY20OCT2217600PE.NFO,18/10/2022,09:30:38,166.05,166.15,50,166.35,50,700,624000
NIFTY20OCT2217600PE.NFO,18/10/2022,09:30:39,166.05,166.1,2800,166.35,50,0,624000
NIFTY20OCT2217600PE.NFO,18/10/2022,09:30:40,166.1,166.15,150,166.5,550,450,624000
NIFTY20OCT2217600PE.NFO,18/10/2022,09:30:41,166.05,165.75,100,166.15,650,3350,624000
NIFTY20OCT2217600PE.NFO,18/10/2022,09:30:42,164.55,164.65,100,165.1,1950,1400,624000
NIFTY20OCT2217600PE.NFO,18/10/2022,09:30:43,165.8,165.45,50,165.8,200,400,624000
NIFTY20OCT2217600PE.NFO,18/10/2022,09:30:44,166.25,166.3,100,166.5,50,500,624000
NIFTY20OCT2217600PE.NFO,18/10/2022,09:30:45,166.9,166.55,50,166.9,350,650,624000
NIFTY20OCT2217600PE.NFO,18/10/2022,09:30:46,166.3,166.2,50,166.5,850,200,624000
NIFTY20OCT2217600PE.NFO,18/10/2022,09:30:47,166.5,166.25,50,166.6,2300,1750,624000
NIFTY20OCT2217600PE.NFO,18/10/2022,09:30:48,166.05,165.9,300,166.25,50,450,624000
NIFTY20OCT2217600PE.NFO,18/10/2022,09:30:49,166.3,166.2,50,166.5,750,100,624000
NIFTY20OCT2217600PE.NFO,18/10/2022,09:30:50,166.2,165.9,50,166.4,100,150,624000
NIFTY20OCT2217600PE.NFO,18/10/2022,09:30:51,166.7,166.2,550,166.6,600,700,624000
NIFTY20OCT2217600PE.NFO,18/10/2022,09:30:52,166.65,166.35,50,166.65,100,100,624000
NIFTY20OCT2217600PE.NFO,18/10/2022,09:30:53,166.65,166.4,50,166.75,150,450,624000
NIFTY20OCT2217600PE.NFO,18/10/2022,09:30:54,166.05,166.05,100,166.35,150,1350,624000
NIFTY20OCT2217600PE.NFO,18/10/2022,09:30:55,166.7,166.45,100,166.7,300,1900,624000
NIFTY20OCT2217600PE.NFO,18/10/2022,09:30:56,166.7,166.25,150,166.6,50,600,624000
NIFTY20OCT2217600PE.NFO,18/10/2022,09:30:57,166.5,166.15,100,166.45,50,250,624000
NIFTY20OCT2217600PE.NFO,18/10/2022,09:30:58,166.9,166.75,50,167.1,1850,1300,624000
NIFTY20OCT2217600PE.NFO,18/10/2022,09:30:59,167.1,167.1,50,167.3,150,200,624000
NIFTY20OCT2217600PE.NFO,18/10/2022,09:31:00,167.45,167.4,50,167.5,250,600,624000
NIFTY20OCT2217600PE.NFO,18/10/2022,09:31:01,168.1,168.1,150,168.3,50,1800,624000
NIFTY20OCT2217600PE.NFO,18/10/2022,09:31:02,168.35,168.55,50,168.8,400,900,624000
NIFTY20OCT2217600PE.NFO,18/10/2022,09:31:03,168.8,168.45,50,168.7,400,850,624000
NIFTY20OCT2217600PE.NFO,18/10/2022,09:31:04,168.8,168.65,50,168.85,50,150,624000
NIFTY20OCT2217600PE.NFO,18/10/2022,09:31:05,168.9,168.3,150,168.55,150,500,624000
NIFTY20OCT2217600PE.NFO,18/10/2022,09:31:06,168.8,168.6,100,168.85,100,1800,624000
NIFTY20OCT2217600PE.NFO,18/10/2022,09:31:07,168.9,168.7,50,169,150,800,624000
NIFTY20OCT2217600PE.NFO,18/10/2022,09:31:08,168.7,168.7,50,169,650,200,624000
NIFTY20OCT2217600PE.NFO,18/10/2022,09:31:09,169.15,169.15,100,169.4,50,350,624000
NIFTY20OCT2217600PE.NFO,18/10/2022,09:31:10,168.85,168.55,250,168.85,100,1300,624000
NIFTY20OCT2217600PE.NFO,18/10/2022,09:31:11,168.75,168.45,50,168.85,200,800,624000
NIFTY20OCT2217600PE.NFO,18/10/2022,09:31:12,168.6,168.15,50,168.55,100,4450,624000
NIFTY20OCT2217600PE.NFO,18/10/2022,09:31:13,168.25,168.05,100,168.4,600,900,624000
NIFTY20OCT2217600PE.NFO,18/10/2022,09:31:14,167.85,167.9,450,168.25,50,3200,624000
NIFTY20OCT2217600PE.NFO,18/10/2022,09:31:15,167.85,167.45,100,167.8,50,2650,624000
NIFTY20OCT2217600PE.NFO,18/10/2022,09:31:16,167.9,167.55,100,167.95,50,700,624000
NIFTY20OCT2217600PE.NFO,18/10/2022,09:31:17,167.5,167.25,50,167.5,100,450,624000
NIFTY20OCT2217600PE.NFO,18/10/2022,09:31:18,166.35,166.3,300,166.7,450,1750,624000
NIFTY20OCT2217600PE.NFO,18/10/2022,09:31:19,166.85,166.9,150,167.15,50,550,624000
NIFTY20OCT2217600PE.NFO,18/10/2022,09:31:20,166.8,166.6,50,166.85,50,650,624000
NIFTY20OCT2217600PE.NFO,18/10/2022,09:31:21,166.7,166.2,250,166.55,50,1000,624000
NIFTY20OCT2217600PE.NFO,18/10/2022,09:31:22,166.05,166.4,150,166.7,250,250,624000
NIFTY20OCT2217600PE.NFO,18/10/2022,09:31:23,166.85,166.45,200,166.8,200,1500,624000
NIFTY20OCT2217600PE.NFO,18/10/2022,09:31:24,167.05,167.05,50,167.35,50,200,624000
NIFTY20OCT2217600PE.NFO,18/10/2022,09:31:25,167.2,167.2,50,167.3,100,700,624000
NIFTY20OCT2217600PE.NFO,18/10/2022,09:31:26,166.6,166.35,300,166.7,1350,700,624000
NIFTY20OCT2217600PE.NFO,18/10/2022,09:31:27,166.6,166.35,200,166.7,100,200,624000
NIFTY20OCT2217600PE.NFO,18/10/2022,09:31:28,165.7,165.35,50,165.7,350,4500,624000
NIFTY20OCT2217600PE.NFO,18/10/2022,09:31:29,165.65,165.35,100,165.75,100,2250,624000
NIFTY20OCT2217600PE.NFO,18/10/2022,09:31:30,165.75,165.4,950,165.8,350,750,624000
NIFTY20OCT2217600PE.NFO,18/10/2022,09:31:31,165.75,165.75,100,166.1,550,150,624000
NIFTY20OCT2217600PE.NFO,18/10/2022,09:31:32,165.4,165,550,165.25,250,3350,624000
NIFTY20OCT2217600PE.NFO,18/10/2022,09:31:33,165,165.15,100,165.5,150,550,624000
NIFTY20OCT2217600PE.NFO,18/10/2022,09:31:34,165.75,165,200,165.25,200,1100,624000
NIFTY20OCT2217600PE.NFO,18/10/2022,09:31:35,164.95,164.9,300,165.25,150,650,624000
NIFTY20OCT2217600PE.NFO,18/10/2022,09:31:36,164.9,164.55,150,164.85,150,500,624000
NIFTY20OCT2217600PE.NFO,18/10/2022,09:31:37,164.8,164.5,50,164.7,300,750,624000
NIFTY20OCT2217600PE.NFO,18/10/2022,09:31:38,164.05,164.05,150,164.35,50,700,624000
NIFTY20OCT2217600PE.NFO,18/10/2022,09:31:39,164.5,164.2,800,164.5,50,150,624000
NIFTY20OCT2217600PE.NFO,18/10/2022,09:31:40,164.5,164,1200,164.3,1350,200,624000
NIFTY20OCT2217600PE.NFO,18/10/2022,09:31:41,164,164,600,164.2,50,600,624000
NIFTY20OCT2217600PE.NFO,18/10/2022,09:31:42,164,164,750,164.3,200,0,624000
NIFTY20OCT2217600PE.NFO,18/10/2022,09:31:43,163.75,163.7,150,164.05,150,2350,624000
NIFTY20OCT2217600PE.NFO,18/10/2022,09:31:44,164.2,164.45,50,164.7,150,50,624000
NIFTY20OCT2217600PE.NFO,18/10/2022,09:31:45,164.7,164,50,164.1,50,500,624000
NIFTY20OCT2217600PE.NFO,18/10/2022,09:31:46,163.4,163.4,400,163.7,150,200,624000
NIFTY20OCT2217600PE.NFO,18/10/2022,09:31:47,163.45,163.15,150,163.45,150,550,624000
NIFTY20OCT2217600PE.NFO,18/10/2022,09:31:48,162.85,162.9,50,163.25,300,4300,624000
NIFTY20OCT2217600PE.NFO,18/10/2022,09:31:49,163.45,163,300,163.35,50,100,624000
NIFTY20OCT2217600PE.NFO,18/10/2022,09:31:50,162.45,162.6,300,162.95,100,300,624000
NIFTY20OCT2217600PE.NFO,18/10/2022,09:31:51,162.45,162.15,250,162.45,150,350,624000
NIFTY20OCT2217600PE.NFO,18/10/2022,09:31:52,162.45,162.15,250,162.4,100,0,624000
NIFTY20OCT2217600PE.NFO,18/10/2022,09:31:53,162.55,162.15,200,162.35,50,500,624000
NIFTY20OCT2217600PE.NFO,18/10/2022,09:31:54,162,162.05,350,162.4,550,3200,624000
NIFTY20OCT2217600PE.NFO,18/10/2022,09:31:55,162.05,162.05,150,162.35,200,450,624000
NIFTY20OCT2217600PE.NFO,18/10/2022,09:31:56,162.7,162.35,100,162.7,550,700,624000
NIFTY20OCT2217600PE.NFO,18/10/2022,09:31:57,163.2,163,150,163.25,200,1250,624000
NIFTY20OCT2217600PE.NFO,18/10/2022,09:31:58,163.05,162.95,100,163.3,1400,1600,624000
NIFTY20OCT2217600PE.NFO,18/10/2022,09:31:59,162.3,162.8,100,162.95,50,700,624000
NIFTY20OCT2217600PE.NFO,18/10/2022,09:32:00,162.3,162.5,100,162.7,100,0,624000
NIFTY20OCT2217600PE.NFO,18/10/2022,09:32:01,163.4,163.4,100,163.6,100,600,624000
NIFTY20OCT2217600PE.NFO,18/10/2022,09:32:02,163.55,163.4,100,163.55,50,300,624000
NIFTY20OCT2217600PE.NFO,18/10/2022,09:32:03,163.3,162.8,100,163.15,300,100,624000
NIFTY20OCT2217600PE.NFO,18/10/2022,09:32:04,163.2,163.05,50,163.4,100,150,624000
NIFTY20OCT2217600PE.NFO,18/10/2022,09:32:05,163.55,163.2,50,163.55,50,1850,624000
NIFTY20OCT2217600PE.NFO,18/10/2022,09:32:06,163.7,163.5,50,163.75,100,1650,624000
NIFTY20OCT2217600PE.NFO,18/10/2022,09:32:07,162.5,162.2,950,162.5,50,2800,624000
NIFTY20OCT2217600PE.NFO,18/10/2022,09:32:08,162.3,162.35,50,162.65,550,850,624000
NIFTY20OCT2217600PE.NFO,18/10/2022,09:32:09,162.4,162.55,200,163,1000,550,624000
NIFTY20OCT2217600PE.NFO,18/10/2022,09:32:10,162.5,162.25,200,162.6,400,550,624000
NIFTY20OCT2217600PE.NFO,18/10/2022,09:32:11,162.5,162.55,400,162.9,100,0,624000
NIFTY20OCT2217600PE.NFO,18/10/2022,09:32:12,162.8,162.5,200,162.8,200,250,624000
NIFTY20OCT2217600PE.NFO,18/10/2022,09:32:13,162.25,161.85,1000,162.3,300,6800,624000
NIFTY20OCT2217600PE.NFO,18/10/2022,09:32:14,162.5,162.15,200,162.5,800,850,624000
NIFTY20OCT2217600PE.NFO,18/10/2022,09:32:15,162.05,162,50,162.2,150,2100,624000
NIFTY20OCT2217600PE.NFO,18/10/2022,09:32:17,161.25,160.95,350,161.25,100,4250,624000
NIFTY20OCT2217600PE.NFO,18/10/2022,09:32:18,161.25,161.2,1100,161.55,200,600,624000
NIFTY20OCT2217600PE.NFO,18/10/2022,09:32:19,161.6,161.85,100,162,100,700,624000
NIFTY20OCT2217600PE.NFO,18/10/2022,09:32:20,162,161.95,100,162.25,200,4000,624000
NIFTY20OCT2217600PE.NFO,18/10/2022,09:32:21,162.1,162.2,250,162.5,150,1350,624000
NIFTY20OCT2217600PE.NFO,18/10/2022,09:32:22,161.4,161.1,500,161.45,300,3400,624000
NIFTY20OCT2217600PE.NFO,18/10/2022,09:32:23,161,160.75,50,161.1,750,4100,624000
NIFTY20OCT2217600PE.NFO,18/10/2022,09:32:24,160.25,160.25,400,160.5,100,9250,624000
NIFTY20OCT2217600PE.NFO,18/10/2022,09:32:25,159.4,159.3,50,159.6,200,9550,624000
NIFTY20OCT2217600PE.NFO,18/10/2022,09:32:25,159.4,159.3,50,159.6,200,0,624000
NIFTY20OCT2217600PE.NFO,18/10/2022,09:32:26,158.6,158.6,650,158.8,150,5150,624000
NIFTY20OCT2217600PE.NFO,18/10/2022,09:32:26,158.6,158.6,650,158.8,150,0,624000
NIFTY20OCT2217600PE.NFO,18/10/2022,09:32:27,158.55,158.5,250,158.8,200,1800,624000
NIFTY20OCT2217600PE.NFO,18/10/2022,09:32:27,158.55,158.5,250,158.8,200,0,624000
NIFTY20OCT2217600PE.NFO,18/10/2022,09:32:28,158.45,158.3,350,158.7,400,1600,624000
NIFTY20OCT2217600PE.NFO,18/10/2022,09:32:28,158.45,158.3,350,158.7,400,0,624000
NIFTY20OCT2217600PE.NFO,18/10/2022,09:32:29,159.4,159.35,50,159.65,250,1950,624000
NIFTY20OCT2217600PE.NFO,18/10/2022,09:32:29,158.4,159.35,50,159.65,250,0,624000
NIFTY20OCT2217600PE.NFO,18/10/2022,09:32:30,159.15,159.15,100,159.5,200,300,624000
NIFTY20OCT2217600PE.NFO,18/10/2022,09:32:31,159.15,158.4,100,158.7,50,200,624000
NIFTY20OCT2217600PE.NFO,18/10/2022,09:32:32,159.6,159.1,250,159.4,200,2800,624000
NIFTY20OCT2217600PE.NFO,18/10/2022,09:32:33,159.7,159.4,350,159.75,50,100,624000
NIFTY20OCT2217600PE.NFO,18/10/2022,09:32:34,160.25,160,100,160.35,150,4350,624000
NIFTY20OCT2217600PE.NFO,18/10/2022,09:32:35,160.85,160.45,100,160.75,150,3500,624000
NIFTY20OCT2217600PE.NFO,18/10/2022,09:32:36,160.7,160.35,50,160.7,150,550,703850
NIFTY20OCT2217600PE.NFO,18/10/2022,09:32:37,161.05,160.5,50,160.75,150,150,703850
NIFTY20OCT2217600PE.NFO,18/10/2022,09:32:38,160.4,160.45,50,160.7,1650,1400,703850
NIFTY20OCT2217600PE.NFO,18/10/2022,09:32:39,161.1,161.15,150,161.3,250,1700,703850
NIFTY20OCT2217600PE.NFO,18/10/2022,09:32:40,161.05,160.95,150,161.2,200,150,703850
NIFTY20OCT2217600PE.NFO,18/10/2022,09:32:41,161.25,160.9,100,161.15,50,1700,703850
NIFTY20OCT2217600PE.NFO,18/10/2022,09:32:42,161.05,159.85,300,160.15,50,600,703850
NIFTY20OCT2217600PE.NFO,18/10/2022,09:32:43,159.6,159.25,150,159.55,150,2250,703850
NIFTY20OCT2217600PE.NFO,18/10/2022,09:32:44,159.95,159.55,250,159.9,50,2400,703850
NIFTY20OCT2217600PE.NFO,18/10/2022,09:32:45,160.2,159.85,150,160.15,50,100,703850
NIFTY20OCT2217600PE.NFO,18/10/2022,09:32:46,160.5,160.25,350,160.6,50,3000,703850
NIFTY20OCT2217600PE.NFO,18/10/2022,09:32:47,160.4,160.4,100,160.65,300,2600,703850
NIFTY20OCT2217600PE.NFO,18/10/2022,09:32:48,160.65,160.45,250,160.7,200,50,703850
NIFTY20OCT2217600PE.NFO,18/10/2022,09:32:49,161.05,160.75,100,161.05,300,950,703850
NIFTY20OCT2217600PE.NFO,18/10/2022,09:32:50,160.55,160.35,50,160.6,100,850,703850
NIFTY20OCT2217600PE.NFO,18/10/2022,09:32:51,160.9,160.4,100,160.7,200,300,703850
NIFTY20OCT2217600PE.NFO,18/10/2022,09:32:52,160.9,160.75,150,161,200,50,703850
NIFTY20OCT2217600PE.NFO,18/10/2022,09:32:53,160.75,160.95,50,161.2,50,300,703850
NIFTY20OCT2217600PE.NFO,18/10/2022,09:32:54,159.8,159.5,1700,159.8,100,3950,703850
NIFTY20OCT2217600PE.NFO,18/10/2022,09:32:55,160,159.6,550,159.95,150,1700,703850
NIFTY20OCT2217600PE.NFO,18/10/2022,09:32:57,160.15,159.6,150,160,200,350,703850
NIFTY20OCT2217600PE.NFO,18/10/2022,09:32:57,159.45,159.25,50,159.7,2100,50,703850
NIFTY20OCT2217600PE.NFO,18/10/2022,09:32:58,159.15,158.8,150,159.2,700,3500,703850
NIFTY20OCT2217600PE.NFO,18/10/2022,09:32:59,159.05,158.55,250,158.85,150,500,703850
NIFTY20OCT2217600PE.NFO,18/10/2022,09:33:00,157.35,157.3,150,157.65,850,6050,703850
NIFTY20OCT2217600PE.NFO,18/10/2022,09:33:00,157.35,157.3,150,157.65,850,0,703850
NIFTY20OCT2217600PE.NFO,18/10/2022,09:33:01,157.5,157.05,150,157.4,650,800,703850
NIFTY20OCT2217600PE.NFO,18/10/2022,09:33:01,157.15,157.05,150,157.4,650,0,703850
NIFTY20OCT2217600PE.NFO,18/10/2022,09:33:03,157.25,157.05,150,157.35,350,4700,703850
NIFTY20OCT2217600PE.NFO,18/10/2022,09:33:03,156.3,157.05,150,157.35,350,0,703850
NIFTY20OCT2217600PE.NFO,18/10/2022,09:33:04,156.6,156.7,150,157,150,1300,703850
NIFTY20OCT2217600PE.NFO,18/10/2022,09:33:05,156.6,156.2,50,156.6,1900,1400,703850
NIFTY20OCT2217600PE.NFO,18/10/2022,09:33:06,156.15,156.15,100,156.4,200,2650,703850
NIFTY20OCT2217600PE.NFO,18/10/2022,09:33:06,156.15,156.15,100,156.4,200,0,703850
NIFTY20OCT2217600PE.NFO,18/10/2022,09:33:06,156,156.05,400,156.3,400,1000,703850
NIFTY20OCT2217600PE.NFO,18/10/2022,09:33:06,156,156.05,400,156.3,400,0,703850
NIFTY20OCT2217600PE.NFO,18/10/2022,09:33:07,156.4,156,2250,156.25,300,950,703850
NIFTY20OCT2217600PE.NFO,18/10/2022,09:33:08,155.3,155.05,100,155.4,200,4450,703850
NIFTY20OCT2217600PE.NFO,18/10/2022,09:33:08,155.1,155.05,100,155.4,200,0,703850
NIFTY20OCT2217600PE.NFO,18/10/2022,09:33:09,155.95,156,250,156.3,550,2100,703850
NIFTY20OCT2217600PE.NFO,18/10/2022,09:33:10,155.3,154.5,50,154.9,800,5450,703850
NIFTY20OCT2217600PE.NFO,18/10/2022,09:33:10,154.65,154.5,50,154.9,800,0,703850
NIFTY20OCT2217600PE.NFO,18/10/2022,09:33:11,155.85,155.9,100,156.1,200,2100,703850
NIFTY20OCT2217600PE.NFO,18/10/2022,09:33:12,156.95,156.55,150,156.85,200,2250,703850
NIFTY20OCT2217600PE.NFO,18/10/2022,09:33:13,156.2,156.25,100,156.55,150,1200,703850
NIFTY20OCT2217600PE.NFO,18/10/2022,09:33:14,155.8,155.85,100,156.1,200,300,703850
NIFTY20OCT2217600PE.NFO,18/10/2022,09:33:16,155.65,155.7,300,155.95,600,650,703850
NIFTY20OCT2217600PE.NFO,18/10/2022,09:33:16,155.55,155.3,50,155.5,250,300,703850
NIFTY20OCT2217600PE.NFO,18/10/2022,09:33:17,155.7,155.55,350,155.9,1350,1950,703850
NIFTY20OCT2217600PE.NFO,18/10/2022,09:33:18,155.65,155.5,50,155.7,200,350,703850
NIFTY20OCT2217600PE.NFO,18/10/2022,09:33:19,154.7,154.8,850,155.1,100,3900,703850
NIFTY20OCT2217600PE.NFO,18/10/2022,09:33:20,156,156.1,150,156.2,50,1650,703850
NIFTY20OCT2217600PE.NFO,18/10/2022,09:33:21,156.15,156.4,100,156.55,100,1350,703850
NIFTY20OCT2217600PE.NFO,18/10/2022,09:33:23,156.3,156.4,100,156.6,500,550,703850
NIFTY20OCT2217600PE.NFO,18/10/2022,09:33:23,156.35,156.05,450,156.3,150,100,703850
NIFTY20OCT2217600PE.NFO,18/10/2022,09:33:24,157.15,157.2,50,157.35,50,1550,703850
NIFTY20OCT2217600PE.NFO,18/10/2022,09:33:25,158.45,158.4,150,158.6,200,3350,703850
NIFTY20OCT2217600PE.NFO,18/10/2022,09:33:26,158.4,158.4,200,158.65,100,800,703850
NIFTY20OCT2217600PE.NFO,18/10/2022,09:33:27,158.2,157.9,400,158.25,50,1300,703850
NIFTY20OCT2217600PE.NFO,18/10/2022,09:33:28,158.35,158.15,50,158.35,100,1700,703850
NIFTY20OCT2217600PE.NFO,18/10/2022,09:33:29,158.4,158.15,150,158.4,250,500,703850
NIFTY20OCT2217600PE.NFO,18/10/2022,09:33:30,158.2,158,50,158.25,350,3000,703850
NIFTY20OCT2217600PE.NFO,18/10/2022,09:33:31,158.15,157.85,550,158.15,350,850,703850
NIFTY20OCT2217600PE.NFO,18/10/2022,09:33:33,158,157.7,650,158,200,4500,703850
NIFTY20OCT2217600PE.NFO,18/10/2022,09:33:33,158.1,157.85,50,158.1,150,150,703850
NIFTY20OCT2217600PE.NFO,18/10/2022,09:33:34,157.85,157.9,150,158,50,700,703850
NIFTY20OCT2217600PE.NFO,18/10/2022,09:33:35,158.65,158.4,200,158.65,350,4050,703850
NIFTY20OCT2217600PE.NFO,18/10/2022,09:33:36,158.75,158.5,200,158.75,150,1000,703850
NIFTY20OCT2217600PE.NFO,18/10/2022,09:33:37,159.7,159.65,100,159.8,300,1750,703850
NIFTY20OCT2217600PE.NFO,18/10/2022,09:33:38,160,160,50,160.3,450,1800,703850
NIFTY20OCT2217600PE.NFO,18/10/2022,09:33:39,159.15,158.85,300,159.15,100,2150,703850
NIFTY20OCT2217600PE.NFO,18/10/2022,09:33:41,160.1,159.95,50,160.25,200,1250,703850
NIFTY20OCT2217600PE.NFO,18/10/2022,09:33:42,159.25,159.25,200,159.6,450,850,703850
NIFTY20OCT2217600PE.NFO,18/10/2022,09:33:43,159.8,159.6,200,159.85,50,1000,703850
NIFTY20OCT2217600PE.NFO,18/10/2022,09:33:44,160.25,160.25,150,160.5,50,2350,703850
NIFTY20OCT2217600PE.NFO,18/10/2022,09:33:45,159.85,159.45,250,159.8,350,3300,703850
NIFTY20OCT2217600PE.NFO,18/10/2022,09:33:46,159.5,159.25,150,159.5,100,2150,703850
NIFTY20OCT2217600PE.NFO,18/10/2022,09:33:47,160.1,159.75,250,160.1,450,550,703850
NIFTY20OCT2217600PE.NFO,18/10/2022,09:33:48,159.3,159.3,100,159.65,50,650,703850
NIFTY20OCT2217600PE.NFO,18/10/2022,09:33:50,160.1,160,100,160.2,250,1650,703850
NIFTY20OCT2217600PE.NFO,18/10/2022,09:33:50,160.05,160.05,250,160.2,100,400,703850
NIFTY20OCT2217600PE.NFO,18/10/2022,09:33:51,160,160,100,160.35,100,1150,703850
NIFTY20OCT2217600PE.NFO,18/10/2022,09:33:52,160.25,160,1100,160.25,200,1050,703850
NIFTY20OCT2217600PE.NFO,18/10/2022,09:33:53,160,160.05,150,160.25,100,1100,703850
NIFTY20OCT2217600PE.NFO,18/10/2022,09:33:54,160.45,160.1,750,160.45,150,3950,703850
NIFTY20OCT2217600PE.NFO,18/10/2022,09:33:55,160,160,200,160.35,100,200,703850
NIFTY20OCT2217600PE.NFO,18/10/2022,09:33:56,160.55,160.25,50,160.6,2100,2600,703850
NIFTY20OCT2217600PE.NFO,18/10/2022,09:33:57,159,159.05,200,159.25,50,5100,703850
NIFTY20OCT2217600PE.NFO,18/10/2022,09:33:58,159.45,159.2,650,159.5,200,2900,703850
NIFTY20OCT2217600PE.NFO,18/10/2022,09:33:59,159.95,159.9,100,160.05,100,4700,703850
NIFTY20OCT2217600PE.NFO,18/10/2022,09:34:00,160.6,160.5,500,160.8,950,3800,703850
NIFTY20OCT2217600PE.NFO,18/10/2022,09:34:01,160.3,160.4,100,160.7,50,350,703850
NIFTY20OCT2217600PE.NFO,18/10/2022,09:34:02,160.2,159.85,50,160.2,850,2450,703850
NIFTY20OCT2217600PE.NFO,18/10/2022,09:34:03,159.5,159.45,200,159.7,150,3950,703850
NIFTY20OCT2217600PE.NFO,18/10/2022,09:34:04,159.6,159.6,50,159.9,200,850,703850
NIFTY20OCT2217600PE.NFO,18/10/2022,09:34:06,160.55,160.2,100,160.5,550,650,703850
NIFTY20OCT2217600PE.NFO,18/10/2022,09:34:06,160.55,160.15,550,160.5,550,0,703850
NIFTY20OCT2217600PE.NFO,18/10/2022,09:34:07,161.1,161.1,350,161.35,200,5050,703850
NIFTY20OCT2217600PE.NFO,18/10/2022,09:34:08,161.5,161.4,100,161.6,250,1850,703850
NIFTY20OCT2217600PE.NFO,18/10/2022,09:34:09,161.95,161.95,350,162.1,100,4000,703850
NIFTY20OCT2217600PE.NFO,18/10/2022,09:34:10,162.35,162.15,50,162.4,1000,1950,703850
NIFTY20OCT2217600PE.NFO,18/10/2022,09:34:11,162.25,161.95,100,162.15,350,450,703850
NIFTY20OCT2217600PE.NFO,18/10/2022,09:34:12,162.1,161.4,100,161.65,100,450,703850
NIFTY20OCT2217600PE.NFO,18/10/2022,09:34:13,161.8,160.75,350,160.95,100,400,703850
NIFTY20OCT2217600PE.NFO,18/10/2022,09:34:14,162.55,162.25,100,162.55,100,3850,703850
NIFTY20OCT2217600PE.NFO,18/10/2022,09:34:15,162.55,162.55,50,162.8,200,1750,703850
NIFTY20OCT2217600PE.NFO,18/10/2022,09:34:17,162.75,162.4,150,162.7,200,750,703850
NIFTY20OCT2217600PE.NFO,18/10/2022,09:34:17,162.5,162.25,150,162.6,400,600,703850
NIFTY20OCT2217600PE.NFO,18/10/2022,09:34:19,162.6,162.45,50,162.8,450,700,703850
NIFTY20OCT2217600PE.NFO,18/10/2022,09:34:19,162.8,162.4,50,162.7,150,250,703850
NIFTY20OCT2217600PE.NFO,18/10/2022,09:34:20,162.85,162.3,200,162.6,200,350,703850
NIFTY20OCT2217600PE.NFO,18/10/2022,09:34:21,163,162.75,950,163.05,100,800,703850
NIFTY20OCT2217600PE.NFO,18/10/2022,09:34:22,163.3,163,300,163.3,200,900,703850
NIFTY20OCT2217600PE.NFO,18/10/2022,09:34:23,162.8,162.55,50,162.85,150,3550,703850
NIFTY20OCT2217600PE.NFO,18/10/2022,09:34:24,163.4,163.1,50,163.4,850,2650,703850
NIFTY20OCT2217600PE.NFO,18/10/2022,09:34:25,163.45,163.15,150,163.45,100,1900,703850
NIFTY20OCT2217600PE.NFO,18/10/2022,09:34:27,163.25,163,50,163.3,300,650,703850
NIFTY20OCT2217600PE.NFO,18/10/2022,09:34:28,163.3,163.3,50,163.6,100,1100,703850
NIFTY20OCT2217600PE.NFO,18/10/2022,09:34:28,163.3,163.05,100,163.3,200,0,703850
NIFTY20OCT2217600PE.NFO,18/10/2022,09:34:29,163.7,163.25,150,163.55,50,400,703850
NIFTY20OCT2217600PE.NFO,18/10/2022,09:34:30,163.55,163.05,200,163.4,1350,450,703850
NIFTY20OCT2217600PE.NFO,18/10/2022,09:34:31,162.65,162.4,50,162.75,700,350,703850
NIFTY20OCT2217600PE.NFO,18/10/2022,09:34:32,161.65,161.4,100,161.7,100,4350,703850
NIFTY20OCT2217600PE.NFO,18/10/2022,09:34:33,161.6,161,50,161.3,150,1250,703850
NIFTY20OCT2217600PE.NFO,18/10/2022,09:34:34,160.5,160.4,150,160.65,100,2800,703850
NIFTY20OCT2217600PE.NFO,18/10/2022,09:34:35,160.8,160.3,550,160.6,50,900,703850
NIFTY20OCT2217600PE.NFO,18/10/2022,09:34:36,159.85,160.05,1000,160.45,150,2200,703850
NIFTY20OCT2217600PE.NFO,18/10/2022,09:34:37,159.9,159.85,100,160.15,150,450,703850
NIFTY20OCT2217600PE.NFO,18/10/2022,09:34:38,160.35,160.2,50,160.45,50,300,703850
NIFTY20OCT2217600PE.NFO,18/10/2022,09:34:39,160.15,159.85,150,160.15,250,900,703850
NIFTY20OCT2217600PE.NFO,18/10/2022,09:34:40,160.3,160.3,100,160.6,50,350,703850
NIFTY20OCT2217600PE.NFO,18/10/2022,09:34:41,160.65,160.2,150,160.55,50,800,703850
NIFTY20OCT2217600PE.NFO,18/10/2022,09:34:42,160.65,160.15,150,160.5,250,0,703850
NIFTY20OCT2217600PE.NFO,18/10/2022,09:34:44,161.05,160.35,150,160.6,100,600,703850
NIFTY20OCT2217600PE.NFO,18/10/2022,09:34:44,160.3,160.05,150,160.3,250,50,703850
NIFTY20OCT2217600PE.NFO,18/10/2022,09:34:45,160.6,161.05,150,161.35,150,300,703850
NIFTY20OCT2217600PE.NFO,18/10/2022,09:34:46,161.4,161.2,50,161.5,100,2800,703850
NIFTY20OCT2217600PE.NFO,18/10/2022,09:34:47,161.9,161.65,150,161.95,150,900,703850
NIFTY20OCT2217600PE.NFO,18/10/2022,09:34:48,161.15,160.8,50,160.85,50,750,703850
NIFTY20OCT2217600PE.NFO,18/10/2022,09:34:50,160.65,160.9,50,161.2,200,350,703850
NIFTY20OCT2217600PE.NFO,18/10/2022,09:34:50,160.85,160.75,150,161.05,100,150,703850
NIFTY20OCT2217600PE.NFO,18/10/2022,09:34:51,161.55,161.45,50,161.75,50,1850,703850
NIFTY20OCT2217600PE.NFO,18/10/2022,09:34:52,162,162.2,50,162.45,100,1650,703850
NIFTY20OCT2217600PE.NFO,18/10/2022,09:34:53,163.1,163.15,50,163.45,150,1550,703850
NIFTY20OCT2217600PE.NFO,18/10/2022,09:34:54,163.5,163,50,163.25,150,200,703850
NIFTY20OCT2217600PE.NFO,18/10/2022,09:34:55,162.7,162.7,500,163.05,50,800,703850
NIFTY20OCT2217600PE.NFO,18/10/2022,09:34:56,163.05,163.05,150,163.35,150,1450,703850
NIFTY20OCT2217600PE.NFO,18/10/2022,09:34:57,162.9,162.6,200,162.9,450,1350,703850
NIFTY20OCT2217600PE.NFO,18/10/2022,09:34:58,162.6,162.6,50,162.9,200,150,703850
NIFTY20OCT2217600PE.NFO,18/10/2022,09:34:59,162.7,162.7,100,163,1000,350,703850
NIFTY20OCT2217600PE.NFO,18/10/2022,09:35:00,161.65,161.65,50,161.95,450,1950,703850
NIFTY20OCT2217600PE.NFO,18/10/2022,09:35:01,162,162,200,162.25,150,1200,703850
NIFTY20OCT2217600PE.NFO,18/10/2022,09:35:02,161.9,161.6,250,161.9,200,700,703850
NIFTY20OCT2217600PE.NFO,18/10/2022,09:35:03,161.35,161.6,1000,161.85,50,650,703850
NIFTY20OCT2217600PE.NFO,18/10/2022,09:35:05,161.2,161.05,200,161.35,50,1200,703850
NIFTY20OCT2217600PE.NFO,18/10/2022,09:35:06,161.9,161.65,50,161.95,50,1350,703850
NIFTY20OCT2217600PE.NFO,18/10/2022,09:35:06,161.9,161.7,200,162,150,0,703850
NIFTY20OCT2217600PE.NFO,18/10/2022,09:35:07,161.2,161.45,100,161.75,150,1350,703850
NIFTY20OCT2217600PE.NFO,18/10/2022,09:35:08,161.2,161.9,150,162,50,0,703850
NIFTY20OCT2217600PE.NFO,18/10/2022,09:35:09,161.7,161.55,300,161.85,100,1000,703850
NIFTY20OCT2217600PE.NFO,18/10/2022,09:35:11,161.25,161.55,50,161.8,300,6550,703850
NIFTY20OCT2217600PE.NFO,18/10/2022,09:35:12,161.95,161.7,50,162,250,1100,703850
NIFTY20OCT2217600PE.NFO,18/10/2022,09:35:12,161.65,161.8,50,162.05,300,200,703850
NIFTY20OCT2217600PE.NFO,18/10/2022,09:35:13,162.9,162.65,100,162.95,250,2250,703850
NIFTY20OCT2217600PE.NFO,18/10/2022,09:35:14,161.75,162.1,350,162.45,200,1300,703850
NIFTY20OCT2217600PE.NFO,18/10/2022,09:35:15,163.05,162.75,400,163,250,3700,703850
NIFTY20OCT2217600PE.NFO,18/10/2022,09:35:16,163.2,163.1,100,163.35,300,350,703850
NIFTY20OCT2217600PE.NFO,18/10/2022,09:35:18,163.2,163.15,100,163.4,300,900,703850
NIFTY20OCT2217600PE.NFO,18/10/2022,09:35:19,163.3,162.8,250,163.1,100,300,703850
NIFTY20OCT2217600PE.NFO,18/10/2022,09:35:20,161.7,161.6,100,161.75,150,2250,703850
NIFTY20OCT2217600PE.NFO,18/10/2022,09:35:20,161.5,161.55,100,161.8,100,200,703850
NIFTY20OCT2217600PE.NFO,18/10/2022,09:35:21,161.65,161.35,150,161.65,150,400,703850
NIFTY20OCT2217600PE.NFO,18/10/2022,09:35:22,161.45,161.25,900,161.5,200,2650,703850
NIFTY20OCT2217600PE.NFO,18/10/2022,09:35:23,161.2,161.2,400,161.3,50,1750,703850
NIFTY20OCT2217600PE.NFO,18/10/2022,09:35:24,161.6,161.4,150,161.7,150,500,703850
NIFTY20OCT2217600PE.NFO,18/10/2022,09:35:25,161.15,161,400,161.3,100,1600,703850
NIFTY20OCT2217600PE.NFO,18/10/2022,09:35:26,161.5,161.4,50,161.55,50,350,703850
