Ticker,Date,Time,LTP,BuyPrice,BuyQty,SellPrice,SellQty,LTQ,OpenInterest
NIFTY20OCT2217600CE.NFO,18/10/2022,09:15:00,28,37.15,550,40,500,10000,3941450
NIFTY20OCT2217600CE.NFO,18/10/2022,09:15:00,28,37.15,550,40,500,0,3941450
NIFTY20OCT2217600CE.NFO,18/10/2022,09:15:00,40,37.15,550,40,500,0,3941450
NIFTY20OCT2217600CE.NFO,18/10/2022,09:15:00,27.95,37.15,550,40,500,0,3941450
NIFTY20OCT2217600CE.NFO,18/10/2022,09:15:01,40.25,40.25,400,40.7,400,32700,3941450
NIFTY20OCT2217600CE.NFO,18/10/2022,09:15:01,41.1,40.25,400,40.7,400,0,3941450
NIFTY20OCT2217600CE.NFO,18/10/2022,09:15:03,40.75,40.25,100,40.75,50,37500,3941450
NIFTY20OCT2217600CE.NFO,18/10/2022,09:15:03,42.4,40.25,100,40.75,50,0,3941450
NIFTY20OCT2217600CE.NFO,18/10/2022,09:15:04,40.1,40,200,40.1,50,37450,3941450
NIFTY20OCT2217600CE.NFO,18/10/2022,09:15:04,42.75,40,200,40.1,50,0,3941450
NIFTY20OCT2217600CE.NFO,18/10/2022,09:15:06,37.9,38.25,500,39.5,150,67100,3941450
NIFTY20OCT2217600CE.NFO,18/10/2022,09:15:07,38.4,37.5,300,38.4,400,57800,3941450
NIFTY20OCT2217600CE.NFO,18/10/2022,09:15:08,36.55,36.35,300,36.75,50,50800,3941450
NIFTY20OCT2217600CE.NFO,18/10/2022,09:15:10,34.3,34.3,200,34.55,100,80450,3941450
NIFTY20OCT2217600CE.NFO,18/10/2022,09:15:11,34.85,34.75,100,35.05,100,52100,3941450
NIFTY20OCT2217600CE.NFO,18/10/2022,09:15:12,34.95,34.45,100,35.25,200,75300,3941450
NIFTY20OCT2217600CE.NFO,18/10/2022,09:15:13,35.55,35.55,50,35.8,200,56550,3941450
NIFTY20OCT2217600CE.NFO,18/10/2022,09:15:15,36.05,35.95,200,36.1,100,70100,3941450
NIFTY20OCT2217600CE.NFO,18/10/2022,09:15:16,35.15,35.1,250,35.35,300,46200,3941450
NIFTY20OCT2217600CE.NFO,18/10/2022,09:15:17,34.7,34.45,350,34.7,650,41400,3941450
NIFTY20OCT2217600CE.NFO,18/10/2022,09:15:19,33.7,33.55,1200,33.75,50,44100,3941450
NIFTY20OCT2217600CE.NFO,18/10/2022,09:15:20,32.65,32.5,50,32.55,50,32100,3941450
NIFTY20OCT2217600CE.NFO,18/10/2022,09:15:21,32.25,32.1,550,32.25,50,43500,3941450
NIFTY20OCT2217600CE.NFO,18/10/2022,09:15:23,32.45,32.2,800,32.4,200,54350,3941450
NIFTY20OCT2217600CE.NFO,18/10/2022,09:15:24,33.6,33.5,250,33.55,50,32450,3941450
NIFTY20OCT2217600CE.NFO,18/10/2022,09:15:25,33.9,33.9,350,34.05,150,49900,3941450
NIFTY20OCT2217600CE.NFO,18/10/2022,09:15:27,34.8,34.7,200,34.85,350,41550,3941450
NIFTY20OCT2217600CE.NFO,18/10/2022,09:15:28,34.7,34.55,100,34.7,400,40350,3941450
NIFTY20OCT2217600CE.NFO,18/10/2022,09:15:29,35.4,35,300,35.15,200,21000,3941450
NIFTY20OCT2217600CE.NFO,18/10/2022,09:15:30,35.35,35.15,200,35.4,900,26450,3941450
NIFTY20OCT2217600CE.NFO,18/10/2022,09:15:31,35.45,35.4,150,35.45,50,24700,3941450
NIFTY20OCT2217600CE.NFO,18/10/2022,09:15:32,36,35.75,50,36,450,15250,3941450
NIFTY20OCT2217600CE.NFO,18/10/2022,09:15:33,36.5,36.2,700,36.5,1400,19950,3941450
NIFTY20OCT2217600CE.NFO,18/10/2022,09:15:34,36.55,36.3,1000,36.6,1650,15150,3941450
NIFTY20OCT2217600CE.NFO,18/10/2022,09:15:35,36.25,36.25,300,36.5,900,17600,3941450
NIFTY20OCT2217600CE.NFO,18/10/2022,09:15:36,36.8,36.75,250,36.9,50,4600,3941450
NIFTY20OCT2217600CE.NFO,18/10/2022,09:15:37,36.4,36.4,650,36.65,250,20100,3941450
NIFTY20OCT2217600CE.NFO,18/10/2022,09:15:38,36.9,36.9,800,37.05,50,13800,3941450
NIFTY20OCT2217600CE.NFO,18/10/2022,09:15:39,36.9,36.85,100,37,200,12150,3941450
NIFTY20OCT2217600CE.NFO,18/10/2022,09:15:40,36.7,36.75,100,36.95,50,14600,3941450
NIFTY20OCT2217600CE.NFO,18/10/2022,09:15:41,37,36.95,350,37.2,150,26650,3941450
NIFTY20OCT2217600CE.NFO,18/10/2022,09:15:42,37.3,37,2450,37.25,150,11200,3941450
NIFTY20OCT2217600CE.NFO,18/10/2022,09:15:43,37.15,36.9,200,37.1,200,13200,3941450
NIFTY20OCT2217600CE.NFO,18/10/2022,09:15:44,36.85,36.9,250,37,2450,13250,3941450
NIFTY20OCT2217600CE.NFO,18/10/2022,09:15:45,36.6,36.55,200,36.7,100,11900,3941450
NIFTY20OCT2217600CE.NFO,18/10/2022,09:15:46,36.2,36.2,2800,36.45,200,13350,3941450
NIFTY20OCT2217600CE.NFO,18/10/2022,09:15:47,36,36.05,200,36.25,1750,14700,3941450
NIFTY20OCT2217600CE.NFO,18/10/2022,09:15:47,36.25,36.05,200,36.25,350,2750,3941450
NIFTY20OCT2217600CE.NFO,18/10/2022,09:15:49,35.95,35.8,200,35.95,450,35050,3941450
NIFTY20OCT2217600CE.NFO,18/10/2022,09:15:50,35.55,35.55,450,35.75,50,16200,3941450
NIFTY20OCT2217600CE.NFO,18/10/2022,09:15:51,35.85,35.85,200,36.1,1200,18900,3941450
NIFTY20OCT2217600CE.NFO,18/10/2022,09:15:52,35.7,35.7,250,35.9,1350,16500,3941450
NIFTY20OCT2217600CE.NFO,18/10/2022,09:15:53,35.45,35.45,100,35.65,200,10900,3941450
NIFTY20OCT2217600CE.NFO,18/10/2022,09:15:54,35.4,35.3,1350,35.5,50,13000,3941450
NIFTY20OCT2217600CE.NFO,18/10/2022,09:15:55,35.65,35.4,1250,35.6,100,13800,3941450
NIFTY20OCT2217600CE.NFO,18/10/2022,09:15:56,35.8,35.85,400,36,300,17650,3941450
NIFTY20OCT2217600CE.NFO,18/10/2022,09:15:57,36.15,36.15,350,36.25,100,12650,3941450
NIFTY20OCT2217600CE.NFO,18/10/2022,09:15:58,36.35,36.35,100,36.45,200,19250,3941450
NIFTY20OCT2217600CE.NFO,18/10/2022,09:15:59,36.45,36.3,150,36.45,100,23900,3941450
NIFTY20OCT2217600CE.NFO,18/10/2022,09:16:00,36.4,36.4,3150,36.6,1150,11650,3941450
NIFTY20OCT2217600CE.NFO,18/10/2022,09:16:01,37,36.85,750,36.95,500,12450,3941450
NIFTY20OCT2217600CE.NFO,18/10/2022,09:16:02,37,36.9,250,37,400,27100,3941450
NIFTY20OCT2217600CE.NFO,18/10/2022,09:16:03,36.7,36.65,650,36.75,150,16000,3941450
NIFTY20OCT2217600CE.NFO,18/10/2022,09:16:04,37.05,37.05,100,37.2,3500,28950,3941450
NIFTY20OCT2217600CE.NFO,18/10/2022,09:16:05,37.3,37.25,700,37.35,950,35400,3941450
NIFTY20OCT2217600CE.NFO,18/10/2022,09:16:06,37.7,37.55,850,37.7,1250,22350,3941450
NIFTY20OCT2217600CE.NFO,18/10/2022,09:16:08,37.55,37.55,950,37.75,2000,21150,3941450
NIFTY20OCT2217600CE.NFO,18/10/2022,09:16:09,37.7,37.7,50,37.8,50,14400,3941450
NIFTY20OCT2217600CE.NFO,18/10/2022,09:16:10,38.45,38.4,700,38.55,800,37300,3941450
NIFTY20OCT2217600CE.NFO,18/10/2022,09:16:11,38.45,38.45,150,38.5,150,22900,3941450
NIFTY20OCT2217600CE.NFO,18/10/2022,09:16:12,38.8,38.85,600,38.95,200,27300,3941450
NIFTY20OCT2217600CE.NFO,18/10/2022,09:16:13,39.2,39.25,50,39.35,1000,16350,3941450
NIFTY20OCT2217600CE.NFO,18/10/2022,09:16:14,39.55,39.45,250,39.6,700,30450,3941450
NIFTY20OCT2217600CE.NFO,18/10/2022,09:16:15,39.5,39.5,2150,39.65,850,23900,3941450
NIFTY20OCT2217600CE.NFO,18/10/2022,09:16:16,39.4,39.35,1500,39.45,100,28250,3941450
NIFTY20OCT2217600CE.NFO,18/10/2022,09:16:17,39.3,39.15,1350,39.3,2400,23850,3941450
NIFTY20OCT2217600CE.NFO,18/10/2022,09:16:18,38.85,38.9,200,39,1050,26400,3941450
NIFTY20OCT2217600CE.NFO,18/10/2022,09:16:18,39,38.9,2150,39,800,3600,3941450
NIFTY20OCT2217600CE.NFO,18/10/2022,09:16:20,38.85,38.75,50,38.8,800,20600,3941450
NIFTY20OCT2217600CE.NFO,18/10/2022,09:16:21,38.85,38.75,2800,38.85,200,21650,3941450
NIFTY20OCT2217600CE.NFO,18/10/2022,09:16:22,38.9,38.9,200,39,3350,17250,3941450
NIFTY20OCT2217600CE.NFO,18/10/2022,09:16:23,38.9,38.9,1700,39,200,17050,3941450
NIFTY20OCT2217600CE.NFO,18/10/2022,09:16:24,38.75,38.65,2000,38.75,150,14950,3941450
NIFTY20OCT2217600CE.NFO,18/10/2022,09:16:24,38.8,38.7,150,38.8,1700,7600,3941450
NIFTY20OCT2217600CE.NFO,18/10/2022,09:16:26,38.75,38.75,50,38.85,1900,27900,3941450
NIFTY20OCT2217600CE.NFO,18/10/2022,09:16:27,38.7,38.7,1000,38.8,200,18400,3941450
NIFTY20OCT2217600CE.NFO,18/10/2022,09:16:28,38.45,38.35,1050,38.4,50,21950,3941450
NIFTY20OCT2217600CE.NFO,18/10/2022,09:16:29,38.4,38.3,150,38.4,850,26150,3941450
NIFTY20OCT2217600CE.NFO,18/10/2022,09:16:30,37.8,37.75,2000,37.9,950,21300,3941450
NIFTY20OCT2217600CE.NFO,18/10/2022,09:16:31,37.7,37.75,100,37.85,1050,22000,3941450
NIFTY20OCT2217600CE.NFO,18/10/2022,09:16:32,37.7,37.75,100,37.8,100,10250,3941450
NIFTY20OCT2217600CE.NFO,18/10/2022,09:16:33,38.1,37.95,2400,38.1,1800,10200,3941450
NIFTY20OCT2217600CE.NFO,18/10/2022,09:16:34,38.05,38,2450,38.15,4200,15000,3941450
NIFTY20OCT2217600CE.NFO,18/10/2022,09:16:35,38,37.9,750,38,550,9300,3941450
NIFTY20OCT2217600CE.NFO,18/10/2022,09:16:36,38.15,38.15,100,38.2,50,7400,3941450
NIFTY20OCT2217600CE.NFO,18/10/2022,09:16:37,38.2,38.2,1350,38.3,200,16650,3941450
NIFTY20OCT2217600CE.NFO,18/10/2022,09:16:38,38.15,38.1,50,38.15,50,20100,3941450
NIFTY20OCT2217600CE.NFO,18/10/2022,09:16:39,38.35,38.25,1400,38.35,650,15950,3941450
NIFTY20OCT2217600CE.NFO,18/10/2022,09:16:40,38.5,38.35,1650,38.5,2950,18300,3941450
NIFTY20OCT2217600CE.NFO,18/10/2022,09:16:41,38.5,38.45,50,38.55,2000,3050,3941450
NIFTY20OCT2217600CE.NFO,18/10/2022,09:16:42,38.7,38.65,100,38.7,800,12850,3941450
NIFTY20OCT2217600CE.NFO,18/10/2022,09:16:43,38.6,38.55,700,38.65,1200,9600,3941450
NIFTY20OCT2217600CE.NFO,18/10/2022,09:16:44,38.75,38.8,700,38.9,1100,44900,3941450
NIFTY20OCT2217600CE.NFO,18/10/2022,09:16:45,39.15,39.15,2450,39.3,1250,16400,3941450
NIFTY20OCT2217600CE.NFO,18/10/2022,09:16:45,39.2,39.15,3600,39.3,1300,2350,3941450
NIFTY20OCT2217600CE.NFO,18/10/2022,09:16:47,39.35,39.2,1250,39.3,50,20200,3941450
NIFTY20OCT2217600CE.NFO,18/10/2022,09:16:48,39.9,39.85,650,39.9,3050,21400,3941450
NIFTY20OCT2217600CE.NFO,18/10/2022,09:16:49,39.75,39.8,300,39.9,900,20100,3941450
NIFTY20OCT2217600CE.NFO,18/10/2022,09:16:50,39.85,39.8,1500,39.95,1350,12950,3941450
NIFTY20OCT2217600CE.NFO,18/10/2022,09:16:51,39.8,39.8,400,39.9,1000,20450,3941450
NIFTY20OCT2217600CE.NFO,18/10/2022,09:16:52,39.85,39.85,600,39.95,1750,4650,3941450
NIFTY20OCT2217600CE.NFO,18/10/2022,09:16:53,39.7,39.7,150,39.75,100,15200,3941450
NIFTY20OCT2217600CE.NFO,18/10/2022,09:16:54,39.7,39.55,900,39.65,50,14700,3941450
NIFTY20OCT2217600CE.NFO,18/10/2022,09:16:55,39.55,39.45,900,39.55,1250,11850,3941450
NIFTY20OCT2217600CE.NFO,18/10/2022,09:16:56,39.85,39.7,1700,39.85,1200,14500,3941450
NIFTY20OCT2217600CE.NFO,18/10/2022,09:16:56,39.95,39.9,50,39.95,1650,4850,3941450
NIFTY20OCT2217600CE.NFO,18/10/2022,09:16:58,39.8,39.75,2900,39.9,800,12200,3941450
NIFTY20OCT2217600CE.NFO,18/10/2022,09:16:59,39.85,39.75,1650,39.85,50,8250,3941450
NIFTY20OCT2217600CE.NFO,18/10/2022,09:17:00,40,39.85,2750,40,31750,15050,3941450
NIFTY20OCT2217600CE.NFO,18/10/2022,09:17:01,39.8,39.75,150,39.85,2450,61000,3941450
NIFTY20OCT2217600CE.NFO,18/10/2022,09:17:03,39.95,39.85,250,39.95,1950,23500,3941450
NIFTY20OCT2217600CE.NFO,18/10/2022,09:17:04,40.15,40.15,500,40.25,1100,26650,3941450
NIFTY20OCT2217600CE.NFO,18/10/2022,09:17:05,40.4,40.4,1650,40.55,1550,30150,3941450
NIFTY20OCT2217600CE.NFO,18/10/2022,09:17:06,40.8,40.85,350,40.95,1650,17100,3941450
NIFTY20OCT2217600CE.NFO,18/10/2022,09:17:07,41.3,41.3,300,41.4,1400,32500,3941450
NIFTY20OCT2217600CE.NFO,18/10/2022,09:17:09,41.3,41.25,1700,41.4,1200,21150,3941450
NIFTY20OCT2217600CE.NFO,18/10/2022,09:17:10,41.7,41.65,1350,41.7,50,35400,3941450
NIFTY20OCT2217600CE.NFO,18/10/2022,09:17:11,41.75,41.65,3150,41.8,1300,15650,3941450
NIFTY20OCT2217600CE.NFO,18/10/2022,09:17:12,41.15,41.2,2600,41.35,2750,19950,3941450
NIFTY20OCT2217600CE.NFO,18/10/2022,09:17:13,40.75,40.75,200,40.8,100,34500,3941450
NIFTY20OCT2217600CE.NFO,18/10/2022,09:17:14,41.35,41.35,150,41.4,1050,24900,3941450
NIFTY20OCT2217600CE.NFO,18/10/2022,09:17:15,41.05,40.9,1750,41.05,1350,24200,3941450
NIFTY20OCT2217600CE.NFO,18/10/2022,09:17:16,40.95,40.95,3950,41.1,2150,16050,3941450
NIFTY20OCT2217600CE.NFO,18/10/2022,09:17:16,41.1,41.05,1900,41.15,50,2000,3941450
NIFTY20OCT2217600CE.NFO,18/10/2022,09:17:18,40.95,40.9,450,41,3450,18350,3941450
NIFTY20OCT2217600CE.NFO,18/10/2022,09:17:19,40.95,40.85,1550,40.95,450,15250,3941450
NIFTY20OCT2217600CE.NFO,18/10/2022,09:17:20,40.9,40.85,200,40.95,1200,20100,3941450
NIFTY20OCT2217600CE.NFO,18/10/2022,09:17:21,41,40.95,2350,41.05,1200,17150,3941450
NIFTY20OCT2217600CE.NFO,18/10/2022,09:17:22,42.4,42.25,1700,42.35,50,82750,3941450
NIFTY20OCT2217600CE.NFO,18/10/2022,09:17:22,42.85,42.25,1700,42.35,50,0,3941450
NIFTY20OCT2217600CE.NFO,18/10/2022,09:17:23,42.4,42.4,650,42.5,1050,30050,3941450
NIFTY20OCT2217600CE.NFO,18/10/2022,09:17:24,42.55,42.5,1400,42.65,2500,15650,3941450
NIFTY20OCT2217600CE.NFO,18/10/2022,09:17:25,41.8,41.85,2150,41.95,1000,26600,3941450
NIFTY20OCT2217600CE.NFO,18/10/2022,09:17:26,42,42.1,2050,42.25,1900,8400,3941450
NIFTY20OCT2217600CE.NFO,18/10/2022,09:17:27,41.85,41.75,750,41.9,3000,19350,3941450
NIFTY20OCT2217600CE.NFO,18/10/2022,09:17:28,41.75,41.65,200,41.75,1050,11800,3941450
NIFTY20OCT2217600CE.NFO,18/10/2022,09:17:29,41.8,41.75,100,41.8,150,11450,3941450
NIFTY20OCT2217600CE.NFO,18/10/2022,09:17:30,41.7,41.6,50,41.7,1150,3450,3941450
NIFTY20OCT2217600CE.NFO,18/10/2022,09:17:31,42.15,42.15,200,42.2,1900,30200,3941450
NIFTY20OCT2217600CE.NFO,18/10/2022,09:17:32,42.2,42.05,3200,42.15,1350,8950,3941450
NIFTY20OCT2217600CE.NFO,18/10/2022,09:17:33,42.3,42.15,2100,42.3,4300,10650,4014700
NIFTY20OCT2217600CE.NFO,18/10/2022,09:17:34,42.1,42.1,1250,42.2,1450,17500,4014700
NIFTY20OCT2217600CE.NFO,18/10/2022,09:17:35,41.9,41.9,1050,42,350,30700,4014700
NIFTY20OCT2217600CE.NFO,18/10/2022,09:17:36,42,41.95,1200,42.1,2450,2050,4014700
NIFTY20OCT2217600CE.NFO,18/10/2022,09:17:37,41.35,41.3,2550,41.4,350,24600,4014700
NIFTY20OCT2217600CE.NFO,18/10/2022,09:17:38,40.95,40.85,3250,40.95,450,24100,4014700
NIFTY20OCT2217600CE.NFO,18/10/2022,09:17:39,40.55,40.55,350,40.6,50,24850,4014700
NIFTY20OCT2217600CE.NFO,18/10/2022,09:17:40,40.7,40.65,350,40.7,2400,20600,4014700
NIFTY20OCT2217600CE.NFO,18/10/2022,09:17:41,40.55,40.55,2700,40.65,1450,8300,4014700
NIFTY20OCT2217600CE.NFO,18/10/2022,09:17:42,40.65,40.55,2800,40.65,1500,16250,4014700
NIFTY20OCT2217600CE.NFO,18/10/2022,09:17:43,40.95,40.95,1750,41.05,2300,13550,4014700
NIFTY20OCT2217600CE.NFO,18/10/2022,09:17:44,40.9,40.9,2750,41,1500,14700,4014700
NIFTY20OCT2217600CE.NFO,18/10/2022,09:17:45,41,41,3050,41.15,3400,18500,4014700
NIFTY20OCT2217600CE.NFO,18/10/2022,09:17:46,41.1,41,2200,41.1,1450,1500,4014700
NIFTY20OCT2217600CE.NFO,18/10/2022,09:17:47,40.9,40.85,1600,40.95,1350,13900,4014700
NIFTY20OCT2217600CE.NFO,18/10/2022,09:17:48,40.5,40.5,650,40.55,200,30400,4014700
NIFTY20OCT2217600CE.NFO,18/10/2022,09:17:49,40.5,40.4,2300,40.5,1600,8500,4014700
NIFTY20OCT2217600CE.NFO,18/10/2022,09:17:50,40.15,40.1,3750,40.2,1450,31450,4014700
NIFTY20OCT2217600CE.NFO,18/10/2022,09:17:51,39.8,39.8,3450,39.9,50,57500,4014700
NIFTY20OCT2217600CE.NFO,18/10/2022,09:17:52,39.85,39.8,1450,39.85,50,3200,4014700
NIFTY20OCT2217600CE.NFO,18/10/2022,09:17:53,40.05,39.95,150,40.05,1600,22100,4014700
NIFTY20OCT2217600CE.NFO,18/10/2022,09:17:54,39.65,39.65,2700,39.75,1750,20100,4014700
NIFTY20OCT2217600CE.NFO,18/10/2022,09:17:55,39.5,39.5,2600,39.6,2250,9100,4014700
NIFTY20OCT2217600CE.NFO,18/10/2022,09:17:56,39.45,39.45,1350,39.55,1750,10350,4014700
NIFTY20OCT2217600CE.NFO,18/10/2022,09:17:57,39.5,39.5,1400,39.55,50,9700,4014700
NIFTY20OCT2217600CE.NFO,18/10/2022,09:17:58,39.7,39.65,1600,39.75,3200,16100,4014700
NIFTY20OCT2217600CE.NFO,18/10/2022,09:17:59,39.7,39.65,2100,39.75,1650,1750,4014700
NIFTY20OCT2217600CE.NFO,18/10/2022,09:18:00,39.55,39.6,1450,39.7,1700,13800,4014700
NIFTY20OCT2217600CE.NFO,18/10/2022,09:18:01,39.8,39.7,2550,39.85,5800,22300,4014700
NIFTY20OCT2217600CE.NFO,18/10/2022,09:18:02,39.45,39.45,50,39.5,2550,16150,4014700
NIFTY20OCT2217600CE.NFO,18/10/2022,09:18:03,39.85,39.85,1300,39.9,200,9250,4014700
NIFTY20OCT2217600CE.NFO,18/10/2022,09:18:04,39.55,39.6,2800,39.7,3050,11900,4014700
NIFTY20OCT2217600CE.NFO,18/10/2022,09:18:05,39.85,39.85,1150,39.9,250,2400,4014700
NIFTY20OCT2217600CE.NFO,18/10/2022,09:18:06,40.35,40.35,2650,40.45,2800,14400,4014700
NIFTY20OCT2217600CE.NFO,18/10/2022,09:18:07,40.65,40.65,1700,40.75,2400,16850,4014700
NIFTY20OCT2217600CE.NFO,18/10/2022,09:18:08,40.8,40.8,2600,40.9,1500,17150,4014700
NIFTY20OCT2217600CE.NFO,18/10/2022,09:18:09,40.95,40.95,200,41,1000,21400,4014700
NIFTY20OCT2217600CE.NFO,18/10/2022,09:18:10,40.35,40.3,3750,40.4,3500,17950,4014700
NIFTY20OCT2217600CE.NFO,18/10/2022,09:18:11,40.85,40.85,2100,40.95,2300,26050,4014700
NIFTY20OCT2217600CE.NFO,18/10/2022,09:18:12,41.25,41.2,300,41.25,750,15250,4014700
NIFTY20OCT2217600CE.NFO,18/10/2022,09:18:13,40.5,40.45,2650,40.55,2600,13000,4014700
NIFTY20OCT2217600CE.NFO,18/10/2022,09:18:14,40.55,40.5,2550,40.6,5500,450,4014700
NIFTY20OCT2217600CE.NFO,18/10/2022,09:18:15,40.85,40.75,3700,40.85,2400,18450,4014700
NIFTY20OCT2217600CE.NFO,18/10/2022,09:18:16,41.1,41,200,41.1,3750,20250,4014700
NIFTY20OCT2217600CE.NFO,18/10/2022,09:18:17,41.15,41.15,200,41.2,2150,14350,4014700
NIFTY20OCT2217600CE.NFO,18/10/2022,09:18:18,41.3,41.2,1650,41.3,7200,12250,4014700
NIFTY20OCT2217600CE.NFO,18/10/2022,09:18:19,41.35,41.2,3400,41.3,50,4900,4014700
NIFTY20OCT2217600CE.NFO,18/10/2022,09:18:20,41.5,41.4,3450,41.55,6100,7150,4014700
NIFTY20OCT2217600CE.NFO,18/10/2022,09:18:21,41.45,41.35,3000,41.45,3800,750,4014700
NIFTY20OCT2217600CE.NFO,18/10/2022,09:18:22,41.55,41.5,2650,41.6,3200,8800,4014700
NIFTY20OCT2217600CE.NFO,18/10/2022,09:18:23,41.3,41.25,3100,41.35,2600,7350,4014700
NIFTY20OCT2217600CE.NFO,18/10/2022,09:18:24,41,41,3000,41.1,4600,8950,4014700
NIFTY20OCT2217600CE.NFO,18/10/2022,09:18:25,40.9,40.8,4400,40.9,3850,15050,4014700
NIFTY20OCT2217600CE.NFO,18/10/2022,09:18:26,40.3,40.25,1950,40.35,150,14600,4014700
NIFTY20OCT2217600CE.NFO,18/10/2022,09:18:27,40.2,40.15,1650,40.25,6800,8200,4014700
NIFTY20OCT2217600CE.NFO,18/10/2022,09:18:28,40,40,9300,40.05,6950,20500,4014700
NIFTY20OCT2217600CE.NFO,18/10/2022,09:18:29,39.8,39.7,1150,39.75,150,31700,4014700
NIFTY20OCT2217600CE.NFO,18/10/2022,09:18:30,40.1,40,3400,40.1,4500,22150,4014700
NIFTY20OCT2217600CE.NFO,18/10/2022,09:18:31,40,39.95,3850,40.1,5550,8450,4014700
NIFTY20OCT2217600CE.NFO,18/10/2022,09:18:32,40.3,40.3,1450,40.35,50,5250,4014700
NIFTY20OCT2217600CE.NFO,18/10/2022,09:18:33,40,40.05,50,40.1,2400,6600,4014700
NIFTY20OCT2217600CE.NFO,18/10/2022,09:18:34,40.2,40.25,4750,40.35,2400,9350,4014700
NIFTY20OCT2217600CE.NFO,18/10/2022,09:18:35,40.2,40.15,1850,40.25,7750,350,4014700
NIFTY20OCT2217600CE.NFO,18/10/2022,09:18:36,40.1,40.1,2150,40.2,4950,15900,4014700
NIFTY20OCT2217600CE.NFO,18/10/2022,09:18:37,40.1,40.1,2050,40.2,6200,3800,4014700
NIFTY20OCT2217600CE.NFO,18/10/2022,09:18:38,40.3,40.25,3150,40.35,2150,4600,4014700
NIFTY20OCT2217600CE.NFO,18/10/2022,09:18:39,40.65,40.6,550,40.65,1350,8800,4014700
NIFTY20OCT2217600CE.NFO,18/10/2022,09:18:40,40.6,40.55,650,40.6,1700,39050,4014700
NIFTY20OCT2217600CE.NFO,18/10/2022,09:18:41,40.8,40.8,2550,40.9,6450,4050,4014700
NIFTY20OCT2217600CE.NFO,18/10/2022,09:18:42,40.8,40.7,4400,40.8,450,12050,4014700
NIFTY20OCT2217600CE.NFO,18/10/2022,09:18:43,40.8,40.65,3250,40.8,8800,5800,4014700
NIFTY20OCT2217600CE.NFO,18/10/2022,09:18:44,40.75,40.65,6050,40.8,7500,1800,4014700
NIFTY20OCT2217600CE.NFO,18/10/2022,09:18:45,40.25,40.15,50,40.2,2650,12900,4014700
NIFTY20OCT2217600CE.NFO,18/10/2022,09:18:46,39.9,39.7,2850,39.8,4900,21450,4014700
NIFTY20OCT2217600CE.NFO,18/10/2022,09:18:47,39.85,39.8,4550,39.95,4450,12950,4014700
NIFTY20OCT2217600CE.NFO,18/10/2022,09:18:48,40,40,3900,40.1,5250,6150,4014700
NIFTY20OCT2217600CE.NFO,18/10/2022,09:18:49,40,40,100,40.05,3500,2550,4014700
NIFTY20OCT2217600CE.NFO,18/10/2022,09:18:50,40.2,40.2,2300,40.25,100,15700,4014700
NIFTY20OCT2217600CE.NFO,18/10/2022,09:18:51,40.1,40,2450,40.1,2850,4750,4014700
NIFTY20OCT2217600CE.NFO,18/10/2022,09:18:52,39.95,39.85,3700,39.9,350,18550,4014700
NIFTY20OCT2217600CE.NFO,18/10/2022,09:18:53,39.95,39.85,2150,39.95,2450,10750,4014700
NIFTY20OCT2217600CE.NFO,18/10/2022,09:18:54,39.6,39.6,3000,39.65,100,23000,4014700
NIFTY20OCT2217600CE.NFO,18/10/2022,09:18:55,39.6,39.6,500,39.7,5300,3800,4014700
NIFTY20OCT2217600CE.NFO,18/10/2022,09:18:56,39.7,39.6,750,39.7,5200,3900,4014700
NIFTY20OCT2217600CE.NFO,18/10/2022,09:18:57,39.5,39.4,2450,39.5,5900,5700,4014700
NIFTY20OCT2217600CE.NFO,18/10/2022,09:18:58,39.55,39.4,5350,39.5,2100,13450,4014700
NIFTY20OCT2217600CE.NFO,18/10/2022,09:18:59,39.2,39.1,2800,39.2,3850,11550,4014700
NIFTY20OCT2217600CE.NFO,18/10/2022,09:19:00,39.2,39.1,2300,39.2,5150,1300,4014700
NIFTY20OCT2217600CE.NFO,18/10/2022,09:19:01,40.55,40.55,200,40.6,4400,57300,4014700
NIFTY20OCT2217600CE.NFO,18/10/2022,09:19:02,40.45,40.45,300,40.5,1850,9750,4014700
NIFTY20OCT2217600CE.NFO,18/10/2022,09:19:03,40,40.05,150,40.1,50,10550,4014700
NIFTY20OCT2217600CE.NFO,18/10/2022,09:19:04,39.8,39.75,4400,39.85,2400,6450,4014700
NIFTY20OCT2217600CE.NFO,18/10/2022,09:19:05,39.8,39.7,6050,39.8,1000,250,4014700
NIFTY20OCT2217600CE.NFO,18/10/2022,09:19:06,39.75,39.7,2100,39.75,300,7000,4014700
NIFTY20OCT2217600CE.NFO,18/10/2022,09:19:07,39.45,39.4,1800,39.5,6600,8000,4014700
NIFTY20OCT2217600CE.NFO,18/10/2022,09:19:08,39.2,39.2,1050,39.25,50,7300,4014700
NIFTY20OCT2217600CE.NFO,18/10/2022,09:19:09,38.7,38.6,3000,38.65,50,32550,4014700
NIFTY20OCT2217600CE.NFO,18/10/2022,09:19:10,38.4,38.4,5050,38.45,50,18050,4014700
NIFTY20OCT2217600CE.NFO,18/10/2022,09:19:12,38.8,38.8,2400,38.85,2600,22150,4014700
NIFTY20OCT2217600CE.NFO,18/10/2022,09:19:13,38.9,38.9,5950,39,2400,9350,4014700
NIFTY20OCT2217600CE.NFO,18/10/2022,09:19:14,39.1,39,5700,39.1,3300,15850,4014700
NIFTY20OCT2217600CE.NFO,18/10/2022,09:19:15,38.9,38.9,5200,39,2350,19450,4014700
NIFTY20OCT2217600CE.NFO,18/10/2022,09:19:16,38.95,38.9,3050,39,7850,16350,4014700
NIFTY20OCT2217600CE.NFO,18/10/2022,09:19:17,38.75,38.65,4900,38.75,150,15550,4014700
NIFTY20OCT2217600CE.NFO,18/10/2022,09:19:18,38.75,38.7,100,38.75,4550,6950,4014700
NIFTY20OCT2217600CE.NFO,18/10/2022,09:19:19,38.8,38.7,6700,38.8,2800,5800,4014700
NIFTY20OCT2217600CE.NFO,18/10/2022,09:19:20,38.55,38.55,2400,38.65,5300,6900,4014700
NIFTY20OCT2217600CE.NFO,18/10/2022,09:19:21,38.65,38.65,2400,38.75,2650,10800,4014700
NIFTY20OCT2217600CE.NFO,18/10/2022,09:19:22,38.6,38.6,9450,38.7,3300,7950,4014700
NIFTY20OCT2217600CE.NFO,18/10/2022,09:19:23,38.65,38.6,7450,38.7,3800,4650,4014700
NIFTY20OCT2217600CE.NFO,18/10/2022,09:19:24,38.6,38.5,5450,38.6,3150,7750,4014700
NIFTY20OCT2217600CE.NFO,18/10/2022,09:19:25,38.35,38.4,2800,38.45,50,5350,4014700
NIFTY20OCT2217600CE.NFO,18/10/2022,09:19:26,38.3,38.25,4900,38.35,400,3900,4014700
NIFTY20OCT2217600CE.NFO,18/10/2022,09:19:27,38.2,38.1,3300,38.2,3050,5250,4014700
NIFTY20OCT2217600CE.NFO,18/10/2022,09:19:28,37.9,37.9,5600,38,2700,25150,4014700
NIFTY20OCT2217600CE.NFO,18/10/2022,09:19:29,37.8,37.8,800,37.85,50,5300,4014700
NIFTY20OCT2217600CE.NFO,18/10/2022,09:19:30,37.6,37.6,2550,37.65,150,8300,4014700
NIFTY20OCT2217600CE.NFO,18/10/2022,09:19:31,37.6,37.6,4850,37.7,2600,9750,4014700
NIFTY20OCT2217600CE.NFO,18/10/2022,09:19:32,37.65,37.55,4200,37.65,4450,14950,4014700
NIFTY20OCT2217600CE.NFO,18/10/2022,09:19:33,37.7,37.65,2800,37.75,3500,5650,4014700
NIFTY20OCT2217600CE.NFO,18/10/2022,09:19:34,37.7,37.65,3400,37.75,3350,5050,4014700
NIFTY20OCT2217600CE.NFO,18/10/2022,09:19:35,37.6,37.55,3050,37.65,4650,5600,4014700
NIFTY20OCT2217600CE.NFO,18/10/2022,09:19:36,37.75,37.65,5600,37.8,5600,8650,4014700
NIFTY20OCT2217600CE.NFO,18/10/2022,09:19:37,37.85,37.85,50,37.9,8050,6200,4014700
NIFTY20OCT2217600CE.NFO,18/10/2022,09:19:38,37.65,37.55,2900,37.65,2350,13600,4014700
NIFTY20OCT2217600CE.NFO,18/10/2022,09:19:39,37.5,37.4,5750,37.5,2600,12750,4014700
NIFTY20OCT2217600CE.NFO,18/10/2022,09:19:40,37.4,37.4,2350,37.45,800,7750,4014700
NIFTY20OCT2217600CE.NFO,18/10/2022,09:19:41,37.45,37.4,2850,37.45,50,5800,4014700
NIFTY20OCT2217600CE.NFO,18/10/2022,09:19:42,37.35,37.35,2800,37.45,2950,13500,4014700
NIFTY20OCT2217600CE.NFO,18/10/2022,09:19:43,37.5,37.4,50,37.45,2350,7600,4014700
NIFTY20OCT2217600CE.NFO,18/10/2022,09:19:44,37.45,37.4,3550,37.5,2900,6950,4014700
NIFTY20OCT2217600CE.NFO,18/10/2022,09:19:45,37.45,37.4,6800,37.5,2850,4400,4014700
NIFTY20OCT2217600CE.NFO,18/10/2022,09:19:46,37.45,37.4,7200,37.45,50,10200,4014700
NIFTY20OCT2217600CE.NFO,18/10/2022,09:19:47,37.55,37.45,600,37.55,3350,6550,4014700
NIFTY20OCT2217600CE.NFO,18/10/2022,09:19:48,37.45,37.4,550,37.45,5650,6900,4014700
NIFTY20OCT2217600CE.NFO,18/10/2022,09:19:49,37.6,37.6,400,37.65,200,12100,4014700
NIFTY20OCT2217600CE.NFO,18/10/2022,09:19:50,37.7,37.65,3050,37.7,750,24800,4014700
NIFTY20OCT2217600CE.NFO,18/10/2022,09:19:51,38.9,38.9,150,38.95,5250,70500,4014700
NIFTY20OCT2217600CE.NFO,18/10/2022,09:19:52,38.6,38.6,2900,38.65,150,35750,4014700
NIFTY20OCT2217600CE.NFO,18/10/2022,09:19:53,38.7,38.6,3400,38.7,3600,10450,4014700
NIFTY20OCT2217600CE.NFO,18/10/2022,09:19:54,39.1,39,3600,39.1,7450,27300,4014700
NIFTY20OCT2217600CE.NFO,18/10/2022,09:19:55,38.9,38.9,150,38.95,4900,12200,4014700
NIFTY20OCT2217600CE.NFO,18/10/2022,09:19:57,39.15,39.05,2800,39.15,5900,30600,4014700
NIFTY20OCT2217600CE.NFO,18/10/2022,09:19:57,39.1,39.1,4850,39.2,4150,150,4014700
NIFTY20OCT2217600CE.NFO,18/10/2022,09:19:58,39.5,39.45,400,39.5,3000,9550,4014700
NIFTY20OCT2217600CE.NFO,18/10/2022,09:19:59,39.55,39.55,2750,39.65,7200,6100,4014700
NIFTY20OCT2217600CE.NFO,18/10/2022,09:20:00,39.9,39.9,600,39.95,2950,19800,4014700
NIFTY20OCT2217600CE.NFO,18/10/2022,09:20:01,40.35,40.35,2800,40.45,5750,61700,4014700
NIFTY20OCT2217600CE.NFO,18/10/2022,09:20:02,40.25,40.2,4200,40.3,1450,23600,4014700
NIFTY20OCT2217600CE.NFO,18/10/2022,09:20:03,40.3,40.3,150,40.4,3650,10400,4014700
NIFTY20OCT2217600CE.NFO,18/10/2022,09:20:04,40.25,40.3,4800,40.4,4750,15300,4014700
NIFTY20OCT2217600CE.NFO,18/10/2022,09:20:06,40.8,40.7,2800,40.8,4850,23400,4014700
NIFTY20OCT2217600CE.NFO,18/10/2022,09:20:07,40.75,40.7,2800,40.8,2800,27700,4014700
NIFTY20OCT2217600CE.NFO,18/10/2022,09:20:08,40.8,40.75,1100,40.85,3050,12200,4014700
NIFTY20OCT2217600CE.NFO,18/10/2022,09:20:09,41.1,41.05,2950,41.1,2900,52800,4014700
NIFTY20OCT2217600CE.NFO,18/10/2022,09:20:10,41.35,41.25,1950,41.35,4450,18250,4014700
NIFTY20OCT2217600CE.NFO,18/10/2022,09:20:11,41.4,41.4,2800,41.5,3000,24250,4014700
NIFTY20OCT2217600CE.NFO,18/10/2022,09:20:12,41.75,41.75,3000,41.8,600,20950,4014700
NIFTY20OCT2217600CE.NFO,18/10/2022,09:20:13,41.9,41.75,6850,41.85,1500,12400,4014700
NIFTY20OCT2217600CE.NFO,18/10/2022,09:20:15,42.1,42,2950,42.1,4000,48250,4014700
NIFTY20OCT2217600CE.NFO,18/10/2022,09:20:15,42.3,42.25,2500,42.35,2850,8200,4014700
NIFTY20OCT2217600CE.NFO,18/10/2022,09:20:16,42.4,42.25,2950,42.35,3350,12750,4014700
NIFTY20OCT2217600CE.NFO,18/10/2022,09:20:17,42.8,42.7,4450,42.8,4550,44300,4014700
NIFTY20OCT2217600CE.NFO,18/10/2022,09:20:18,42.6,42.5,100,42.6,5200,26350,4014700
NIFTY20OCT2217600CE.NFO,18/10/2022,09:20:19,41.55,41.5,100,41.55,5600,34150,4014700
NIFTY20OCT2217600CE.NFO,18/10/2022,09:20:21,41.15,41.15,2800,41.25,5750,27500,4014700
NIFTY20OCT2217600CE.NFO,18/10/2022,09:20:22,40.95,41,2400,41.1,6300,22050,4014700
NIFTY20OCT2217600CE.NFO,18/10/2022,09:20:23,42.6,42.55,2800,42.6,500,40950,4014700
NIFTY20OCT2217600CE.NFO,18/10/2022,09:20:24,42.6,42.6,100,42.65,2850,41100,4014700
NIFTY20OCT2217600CE.NFO,18/10/2022,09:20:25,42.65,42.65,50,42.75,4500,18500,4014700
NIFTY20OCT2217600CE.NFO,18/10/2022,09:20:25,42.7,42.65,3900,42.75,5650,3150,4014700
NIFTY20OCT2217600CE.NFO,18/10/2022,09:20:26,42.4,42.35,50,42.4,2450,25850,4014700
NIFTY20OCT2217600CE.NFO,18/10/2022,09:20:27,42.45,42.45,5800,42.6,5200,10950,4014700
NIFTY20OCT2217600CE.NFO,18/10/2022,09:20:28,42.25,42.25,2800,42.35,2600,10550,4014700
NIFTY20OCT2217600CE.NFO,18/10/2022,09:20:29,42.3,42.2,2850,42.3,1850,10700,4014700
NIFTY20OCT2217600CE.NFO,18/10/2022,09:20:30,41.9,41.9,2800,41.95,150,15000,4014700
NIFTY20OCT2217600CE.NFO,18/10/2022,09:20:32,41.9,41.75,5600,41.9,9150,15050,4014700
NIFTY20OCT2217600CE.NFO,18/10/2022,09:20:32,41.95,41.85,4650,41.95,700,2450,4014700
NIFTY20OCT2217600CE.NFO,18/10/2022,09:20:33,42,42.05,1400,42.15,4250,18000,4014700
NIFTY20OCT2217600CE.NFO,18/10/2022,09:20:34,42.3,42.3,150,42.35,200,8750,4130000
NIFTY20OCT2217600CE.NFO,18/10/2022,09:20:35,42.55,42.5,6900,42.6,5550,14050,4130000
NIFTY20OCT2217600CE.NFO,18/10/2022,09:20:36,42.6,42.5,4200,42.6,4650,4050,4130000
NIFTY20OCT2217600CE.NFO,18/10/2022,09:20:37,42.25,42.25,4350,42.4,5350,23600,4130000
NIFTY20OCT2217600CE.NFO,18/10/2022,09:20:38,42.4,42.3,5050,42.4,1050,5950,4130000
NIFTY20OCT2217600CE.NFO,18/10/2022,09:20:39,42.2,42.2,5750,42.3,2950,10450,4130000
NIFTY20OCT2217600CE.NFO,18/10/2022,09:20:40,42.25,42.25,4300,42.35,6800,6250,4130000
NIFTY20OCT2217600CE.NFO,18/10/2022,09:20:42,42.5,42.45,1800,42.5,3200,18150,4130000
NIFTY20OCT2217600CE.NFO,18/10/2022,09:20:43,42.55,42.65,50,42.7,6200,7250,4130000
NIFTY20OCT2217600CE.NFO,18/10/2022,09:20:43,42.6,42.55,2850,42.65,5250,2400,4130000
NIFTY20OCT2217600CE.NFO,18/10/2022,09:20:44,42.55,42.5,3200,42.6,3000,5900,4130000
NIFTY20OCT2217600CE.NFO,18/10/2022,09:20:45,42.35,42.35,8300,42.5,4050,9250,4130000
NIFTY20OCT2217600CE.NFO,18/10/2022,09:20:46,42.45,42.45,2000,42.55,2600,8050,4130000
NIFTY20OCT2217600CE.NFO,18/10/2022,09:20:47,42,42.05,50,42.1,450,16450,4130000
NIFTY20OCT2217600CE.NFO,18/10/2022,09:20:48,41.45,41.5,3000,41.6,3250,32100,4130000
NIFTY20OCT2217600CE.NFO,18/10/2022,09:20:50,41.3,41.3,6300,41.4,200,6600,4130000
NIFTY20OCT2217600CE.NFO,18/10/2022,09:20:50,41.5,41.45,650,41.55,4600,2300,4130000
NIFTY20OCT2217600CE.NFO,18/10/2022,09:20:51,41.4,41.3,100,41.4,5900,12850,4130000
NIFTY20OCT2217600CE.NFO,18/10/2022,09:20:52,41.5,41.5,50,41.6,4350,17750,4130000
NIFTY20OCT2217600CE.NFO,18/10/2022,09:20:53,41.5,41.5,3900,41.6,950,9000,4130000
NIFTY20OCT2217600CE.NFO,18/10/2022,09:20:54,41.55,41.5,6300,41.6,3100,14900,4130000
NIFTY20OCT2217600CE.NFO,18/10/2022,09:20:56,41.7,41.65,3400,41.75,1150,7300,4130000
NIFTY20OCT2217600CE.NFO,18/10/2022,09:20:56,41.75,41.7,3750,41.8,3700,2350,4130000
NIFTY20OCT2217600CE.NFO,18/10/2022,09:20:57,41.7,41.8,150,41.9,8000,3900,4130000
NIFTY20OCT2217600CE.NFO,18/10/2022,09:20:58,42,41.9,4600,42,2600,6850,4130000
NIFTY20OCT2217600CE.NFO,18/10/2022,09:20:59,42.35,42.35,50,42.45,4650,31950,4130000
NIFTY20OCT2217600CE.NFO,18/10/2022,09:21:00,42.3,42.35,3600,42.45,2800,8850,4130000
NIFTY20OCT2217600CE.NFO,18/10/2022,09:21:01,42.45,42.35,50,42.45,3800,10350,4130000
NIFTY20OCT2217600CE.NFO,18/10/2022,09:21:02,42.25,42.25,2750,42.35,4900,4600,4130000
NIFTY20OCT2217600CE.NFO,18/10/2022,09:21:03,42.15,42.15,3100,42.25,2050,3450,4130000
NIFTY20OCT2217600CE.NFO,18/10/2022,09:21:04,41.9,41.9,2550,42,3350,16950,4130000
NIFTY20OCT2217600CE.NFO,18/10/2022,09:21:05,41.85,41.75,3050,41.85,50,16700,4130000
NIFTY20OCT2217600CE.NFO,18/10/2022,09:21:06,41.85,41.75,650,41.85,5950,13750,4130000
NIFTY20OCT2217600CE.NFO,18/10/2022,09:21:08,41.6,41.55,1350,41.7,6000,11300,4130000
NIFTY20OCT2217600CE.NFO,18/10/2022,09:21:08,41.85,41.85,850,41.9,150,800,4130000
NIFTY20OCT2217600CE.NFO,18/10/2022,09:21:09,41.8,41.75,4850,41.9,4100,8800,4130000
NIFTY20OCT2217600CE.NFO,18/10/2022,09:21:10,41.75,41.65,1050,41.75,4750,6000,4130000
NIFTY20OCT2217600CE.NFO,18/10/2022,09:21:11,41.7,41.65,4150,41.75,2000,5550,4130000
NIFTY20OCT2217600CE.NFO,18/10/2022,09:21:12,41.7,41.7,50,41.8,6000,4300,4130000
NIFTY20OCT2217600CE.NFO,18/10/2022,09:21:13,41.75,41.75,50,41.8,6600,8550,4130000
NIFTY20OCT2217600CE.NFO,18/10/2022,09:21:14,41.85,41.75,200,41.85,2950,17450,4130000
NIFTY20OCT2217600CE.NFO,18/10/2022,09:21:15,41.75,41.65,3050,41.75,6200,2950,4130000
NIFTY20OCT2217600CE.NFO,18/10/2022,09:21:16,41.75,41.65,3000,41.75,2800,5500,4130000
NIFTY20OCT2217600CE.NFO,18/10/2022,09:21:17,41.55,41.5,900,41.6,6950,8750,4130000
NIFTY20OCT2217600CE.NFO,18/10/2022,09:21:18,41.6,41.5,3300,41.6,1150,8050,4130000
NIFTY20OCT2217600CE.NFO,18/10/2022,09:21:19,41.6,41.5,50,41.55,2200,7250,4130000
NIFTY20OCT2217600CE.NFO,18/10/2022,09:21:20,41.7,41.55,4800,41.7,7350,9750,4130000
NIFTY20OCT2217600CE.NFO,18/10/2022,09:21:21,41.5,41.55,150,41.65,4250,4800,4130000
NIFTY20OCT2217600CE.NFO,18/10/2022,09:21:22,41.5,41.5,750,41.6,5600,3100,4130000
NIFTY20OCT2217600CE.NFO,18/10/2022,09:21:23,41.55,41.45,2800,41.5,2800,5900,4130000
NIFTY20OCT2217600CE.NFO,18/10/2022,09:21:24,41.6,41.5,50,41.6,7200,8750,4130000
NIFTY20OCT2217600CE.NFO,18/10/2022,09:21:25,41.75,41.75,5650,41.85,3900,8850,4130000
NIFTY20OCT2217600CE.NFO,18/10/2022,09:21:26,41.85,41.75,8750,41.9,6850,18950,4130000
NIFTY20OCT2217600CE.NFO,18/10/2022,09:21:27,41.8,41.7,5450,41.8,4000,3600,4130000
NIFTY20OCT2217600CE.NFO,18/10/2022,09:21:28,42.05,42,1900,42.1,4450,10350,4130000
NIFTY20OCT2217600CE.NFO,18/10/2022,09:21:29,41.7,41.65,5900,41.75,3450,16750,4130000
NIFTY20OCT2217600CE.NFO,18/10/2022,09:21:30,41.65,41.65,2200,41.75,7000,3250,4130000
NIFTY20OCT2217600CE.NFO,18/10/2022,09:21:31,41.55,41.45,3150,41.55,650,22700,4130000
NIFTY20OCT2217600CE.NFO,18/10/2022,09:21:32,41.2,41.2,4250,41.3,3300,14550,4130000
NIFTY20OCT2217600CE.NFO,18/10/2022,09:21:33,41.2,41.2,950,41.3,2900,4150,4130000
NIFTY20OCT2217600CE.NFO,18/10/2022,09:21:34,41.3,41.25,200,41.3,2800,10800,4130000
NIFTY20OCT2217600CE.NFO,18/10/2022,09:21:35,41.25,41.2,50,41.25,3300,12100,4130000
NIFTY20OCT2217600CE.NFO,18/10/2022,09:21:36,41.1,41.1,4000,41.2,3750,9950,4130000
NIFTY20OCT2217600CE.NFO,18/10/2022,09:21:37,41.1,41.05,3050,41.1,400,7950,4130000
NIFTY20OCT2217600CE.NFO,18/10/2022,09:21:38,41.15,41.15,50,41.2,3000,5250,4130000
NIFTY20OCT2217600CE.NFO,18/10/2022,09:21:39,41.4,41.4,4150,41.45,300,11850,4130000
NIFTY20OCT2217600CE.NFO,18/10/2022,09:21:40,41.55,41.45,50,41.55,4300,1800,4130000
NIFTY20OCT2217600CE.NFO,18/10/2022,09:21:41,41.45,41.45,3600,41.55,3400,13100,4130000
NIFTY20OCT2217600CE.NFO,18/10/2022,09:21:42,41.65,41.7,1850,41.75,2400,25700,4130000
NIFTY20OCT2217600CE.NFO,18/10/2022,09:21:43,41.9,41.8,4550,41.9,3000,22350,4130000
NIFTY20OCT2217600CE.NFO,18/10/2022,09:21:44,42.05,42,5800,42.1,4150,19550,4130000
NIFTY20OCT2217600CE.NFO,18/10/2022,09:21:45,42.5,42.5,4600,42.6,2750,16600,4130000
NIFTY20OCT2217600CE.NFO,18/10/2022,09:21:46,43.15,43,3250,43.1,2800,39250,4130000
NIFTY20OCT2217600CE.NFO,18/10/2022,09:21:46,43.3,43,3250,43.1,2800,0,4130000
NIFTY20OCT2217600CE.NFO,18/10/2022,09:21:47,43.25,43.25,5100,43.35,3500,16250,4130000
NIFTY20OCT2217600CE.NFO,18/10/2022,09:21:47,43.4,43.25,5100,43.35,3500,0,4130000
NIFTY20OCT2217600CE.NFO,18/10/2022,09:21:48,43.55,43.55,6300,43.7,5700,27600,4130000
NIFTY20OCT2217600CE.NFO,18/10/2022,09:21:48,43.85,43.55,6300,43.7,5700,0,4130000
NIFTY20OCT2217600CE.NFO,18/10/2022,09:21:49,43.7,43.7,3300,43.8,2750,19450,4130000
NIFTY20OCT2217600CE.NFO,18/10/2022,09:21:50,43.75,43.65,250,43.75,3300,29600,4130000
NIFTY20OCT2217600CE.NFO,18/10/2022,09:21:52,43.6,43.55,3700,43.65,2900,42450,4130000
NIFTY20OCT2217600CE.NFO,18/10/2022,09:21:52,43.55,43.5,4500,43.65,5750,2800,4130000
NIFTY20OCT2217600CE.NFO,18/10/2022,09:21:53,43.7,43.65,50,43.7,2800,21900,4130000
NIFTY20OCT2217600CE.NFO,18/10/2022,09:21:54,44,43.95,2450,44,1350,25650,4130000
NIFTY20OCT2217600CE.NFO,18/10/2022,09:21:54,44.05,43.95,2450,44,1350,0,4130000
NIFTY20OCT2217600CE.NFO,18/10/2022,09:21:55,44.15,44.15,5550,44.2,50,11450,4130000
NIFTY20OCT2217600CE.NFO,18/10/2022,09:21:55,44.25,44.15,5550,44.2,50,0,4130000
NIFTY20OCT2217600CE.NFO,18/10/2022,09:21:56,44.2,44,8400,44.1,200,5950,4130000
NIFTY20OCT2217600CE.NFO,18/10/2022,09:21:57,44,44,2250,44.1,3300,12050,4130000
NIFTY20OCT2217600CE.NFO,18/10/2022,09:21:58,43.8,43.8,3550,43.95,6300,13850,4130000
NIFTY20OCT2217600CE.NFO,18/10/2022,09:21:59,43.9,43.85,4050,43.95,150,20650,4130000
NIFTY20OCT2217600CE.NFO,18/10/2022,09:21:59,44.3,43.85,4050,43.95,150,0,4130000
NIFTY20OCT2217600CE.NFO,18/10/2022,09:22:00,44.45,44.4,2200,44.45,2350,29650,4130000
NIFTY20OCT2217600CE.NFO,18/10/2022,09:22:00,44.6,44.4,2200,44.45,2350,0,4130000
NIFTY20OCT2217600CE.NFO,18/10/2022,09:22:01,44.7,44.6,6000,44.75,4700,10150,4130000
NIFTY20OCT2217600CE.NFO,18/10/2022,09:22:01,44.75,44.6,6000,44.75,4700,0,4130000
NIFTY20OCT2217600CE.NFO,18/10/2022,09:22:03,44.4,44.35,2800,44.45,7200,8350,4130000
NIFTY20OCT2217600CE.NFO,18/10/2022,09:22:03,44.3,44.3,900,44.4,7000,3100,4130000
NIFTY20OCT2217600CE.NFO,18/10/2022,09:22:04,44.55,44.45,4600,44.55,3000,14050,4130000
NIFTY20OCT2217600CE.NFO,18/10/2022,09:22:05,44.45,44.4,3850,44.5,5450,11100,4130000
NIFTY20OCT2217600CE.NFO,18/10/2022,09:22:06,44.35,44.2,5550,44.35,7400,7850,4130000
NIFTY20OCT2217600CE.NFO,18/10/2022,09:22:07,44.05,44.1,2800,44.15,250,13500,4130000
NIFTY20OCT2217600CE.NFO,18/10/2022,09:22:08,44.1,44.1,2650,44.15,200,5750,4130000
NIFTY20OCT2217600CE.NFO,18/10/2022,09:22:09,43.8,43.75,2800,43.85,6300,16650,4130000
NIFTY20OCT2217600CE.NFO,18/10/2022,09:22:10,43.85,43.8,6850,43.9,3050,18750,4130000
NIFTY20OCT2217600CE.NFO,18/10/2022,09:22:11,44.15,44.05,500,44.1,600,20950,4130000
NIFTY20OCT2217600CE.NFO,18/10/2022,09:22:12,44.25,44.15,3200,44.25,5650,13200,4130000
NIFTY20OCT2217600CE.NFO,18/10/2022,09:22:14,44.1,44,2550,44.1,2950,11100,4130000
NIFTY20OCT2217600CE.NFO,18/10/2022,09:22:15,44.2,44.2,5600,44.3,2900,12150,4130000
NIFTY20OCT2217600CE.NFO,18/10/2022,09:22:16,44.25,44.15,6400,44.25,3550,8450,4130000
NIFTY20OCT2217600CE.NFO,18/10/2022,09:22:16,44.1,44.1,3450,44.2,200,1950,4130000
NIFTY20OCT2217600CE.NFO,18/10/2022,09:22:17,44.35,44.25,6350,44.35,2650,5650,4130000
NIFTY20OCT2217600CE.NFO,18/10/2022,09:22:18,44.25,44.15,6300,44.3,7150,9650,4130000
NIFTY20OCT2217600CE.NFO,18/10/2022,09:22:19,44.25,44.3,850,44.4,4950,4150,4130000
NIFTY20OCT2217600CE.NFO,18/10/2022,09:22:20,44.4,44.4,50,44.5,7050,6250,4130000
NIFTY20OCT2217600CE.NFO,18/10/2022,09:22:21,44.6,44.55,2900,44.6,100,10100,4130000
NIFTY20OCT2217600CE.NFO,18/10/2022,09:22:22,44.45,44.45,2850,44.55,2800,10050,4130000
NIFTY20OCT2217600CE.NFO,18/10/2022,09:22:23,44.4,44.35,7250,44.4,150,9850,4130000
NIFTY20OCT2217600CE.NFO,18/10/2022,09:22:24,44.45,44.35,4450,44.45,3000,17250,4130000
NIFTY20OCT2217600CE.NFO,18/10/2022,09:22:26,44.1,44.1,2400,44.15,50,7250,4130000
NIFTY20OCT2217600CE.NFO,18/10/2022,09:22:27,43.95,43.95,50,44,300,28600,4130000
NIFTY20OCT2217600CE.NFO,18/10/2022,09:22:27,44.1,44.15,150,44.25,3000,2750,4130000
NIFTY20OCT2217600CE.NFO,18/10/2022,09:22:28,44.2,44.15,5650,44.25,3000,14100,4130000
NIFTY20OCT2217600CE.NFO,18/10/2022,09:22:29,44.2,44.2,5300,44.3,5750,6600,4130000
NIFTY20OCT2217600CE.NFO,18/10/2022,09:22:30,44,43.95,2850,44.05,300,19950,4130000
NIFTY20OCT2217600CE.NFO,18/10/2022,09:22:31,43.85,43.85,2950,43.95,4300,9350,4130000
NIFTY20OCT2217600CE.NFO,18/10/2022,09:22:32,43.35,43.35,6800,43.45,1500,21550,4130000
NIFTY20OCT2217600CE.NFO,18/10/2022,09:22:33,43.5,43.5,50,43.55,5700,14750,4130000
NIFTY20OCT2217600CE.NFO,18/10/2022,09:22:34,43.35,43.35,3750,43.45,2950,7300,4130000
NIFTY20OCT2217600CE.NFO,18/10/2022,09:22:36,43.55,43.45,5450,43.55,2800,16650,4130000
NIFTY20OCT2217600CE.NFO,18/10/2022,09:22:36,43.45,43.45,50,43.5,3100,3700,4130000
NIFTY20OCT2217600CE.NFO,18/10/2022,09:22:37,42.85,42.8,50,42.85,1800,31250,4130000
NIFTY20OCT2217600CE.NFO,18/10/2022,09:22:38,42.85,42.85,4150,42.95,4750,8250,4130000
NIFTY20OCT2217600CE.NFO,18/10/2022,09:22:39,42.85,42.85,3600,42.95,2950,14050,4130000
NIFTY20OCT2217600CE.NFO,18/10/2022,09:22:40,42.85,42.85,7950,43,6350,13000,4130000
NIFTY20OCT2217600CE.NFO,18/10/2022,09:22:42,43.25,43.15,5600,43.25,2450,22550,4130000
NIFTY20OCT2217600CE.NFO,18/10/2022,09:22:43,43.2,43.1,5150,43.2,5000,11400,4130000
NIFTY20OCT2217600CE.NFO,18/10/2022,09:22:44,43.55,43.45,6100,43.55,5450,16850,4130000
NIFTY20OCT2217600CE.NFO,18/10/2022,09:22:45,43.95,43.85,3000,43.95,3200,10300,4130000
NIFTY20OCT2217600CE.NFO,18/10/2022,09:22:45,43.85,43.7,2650,43.8,2450,4400,4130000
NIFTY20OCT2217600CE.NFO,18/10/2022,09:22:46,43.9,43.9,100,43.95,2800,27150,4130000
NIFTY20OCT2217600CE.NFO,18/10/2022,09:22:47,44.05,44,2800,44.1,1500,6600,4130000
NIFTY20OCT2217600CE.NFO,18/10/2022,09:22:48,44.2,44.2,3150,44.3,400,6750,4130000
NIFTY20OCT2217600CE.NFO,18/10/2022,09:22:49,44.35,44.3,100,44.4,2800,4750,4130000
NIFTY20OCT2217600CE.NFO,18/10/2022,09:22:50,44.4,44.35,7550,44.5,6600,12450,4130000
NIFTY20OCT2217600CE.NFO,18/10/2022,09:22:52,44.65,44.55,5850,44.65,100,13300,4130000
NIFTY20OCT2217600CE.NFO,18/10/2022,09:22:52,44.8,44.75,50,44.85,2950,3900,4130000
NIFTY20OCT2217600CE.NFO,18/10/2022,09:22:52,44.8,44.75,50,44.85,2950,0,4130000
NIFTY20OCT2217600CE.NFO,18/10/2022,09:22:53,44.75,44.7,2800,44.8,4400,5500,4130000
NIFTY20OCT2217600CE.NFO,18/10/2022,09:22:53,44.85,44.7,2800,44.8,4400,0,4130000
NIFTY20OCT2217600CE.NFO,18/10/2022,09:22:54,44.8,44.8,5000,44.95,4800,32450,4130000
NIFTY20OCT2217600CE.NFO,18/10/2022,09:22:54,45,44.8,5000,44.95,4800,0,4130000
NIFTY20OCT2217600CE.NFO,18/10/2022,09:22:56,45,44.9,3050,45,15800,11850,4130000
NIFTY20OCT2217600CE.NFO,18/10/2022,09:22:56,45,44.9,2650,45,10300,12250,4130000
NIFTY20OCT2217600CE.NFO,18/10/2022,09:22:57,44.9,44.8,2800,44.9,4050,11100,4130000
NIFTY20OCT2217600CE.NFO,18/10/2022,09:22:59,44.65,44.5,100,44.6,5850,16300,4130000
NIFTY20OCT2217600CE.NFO,18/10/2022,09:22:59,44.65,44.6,50,44.65,2850,3700,4130000
NIFTY20OCT2217600CE.NFO,18/10/2022,09:23:00,44.6,44.5,3400,44.6,3300,10600,4130000
NIFTY20OCT2217600CE.NFO,18/10/2022,09:23:02,45.3,45.35,150,45.45,5650,39100,4130000
NIFTY20OCT2217600CE.NFO,18/10/2022,09:23:02,45.6,45.35,150,45.45,5650,0,4130000
NIFTY20OCT2217600CE.NFO,18/10/2022,09:23:03,45.35,45.35,150,45.45,2900,9750,4130000
NIFTY20OCT2217600CE.NFO,18/10/2022,09:23:04,45.4,45.35,5350,45.4,500,11100,4130000
NIFTY20OCT2217600CE.NFO,18/10/2022,09:23:05,45.6,45.55,3750,45.6,50,16350,4130000
NIFTY20OCT2217600CE.NFO,18/10/2022,09:23:05,45.65,45.55,3750,45.6,50,0,4130000
NIFTY20OCT2217600CE.NFO,18/10/2022,09:23:05,45.5,45.5,5150,45.6,3550,5400,4130000
NIFTY20OCT2217600CE.NFO,18/10/2022,09:23:05,45.7,45.5,5150,45.6,3550,0,4130000
NIFTY20OCT2217600CE.NFO,18/10/2022,09:23:06,45.8,45.7,100,45.8,3150,16450,4130000
NIFTY20OCT2217600CE.NFO,18/10/2022,09:23:06,45.8,45.7,100,45.8,3150,0,4130000
NIFTY20OCT2217600CE.NFO,18/10/2022,09:23:07,45.85,45.85,3900,45.95,4750,20100,4130000
NIFTY20OCT2217600CE.NFO,18/10/2022,09:23:07,46,45.85,3900,45.95,4750,0,4130000
NIFTY20OCT2217600CE.NFO,18/10/2022,09:23:08,46.1,46,3100,46.1,2800,15300,4130000
NIFTY20OCT2217600CE.NFO,18/10/2022,09:23:08,46.1,46,3100,46.1,2800,0,4130000
NIFTY20OCT2217600CE.NFO,18/10/2022,09:23:09,46,45.95,2800,46,550,35950,4130000
NIFTY20OCT2217600CE.NFO,18/10/2022,09:23:09,46.3,45.95,2800,46,550,0,4130000
NIFTY20OCT2217600CE.NFO,18/10/2022,09:23:11,46,46,5650,46.1,3600,26150,4130000
NIFTY20OCT2217600CE.NFO,18/10/2022,09:23:12,45.75,45.8,3750,45.9,3950,13800,4130000
NIFTY20OCT2217600CE.NFO,18/10/2022,09:23:12,45.75,45.7,2800,45.75,200,6100,4130000
NIFTY20OCT2217600CE.NFO,18/10/2022,09:23:13,45.35,45.2,3100,45.3,4050,26700,4130000
NIFTY20OCT2217600CE.NFO,18/10/2022,09:23:14,45.6,45.55,150,45.65,3550,7350,4130000
NIFTY20OCT2217600CE.NFO,18/10/2022,09:23:15,45.8,45.75,350,45.85,3650,12800,4130000
NIFTY20OCT2217600CE.NFO,18/10/2022,09:23:17,45.85,45.8,50,45.85,2700,8100,4130000
NIFTY20OCT2217600CE.NFO,18/10/2022,09:23:18,45.75,45.7,8900,45.85,6100,9400,4130000
NIFTY20OCT2217600CE.NFO,18/10/2022,09:23:19,46.4,46.4,5500,46.55,6150,16150,4130000
NIFTY20OCT2217600CE.NFO,18/10/2022,09:23:19,46.6,46.4,5500,46.55,6150,0,4130000
NIFTY20OCT2217600CE.NFO,18/10/2022,09:23:20,46.5,46.35,4600,46.4,50,7750,4130000
NIFTY20OCT2217600CE.NFO,18/10/2022,09:23:20,46.8,46.65,2200,46.8,6150,15350,4130000
NIFTY20OCT2217600CE.NFO,18/10/2022,09:23:20,46.95,46.65,2200,46.8,6150,0,4130000
NIFTY20OCT2217600CE.NFO,18/10/2022,09:23:21,47.05,46.85,3800,47,3450,32650,4130000
NIFTY20OCT2217600CE.NFO,18/10/2022,09:23:21,47.15,46.85,3800,47,3450,0,4130000
NIFTY20OCT2217600CE.NFO,18/10/2022,09:23:22,47.1,47.25,200,47.35,3600,13550,4130000
NIFTY20OCT2217600CE.NFO,18/10/2022,09:23:22,47.2,47.25,200,47.35,3600,0,4130000
NIFTY20OCT2217600CE.NFO,18/10/2022,09:23:24,47.7,47.6,700,47.65,150,15550,4130000
NIFTY20OCT2217600CE.NFO,18/10/2022,09:23:24,47.7,47.6,700,47.65,150,0,4130000
NIFTY20OCT2217600CE.NFO,18/10/2022,09:23:25,48.1,48.05,3050,48.15,1250,36200,4130000
NIFTY20OCT2217600CE.NFO,18/10/2022,09:23:25,48.15,48.05,3050,48.15,1250,0,4130000
NIFTY20OCT2217600CE.NFO,18/10/2022,09:23:25,48,48,4650,48.15,4650,3950,4130000
NIFTY20OCT2217600CE.NFO,18/10/2022,09:23:25,48.25,48,4650,48.15,4650,0,4130000
NIFTY20OCT2217600CE.NFO,18/10/2022,09:23:26,48.25,48.2,3050,48.3,2700,16000,4130000
NIFTY20OCT2217600CE.NFO,18/10/2022,09:23:26,48.3,48.2,3050,48.3,2700,0,4130000
NIFTY20OCT2217600CE.NFO,18/10/2022,09:23:27,48.35,48.2,3550,48.35,6100,29650,4130000
NIFTY20OCT2217600CE.NFO,18/10/2022,09:23:27,48.5,48.2,3550,48.35,6100,0,4130000
NIFTY20OCT2217600CE.NFO,18/10/2022,09:23:28,48.65,48.5,200,48.6,150,20050,4130000
NIFTY20OCT2217600CE.NFO,18/10/2022,09:23:28,48.7,48.5,200,48.6,150,0,4130000
NIFTY20OCT2217600CE.NFO,18/10/2022,09:23:29,48.5,48.35,5200,48.5,3650,13450,4130000
NIFTY20OCT2217600CE.NFO,18/10/2022,09:23:31,47.85,47.7,700,47.8,3300,23500,4130000
NIFTY20OCT2217600CE.NFO,18/10/2022,09:23:32,47.4,47.4,3800,47.55,5450,13100,4130000
NIFTY20OCT2217600CE.NFO,18/10/2022,09:23:33,47.55,47.6,2950,47.75,7450,35550,4179350
NIFTY20OCT2217600CE.NFO,18/10/2022,09:23:33,47.5,47.5,2500,47.55,600,6100,4179350
NIFTY20OCT2217600CE.NFO,18/10/2022,09:23:34,47.2,47.2,100,47.25,2800,18950,4179350
NIFTY20OCT2217600CE.NFO,18/10/2022,09:23:35,47,47,50,47.1,6300,12400,4179350
NIFTY20OCT2217600CE.NFO,18/10/2022,09:23:36,47.3,47.15,4450,47.3,4600,21800,4179350
NIFTY20OCT2217600CE.NFO,18/10/2022,09:23:37,47.2,47.2,2750,47.3,2800,11850,4179350
NIFTY20OCT2217600CE.NFO,18/10/2022,09:23:38,47.35,47.2,5600,47.3,950,9100,4179350
NIFTY20OCT2217600CE.NFO,18/10/2022,09:23:39,47.2,47.15,2800,47.2,50,8250,4179350
NIFTY20OCT2217600CE.NFO,18/10/2022,09:23:40,47.35,47.25,2900,47.4,7800,9900,4179350
NIFTY20OCT2217600CE.NFO,18/10/2022,09:23:42,47.25,47.15,1600,47.25,1600,11600,4179350
NIFTY20OCT2217600CE.NFO,18/10/2022,09:23:43,47,46.9,5000,47,2350,15450,4179350
NIFTY20OCT2217600CE.NFO,18/10/2022,09:23:43,46.9,46.9,2800,47,5500,2450,4179350
NIFTY20OCT2217600CE.NFO,18/10/2022,09:23:44,46.9,46.9,200,47,8100,11800,4179350
NIFTY20OCT2217600CE.NFO,18/10/2022,09:23:45,46.65,46.6,50,46.65,5150,29750,4179350
NIFTY20OCT2217600CE.NFO,18/10/2022,09:23:46,46.65,46.55,1300,46.65,5400,9950,4179350
NIFTY20OCT2217600CE.NFO,18/10/2022,09:23:47,46.55,46.55,2550,46.7,5050,12050,4179350
NIFTY20OCT2217600CE.NFO,18/10/2022,09:23:48,47.05,47.05,3000,47.15,4600,26250,4179350
NIFTY20OCT2217600CE.NFO,18/10/2022,09:23:49,47.7,47.55,3500,47.65,2050,12750,4179350
NIFTY20OCT2217600CE.NFO,18/10/2022,09:23:50,47.95,47.9,200,47.95,2200,6850,4179350
NIFTY20OCT2217600CE.NFO,18/10/2022,09:23:52,48.25,48.3,2850,48.4,3050,11450,4179350
NIFTY20OCT2217600CE.NFO,18/10/2022,09:23:53,48.5,48.35,2950,48.45,1850,4850,4179350
NIFTY20OCT2217600CE.NFO,18/10/2022,09:23:54,48.5,48.4,5750,48.5,450,15750,4179350
NIFTY20OCT2217600CE.NFO,18/10/2022,09:23:54,48.45,48.45,2800,48.55,150,7800,4179350
NIFTY20OCT2217600CE.NFO,18/10/2022,09:23:56,48.7,48.7,2800,48.75,100,8850,4179350
NIFTY20OCT2217600CE.NFO,18/10/2022,09:23:56,48.75,48.7,2800,48.75,100,0,4179350
NIFTY20OCT2217600CE.NFO,18/10/2022,09:23:57,48.7,48.6,4250,48.75,5450,5600,4179350
NIFTY20OCT2217600CE.NFO,18/10/2022,09:23:57,48.8,48.6,4250,48.75,5450,0,4179350
NIFTY20OCT2217600CE.NFO,18/10/2022,09:23:58,48.85,48.7,5150,48.85,2900,11400,4179350
NIFTY20OCT2217600CE.NFO,18/10/2022,09:23:58,48.9,48.7,5150,48.85,2900,0,4179350
NIFTY20OCT2217600CE.NFO,18/10/2022,09:23:58,48.8,48.75,3050,48.8,100,3250,4179350
NIFTY20OCT2217600CE.NFO,18/10/2022,09:23:59,49.1,49.1,300,49.2,3200,15800,4179350
NIFTY20OCT2217600CE.NFO,18/10/2022,09:23:59,49.3,49.1,300,49.2,3200,0,4179350
NIFTY20OCT2217600CE.NFO,18/10/2022,09:24:01,49.75,49.65,550,49.75,5800,25300,4179350
NIFTY20OCT2217600CE.NFO,18/10/2022,09:24:01,49.8,49.65,550,49.75,5800,0,4179350
NIFTY20OCT2217600CE.NFO,18/10/2022,09:24:02,49.9,49.8,550,49.9,2800,16450,4179350
NIFTY20OCT2217600CE.NFO,18/10/2022,09:24:02,50,49.8,550,49.9,2800,0,4179350
NIFTY20OCT2217600CE.NFO,18/10/2022,09:24:03,49.65,49.65,3000,49.8,4050,9950,4179350
NIFTY20OCT2217600CE.NFO,18/10/2022,09:24:04,49.65,49.55,100,49.65,2900,20000,4179350
NIFTY20OCT2217600CE.NFO,18/10/2022,09:24:04,49.6,49.5,3400,49.6,2300,3300,4179350
NIFTY20OCT2217600CE.NFO,18/10/2022,09:24:05,49.45,49.3,3600,49.45,200,14100,4179350
NIFTY20OCT2217600CE.NFO,18/10/2022,09:24:06,49.3,49.25,6000,49.4,6150,17650,4179350
NIFTY20OCT2217600CE.NFO,18/10/2022,09:24:07,48.9,48.9,3600,49,200,20950,4179350
NIFTY20OCT2217600CE.NFO,18/10/2022,09:24:09,48.7,48.7,4450,48.85,6600,14350,4179350
NIFTY20OCT2217600CE.NFO,18/10/2022,09:24:09,48.65,48.65,7200,48.8,3200,13550,4179350
NIFTY20OCT2217600CE.NFO,18/10/2022,09:24:11,48.7,48.7,2050,48.8,3250,8150,4179350
NIFTY20OCT2217600CE.NFO,18/10/2022,09:24:12,48.9,48.75,3250,48.85,100,11050,4179350
NIFTY20OCT2217600CE.NFO,18/10/2022,09:24:12,48.8,48.7,200,48.8,5600,3400,4179350
NIFTY20OCT2217600CE.NFO,18/10/2022,09:24:13,49,48.85,50,48.95,3500,7850,4179350
NIFTY20OCT2217600CE.NFO,18/10/2022,09:24:14,49.15,49.1,200,49.2,4850,5150,4179350
NIFTY20OCT2217600CE.NFO,18/10/2022,09:24:15,49.1,49.1,5150,49.25,7350,16500,4179350
NIFTY20OCT2217600CE.NFO,18/10/2022,09:24:16,49.35,49.3,3550,49.45,5650,6750,4179350
NIFTY20OCT2217600CE.NFO,18/10/2022,09:24:17,49.2,49.25,200,49.35,9100,10850,4179350
NIFTY20OCT2217600CE.NFO,18/10/2022,09:24:18,49.5,49.5,3350,49.6,550,5500,4179350
NIFTY20OCT2217600CE.NFO,18/10/2022,09:24:19,49.6,49.6,3350,49.7,150,8650,4179350
NIFTY20OCT2217600CE.NFO,18/10/2022,09:24:21,49.55,49.55,4400,49.65,1450,7800,4179350
NIFTY20OCT2217600CE.NFO,18/10/2022,09:24:21,49.7,49.6,3200,49.75,5850,4150,4179350
NIFTY20OCT2217600CE.NFO,18/10/2022,09:24:22,49.75,49.6,6850,49.75,3000,8800,4179350
NIFTY20OCT2217600CE.NFO,18/10/2022,09:24:23,49.75,49.8,50,49.9,4800,16150,4179350
NIFTY20OCT2217600CE.NFO,18/10/2022,09:24:24,49.95,49.85,1200,49.95,3300,15100,4179350
NIFTY20OCT2217600CE.NFO,18/10/2022,09:24:26,49.9,49.9,100,50,30800,14250,4179350
NIFTY20OCT2217600CE.NFO,18/10/2022,09:24:27,49.95,49.85,800,49.95,5400,42600,4179350
NIFTY20OCT2217600CE.NFO,18/10/2022,09:24:27,50.4,49.85,800,49.95,5400,0,4179350
NIFTY20OCT2217600CE.NFO,18/10/2022,09:24:27,50,49.9,2800,50,3450,1100,4179350
NIFTY20OCT2217600CE.NFO,18/10/2022,09:24:28,50.2,50.1,2800,50.2,3500,17600,4179350
NIFTY20OCT2217600CE.NFO,18/10/2022,09:24:30,50.25,50.25,2750,50.35,3700,18500,4179350
NIFTY20OCT2217600CE.NFO,18/10/2022,09:24:31,50.5,50.5,3800,50.55,150,19250,4179350
NIFTY20OCT2217600CE.NFO,18/10/2022,09:24:31,50.7,50.5,3800,50.55,150,0,4179350
NIFTY20OCT2217600CE.NFO,18/10/2022,09:24:32,50.8,50.7,2800,50.8,1500,9800,4179350
NIFTY20OCT2217600CE.NFO,18/10/2022,09:24:32,50.8,50.7,2800,50.8,1500,0,4179350
NIFTY20OCT2217600CE.NFO,18/10/2022,09:24:32,50.7,50.7,3900,50.85,3850,2800,4179350
NIFTY20OCT2217600CE.NFO,18/10/2022,09:24:32,50.9,50.7,3900,50.85,3850,0,4179350
NIFTY20OCT2217600CE.NFO,18/10/2022,09:24:33,51.15,51.1,2800,51.2,150,17150,4179350
NIFTY20OCT2217600CE.NFO,18/10/2022,09:24:33,51.2,51.1,2800,51.2,150,0,4179350
NIFTY20OCT2217600CE.NFO,18/10/2022,09:24:34,51,51,2800,51.1,1200,15500,4179350
NIFTY20OCT2217600CE.NFO,18/10/2022,09:24:34,51.3,51,2800,51.1,1200,0,4179350
NIFTY20OCT2217600CE.NFO,18/10/2022,09:24:35,51.05,51.05,2500,51.1,50,12550,4179350
NIFTY20OCT2217600CE.NFO,18/10/2022,09:24:36,51.45,51.4,50,51.45,100,21600,4179350
NIFTY20OCT2217600CE.NFO,18/10/2022,09:24:36,51.5,51.4,50,51.45,100,0,4179350
NIFTY20OCT2217600CE.NFO,18/10/2022,09:24:37,51.25,51.25,5300,51.4,5300,10600,4179350
NIFTY20OCT2217600CE.NFO,18/10/2022,09:24:37,51.55,51.25,5300,51.4,5300,0,4179350
NIFTY20OCT2217600CE.NFO,18/10/2022,09:24:38,51.35,51.35,2800,51.45,900,7100,4179350
NIFTY20OCT2217600CE.NFO,18/10/2022,09:24:40,51.25,51.2,2800,51.25,600,23650,4179350
NIFTY20OCT2217600CE.NFO,18/10/2022,09:24:41,51.2,51.1,2800,51.2,1050,10800,4179350
NIFTY20OCT2217600CE.NFO,18/10/2022,09:24:41,51.1,51,6800,51.15,4600,9900,4179350
NIFTY20OCT2217600CE.NFO,18/10/2022,09:24:42,51.05,51,6900,51.15,4350,8750,4179350
NIFTY20OCT2217600CE.NFO,18/10/2022,09:24:44,50.9,50.85,50,50.9,1800,22450,4179350
NIFTY20OCT2217600CE.NFO,18/10/2022,09:24:45,50.6,50.6,3650,50.7,2350,14600,4179350
NIFTY20OCT2217600CE.NFO,18/10/2022,09:24:46,50.5,50.4,1350,50.5,5950,19750,4179350
NIFTY20OCT2217600CE.NFO,18/10/2022,09:24:46,50.45,50.3,4900,50.45,6700,7200,4179350
NIFTY20OCT2217600CE.NFO,18/10/2022,09:24:47,50.25,50.25,650,50.35,2800,16100,4179350
NIFTY20OCT2217600CE.NFO,18/10/2022,09:24:49,50.25,50.1,50,50.15,100,11450,4179350
NIFTY20OCT2217600CE.NFO,18/10/2022,09:24:49,50.25,50.15,200,50.25,6250,10750,4179350
NIFTY20OCT2217600CE.NFO,18/10/2022,09:24:50,50.45,50.45,1250,50.55,2800,9200,4179350
NIFTY20OCT2217600CE.NFO,18/10/2022,09:24:52,50.75,50.6,3250,50.7,200,10900,4179350
NIFTY20OCT2217600CE.NFO,18/10/2022,09:24:52,50.8,50.65,2800,50.8,3950,2450,4179350
NIFTY20OCT2217600CE.NFO,18/10/2022,09:24:54,51.05,50.95,50,51.05,3550,16100,4179350
NIFTY20OCT2217600CE.NFO,18/10/2022,09:24:55,51.3,51.25,300,51.3,2850,13750,4179350
NIFTY20OCT2217600CE.NFO,18/10/2022,09:24:56,51.35,51.25,250,51.35,2850,16350,4179350
NIFTY20OCT2217600CE.NFO,18/10/2022,09:24:56,51.5,51.35,4450,51.5,5400,6800,4179350
NIFTY20OCT2217600CE.NFO,18/10/2022,09:24:57,51.2,51.1,2800,51.15,150,17200,4179350
NIFTY20OCT2217600CE.NFO,18/10/2022,09:24:58,51.15,51.05,6100,51.2,5350,5450,4179350
NIFTY20OCT2217600CE.NFO,18/10/2022,09:24:59,51.15,51,4000,51.1,200,10150,4179350
NIFTY20OCT2217600CE.NFO,18/10/2022,09:25:01,51.05,50.95,200,51.05,250,21600,4179350
NIFTY20OCT2217600CE.NFO,18/10/2022,09:25:02,50.95,50.9,950,51,50,30900,4179350
NIFTY20OCT2217600CE.NFO,18/10/2022,09:25:03,50.75,50.6,1800,50.75,150,11200,4179350
NIFTY20OCT2217600CE.NFO,18/10/2022,09:25:04,50,49.9,550,50,2800,58000,4179350
NIFTY20OCT2217600CE.NFO,18/10/2022,09:25:04,50,49.85,1050,50,7350,2350,4179350
NIFTY20OCT2217600CE.NFO,18/10/2022,09:25:05,49.55,49.45,600,49.55,200,47000,4179350
NIFTY20OCT2217600CE.NFO,18/10/2022,09:25:06,49.25,49.2,2450,49.4,3400,22850,4179350
NIFTY20OCT2217600CE.NFO,18/10/2022,09:25:07,49.2,49.1,200,49.2,1450,18600,4179350
NIFTY20OCT2217600CE.NFO,18/10/2022,09:25:08,48.65,48.6,50,48.65,50,24150,4179350
NIFTY20OCT2217600CE.NFO,18/10/2022,09:25:09,48.55,48.45,150,48.55,50,8150,4179350
NIFTY20OCT2217600CE.NFO,18/10/2022,09:25:10,48.5,48.5,50,48.6,800,17700,4179350
NIFTY20OCT2217600CE.NFO,18/10/2022,09:25:12,48.75,48.65,950,48.75,1200,22700,4179350
NIFTY20OCT2217600CE.NFO,18/10/2022,09:25:13,49.65,49.6,100,49.7,50,24400,4179350
NIFTY20OCT2217600CE.NFO,18/10/2022,09:25:14,49.55,49.55,800,49.7,600,9200,4179350
NIFTY20OCT2217600CE.NFO,18/10/2022,09:25:15,49.1,49.05,100,49.1,150,14200,4179350
NIFTY20OCT2217600CE.NFO,18/10/2022,09:25:15,48.85,48.85,2300,49,1750,1500,4179350
NIFTY20OCT2217600CE.NFO,18/10/2022,09:25:17,48.25,48.1,1200,48.25,950,8600,4179350
NIFTY20OCT2217600CE.NFO,18/10/2022,09:25:18,48.1,47.9,800,48,50,21850,4179350
NIFTY20OCT2217600CE.NFO,18/10/2022,09:25:19,48.4,48.35,150,48.45,300,12400,4179350
NIFTY20OCT2217600CE.NFO,18/10/2022,09:25:20,48.7,48.65,300,48.8,1100,7400,4179350
NIFTY20OCT2217600CE.NFO,18/10/2022,09:25:21,48.9,48.9,150,49.05,2000,7950,4179350
NIFTY20OCT2217600CE.NFO,18/10/2022,09:25:22,49.05,49,1050,49.1,1350,18250,4179350
NIFTY20OCT2217600CE.NFO,18/10/2022,09:25:23,48.85,48.85,900,48.95,50,9650,4179350
NIFTY20OCT2217600CE.NFO,18/10/2022,09:25:23,48.9,48.75,1250,48.9,250,4350,4179350
NIFTY20OCT2217600CE.NFO,18/10/2022,09:25:24,49.2,49,500,49.15,4150,6550,4179350
NIFTY20OCT2217600CE.NFO,18/10/2022,09:25:26,48.75,48.7,700,48.85,2250,4450,4179350
NIFTY20OCT2217600CE.NFO,18/10/2022,09:25:27,48.85,48.75,150,48.9,4650,7450,4179350
NIFTY20OCT2217600CE.NFO,18/10/2022,09:25:28,49.1,49.1,100,49.2,1000,9750,4179350
NIFTY20OCT2217600CE.NFO,18/10/2022,09:25:28,49.75,49.65,3700,49.8,1550,9350,4179350
NIFTY20OCT2217600CE.NFO,18/10/2022,09:25:29,49.65,49.7,200,49.85,1300,13550,4179350
NIFTY20OCT2217600CE.NFO,18/10/2022,09:25:30,49.95,49.75,1150,49.85,50,10400,4179350
NIFTY20OCT2217600CE.NFO,18/10/2022,09:25:31,50.2,50.15,2750,50.3,400,6750,4179350
NIFTY20OCT2217600CE.NFO,18/10/2022,09:25:32,50.35,50.2,100,50.35,1200,12050,4179350
NIFTY20OCT2217600CE.NFO,18/10/2022,09:25:34,49.75,49.65,2950,49.75,250,20150,4179350
NIFTY20OCT2217600CE.NFO,18/10/2022,09:25:34,49.35,49.35,1050,49.45,500,7200,4179350
NIFTY20OCT2217600CE.NFO,18/10/2022,09:25:35,49.3,49.25,1250,49.3,200,5050,4179350
NIFTY20OCT2217600CE.NFO,18/10/2022,09:25:36,49.95,49.9,1050,50,300,8500,4179350
NIFTY20OCT2217600CE.NFO,18/10/2022,09:25:37,49.45,49.3,1200,49.4,200,1650,4179350
NIFTY20OCT2217600CE.NFO,18/10/2022,09:25:38,49.65,49.7,450,49.85,1700,9900,4179350
NIFTY20OCT2217600CE.NFO,18/10/2022,09:25:40,50,49.9,250,50,750,6350,4179350
NIFTY20OCT2217600CE.NFO,18/10/2022,09:25:41,49.95,49.95,100,50,550,6050,4179350
NIFTY20OCT2217600CE.NFO,18/10/2022,09:25:42,49.85,49.8,2200,50,5950,8400,4179350
NIFTY20OCT2217600CE.NFO,18/10/2022,09:25:43,50,49.9,500,50,750,4850,4179350
NIFTY20OCT2217600CE.NFO,18/10/2022,09:25:43,50,49.9,900,50.05,200,2250,4179350
NIFTY20OCT2217600CE.NFO,18/10/2022,09:25:44,49.7,49.6,100,49.7,50,8350,4179350
NIFTY20OCT2217600CE.NFO,18/10/2022,09:25:45,49.6,49.5,450,49.6,450,15650,4179350
NIFTY20OCT2217600CE.NFO,18/10/2022,09:25:47,49.35,49.25,650,49.35,750,15350,4179350
NIFTY20OCT2217600CE.NFO,18/10/2022,09:25:48,49.1,49,7450,49.1,1550,6500,4179350
NIFTY20OCT2217600CE.NFO,18/10/2022,09:25:49,49.15,49.1,2650,49.25,800,27350,4179350
NIFTY20OCT2217600CE.NFO,18/10/2022,09:25:49,49.05,48.95,1400,49.1,1900,6750,4179350
NIFTY20OCT2217600CE.NFO,18/10/2022,09:25:50,49,48.95,1800,49,1400,12000,4179350
NIFTY20OCT2217600CE.NFO,18/10/2022,09:25:51,49,49,1700,49.05,100,12550,4179350
NIFTY20OCT2217600CE.NFO,18/10/2022,09:25:53,48.7,48.55,550,48.7,2250,17750,4179350
NIFTY20OCT2217600CE.NFO,18/10/2022,09:25:54,48.75,48.75,250,48.85,250,6850,4179350
NIFTY20OCT2217600CE.NFO,18/10/2022,09:25:54,48.8,48.65,1750,48.8,2300,3300,4179350
NIFTY20OCT2217600CE.NFO,18/10/2022,09:25:55,48.9,48.9,500,49,650,8150,4179350
NIFTY20OCT2217600CE.NFO,18/10/2022,09:25:56,48.7,48.7,550,48.85,3400,4100,4179350
NIFTY20OCT2217600CE.NFO,18/10/2022,09:25:57,48.85,48.8,1250,48.85,50,1950,4179350
NIFTY20OCT2217600CE.NFO,18/10/2022,09:25:59,49.05,49.05,1400,49.15,200,10650,4179350
NIFTY20OCT2217600CE.NFO,18/10/2022,09:26:00,49.3,49.15,500,49.3,2650,12800,4179350
NIFTY20OCT2217600CE.NFO,18/10/2022,09:26:01,49.65,49.65,250,49.8,1200,7550,4179350
NIFTY20OCT2217600CE.NFO,18/10/2022,09:26:02,49.55,49.55,1100,49.7,50,11450,4179350
NIFTY20OCT2217600CE.NFO,18/10/2022,09:26:03,49.45,49.45,100,49.6,6150,3100,4179350
NIFTY20OCT2217600CE.NFO,18/10/2022,09:26:03,49.25,49.15,50,49.25,3750,1500,4179350
NIFTY20OCT2217600CE.NFO,18/10/2022,09:26:04,49.25,49.25,2200,49.4,400,10900,4179350
NIFTY20OCT2217600CE.NFO,18/10/2022,09:26:05,48.9,48.8,300,48.9,150,3850,4179350
NIFTY20OCT2217600CE.NFO,18/10/2022,09:26:07,48.95,48.9,600,49,2800,5550,4179350
NIFTY20OCT2217600CE.NFO,18/10/2022,09:26:07,49,48.85,750,48.95,100,2650,4179350
NIFTY20OCT2217600CE.NFO,18/10/2022,09:26:08,48.5,48.5,1300,48.6,950,9950,4179350
NIFTY20OCT2217600CE.NFO,18/10/2022,09:26:09,48.75,48.65,3000,48.8,1500,12750,4179350
NIFTY20OCT2217600CE.NFO,18/10/2022,09:26:11,48.3,48.3,4100,48.45,300,7100,4179350
NIFTY20OCT2217600CE.NFO,18/10/2022,09:26:12,48,48,18900,48.05,500,12550,4179350
NIFTY20OCT2217600CE.NFO,18/10/2022,09:26:12,47.8,47.8,1850,47.9,50,27250,4179350
NIFTY20OCT2217600CE.NFO,18/10/2022,09:26:13,48.85,48.8,3750,48.9,350,21100,4179350
NIFTY20OCT2217600CE.NFO,18/10/2022,09:26:15,48.2,48.1,150,48.2,800,19550,4179350
NIFTY20OCT2217600CE.NFO,18/10/2022,09:26:16,48.2,48.1,3750,48.25,1450,4900,4179350
NIFTY20OCT2217600CE.NFO,18/10/2022,09:26:17,48.3,48.15,2250,48.25,300,4750,4179350
NIFTY20OCT2217600CE.NFO,18/10/2022,09:26:18,48.15,48.15,300,48.25,1550,6100,4179350
NIFTY20OCT2217600CE.NFO,18/10/2022,09:26:18,48.1,48,1150,48.1,150,2400,4179350
NIFTY20OCT2217600CE.NFO,18/10/2022,09:26:19,48.25,48.25,150,48.35,1650,9400,4179350
NIFTY20OCT2217600CE.NFO,18/10/2022,09:26:21,48.2,48.05,1850,48.2,2100,4600,4179350
NIFTY20OCT2217600CE.NFO,18/10/2022,09:26:22,47.85,47.8,1550,47.95,600,5450,4179350
NIFTY20OCT2217600CE.NFO,18/10/2022,09:26:23,47.4,47.4,200,47.5,1200,7900,4179350
NIFTY20OCT2217600CE.NFO,18/10/2022,09:26:23,47.55,47.4,3250,47.6,5450,2500,4179350
NIFTY20OCT2217600CE.NFO,18/10/2022,09:26:24,47,46.9,200,47.05,2350,22250,4179350
NIFTY20OCT2217600CE.NFO,18/10/2022,09:26:26,46.75,46.6,5250,46.75,750,7900,4179350
NIFTY20OCT2217600CE.NFO,18/10/2022,09:26:27,46.5,46.3,3100,46.4,200,14800,4179350
NIFTY20OCT2217600CE.NFO,18/10/2022,09:26:28,46.3,46.3,400,46.4,50,15300,4179350
NIFTY20OCT2217600CE.NFO,18/10/2022,09:26:29,46.25,46.25,1700,46.4,250,29950,4179350
NIFTY20OCT2217600CE.NFO,18/10/2022,09:26:30,46.2,46.2,750,46.35,1950,4450,4179350
NIFTY20OCT2217600CE.NFO,18/10/2022,09:26:30,46.5,46.35,2550,46.5,1300,1550,4179350
NIFTY20OCT2217600CE.NFO,18/10/2022,09:26:32,46,46,4050,46.1,800,10600,4179350
NIFTY20OCT2217600CE.NFO,18/10/2022,09:26:33,46.15,46.05,350,46.15,1100,5650,4179350
NIFTY20OCT2217600CE.NFO,18/10/2022,09:26:34,46.05,46,350,46.1,600,11600,4247550
NIFTY20OCT2217600CE.NFO,18/10/2022,09:26:35,46.45,46.45,400,46.5,1200,18050,4247550
NIFTY20OCT2217600CE.NFO,18/10/2022,09:26:36,46.75,46.65,100,46.75,1050,11100,4247550
NIFTY20OCT2217600CE.NFO,18/10/2022,09:26:36,47,46.8,350,46.9,800,9200,4247550
NIFTY20OCT2217600CE.NFO,18/10/2022,09:26:37,46.65,46.6,900,46.7,150,14250,4247550
NIFTY20OCT2217600CE.NFO,18/10/2022,09:26:38,47.2,47.1,250,47.2,350,4000,4247550
NIFTY20OCT2217600CE.NFO,18/10/2022,09:26:40,47.3,47.2,250,47.35,2900,11800,4247550
NIFTY20OCT2217600CE.NFO,18/10/2022,09:26:41,46.85,46.85,2050,47,2300,10600,4247550
NIFTY20OCT2217600CE.NFO,18/10/2022,09:26:41,47,47,100,47.1,1950,7750,4247550
NIFTY20OCT2217600CE.NFO,18/10/2022,09:26:43,47.2,47.2,750,47.3,100,4450,4247550
NIFTY20OCT2217600CE.NFO,18/10/2022,09:26:44,47.25,47.2,500,47.3,800,4200,4247550
NIFTY20OCT2217600CE.NFO,18/10/2022,09:26:45,47.2,47.1,500,47.2,900,11650,4247550
NIFTY20OCT2217600CE.NFO,18/10/2022,09:26:46,46.8,46.7,100,46.8,450,10700,4247550
NIFTY20OCT2217600CE.NFO,18/10/2022,09:26:47,46.85,46.7,1850,46.85,1900,16250,4247550
NIFTY20OCT2217600CE.NFO,18/10/2022,09:26:48,47,47,50,47.1,950,4450,4247550
NIFTY20OCT2217600CE.NFO,18/10/2022,09:26:49,47.05,46.9,550,47.05,3250,8700,4247550
NIFTY20OCT2217600CE.NFO,18/10/2022,09:26:50,46.85,46.7,1050,46.85,2450,8050,4247550
NIFTY20OCT2217600CE.NFO,18/10/2022,09:26:51,46.8,46.7,750,46.8,50,3750,4247550
NIFTY20OCT2217600CE.NFO,18/10/2022,09:26:52,47,46.9,300,47,1300,7250,4247550
NIFTY20OCT2217600CE.NFO,18/10/2022,09:26:53,46.5,46.5,3000,46.65,800,5700,4247550
NIFTY20OCT2217600CE.NFO,18/10/2022,09:26:54,46.65,46.6,2000,46.75,1950,7600,4247550
NIFTY20OCT2217600CE.NFO,18/10/2022,09:26:55,46.65,46.5,950,46.65,3500,4450,4247550
NIFTY20OCT2217600CE.NFO,18/10/2022,09:26:55,46.65,46.55,50,46.65,1900,1950,4247550
NIFTY20OCT2217600CE.NFO,18/10/2022,09:26:56,46.5,46.25,3500,46.4,150,1400,4247550
NIFTY20OCT2217600CE.NFO,18/10/2022,09:26:57,46.7,46.6,50,46.7,850,3750,4247550
NIFTY20OCT2217600CE.NFO,18/10/2022,09:26:59,46.8,46.65,450,46.8,3150,5800,4247550
NIFTY20OCT2217600CE.NFO,18/10/2022,09:27:00,46.5,46.4,250,46.5,1600,5200,4247550
NIFTY20OCT2217600CE.NFO,18/10/2022,09:27:01,46.25,46.25,2150,46.4,900,13050,4247550
NIFTY20OCT2217600CE.NFO,18/10/2022,09:27:02,45.85,45.85,700,46,2750,15600,4247550
NIFTY20OCT2217600CE.NFO,18/10/2022,09:27:03,45.9,45.9,2200,46,2100,25250,4247550
NIFTY20OCT2217600CE.NFO,18/10/2022,09:27:03,45.85,45.75,400,45.85,600,2800,4247550
NIFTY20OCT2217600CE.NFO,18/10/2022,09:27:05,45.6,45.35,3950,45.5,1050,14700,4247550
NIFTY20OCT2217600CE.NFO,18/10/2022,09:27:06,44.9,44.75,2900,44.9,500,33400,4247550
NIFTY20OCT2217600CE.NFO,18/10/2022,09:27:07,44.8,44.7,350,44.8,200,9450,4247550
NIFTY20OCT2217600CE.NFO,18/10/2022,09:27:08,44.5,44.45,2300,44.65,2850,18250,4247550
NIFTY20OCT2217600CE.NFO,18/10/2022,09:27:09,44.65,44.5,1500,44.65,1650,10750,4247550
NIFTY20OCT2217600CE.NFO,18/10/2022,09:27:10,44.55,44.4,2050,44.55,1700,16700,4247550
NIFTY20OCT2217600CE.NFO,18/10/2022,09:27:11,44.5,44.35,1950,44.45,450,9600,4247550
NIFTY20OCT2217600CE.NFO,18/10/2022,09:27:12,44.25,44.1,650,44.2,250,20950,4247550
NIFTY20OCT2217600CE.NFO,18/10/2022,09:27:13,44.5,44.55,850,44.65,50,12500,4247550
NIFTY20OCT2217600CE.NFO,18/10/2022,09:27:14,44.7,44.65,950,44.8,1300,10000,4247550
NIFTY20OCT2217600CE.NFO,18/10/2022,09:27:14,44.5,44.5,200,44.55,1750,1700,4247550
NIFTY20OCT2217600CE.NFO,18/10/2022,09:27:15,44.65,44.55,300,44.65,200,8150,4247550
NIFTY20OCT2217600CE.NFO,18/10/2022,09:27:16,44.35,44.35,150,44.5,1450,6400,4247550
NIFTY20OCT2217600CE.NFO,18/10/2022,09:27:17,44.85,44.75,350,44.9,3400,10100,4247550
NIFTY20OCT2217600CE.NFO,18/10/2022,09:27:18,44.85,44.85,1700,44.95,1300,5450,4247550
NIFTY20OCT2217600CE.NFO,18/10/2022,09:27:20,44.95,44.95,50,45.05,1050,16450,4247550
NIFTY20OCT2217600CE.NFO,18/10/2022,09:27:21,45.3,45.25,2300,45.4,1850,5000,4247550
NIFTY20OCT2217600CE.NFO,18/10/2022,09:27:22,45.95,45.95,2600,46.1,350,17600,4247550
NIFTY20OCT2217600CE.NFO,18/10/2022,09:27:23,46.25,46.15,300,46.25,1550,10650,4247550
NIFTY20OCT2217600CE.NFO,18/10/2022,09:27:24,46.3,46.25,150,46.35,250,22850,4247550
NIFTY20OCT2217600CE.NFO,18/10/2022,09:27:25,46.75,46.7,2100,46.8,100,9700,4247550
NIFTY20OCT2217600CE.NFO,18/10/2022,09:27:26,46.8,46.7,50,46.8,3100,14750,4247550
NIFTY20OCT2217600CE.NFO,18/10/2022,09:27:26,46.65,46.55,1800,46.7,400,5200,4247550
NIFTY20OCT2217600CE.NFO,18/10/2022,09:27:28,47.15,47,1750,47.15,850,16800,4247550
NIFTY20OCT2217600CE.NFO,18/10/2022,09:27:29,47.35,47.2,5450,47.3,850,10800,4247550
NIFTY20OCT2217600CE.NFO,18/10/2022,09:27:30,47.1,47,1850,47.1,200,14150,4247550
NIFTY20OCT2217600CE.NFO,18/10/2022,09:27:31,46.65,46.6,1250,46.75,500,7550,4247550
NIFTY20OCT2217600CE.NFO,18/10/2022,09:27:32,46.9,46.7,1500,46.8,400,10500,4247550
NIFTY20OCT2217600CE.NFO,18/10/2022,09:27:33,47.15,47.15,1550,47.3,750,16850,4247550
NIFTY20OCT2217600CE.NFO,18/10/2022,09:27:34,47.25,47.1,1600,47.25,550,3200,4247550
NIFTY20OCT2217600CE.NFO,18/10/2022,09:27:35,47.1,46.95,1350,47.05,250,9100,4247550
NIFTY20OCT2217600CE.NFO,18/10/2022,09:27:36,46.95,47.05,250,47.15,350,7500,4247550
NIFTY20OCT2217600CE.NFO,18/10/2022,09:27:37,47.2,47.1,1400,47.25,400,4300,4247550
NIFTY20OCT2217600CE.NFO,18/10/2022,09:27:38,47.1,47.1,250,47.25,1600,3950,4247550
NIFTY20OCT2217600CE.NFO,18/10/2022,09:27:39,47.35,47.35,300,47.45,250,5900,4247550
NIFTY20OCT2217600CE.NFO,18/10/2022,09:27:40,47,46.9,650,47,1500,8250,4247550
NIFTY20OCT2217600CE.NFO,18/10/2022,09:27:41,47,46.95,50,47.05,550,12200,4247550
NIFTY20OCT2217600CE.NFO,18/10/2022,09:27:42,47,46.9,2150,47.05,1900,12100,4247550
NIFTY20OCT2217600CE.NFO,18/10/2022,09:27:43,47,47,1700,47.15,950,7400,4247550
NIFTY20OCT2217600CE.NFO,18/10/2022,09:27:43,47,46.9,3750,47.05,550,7250,4247550
NIFTY20OCT2217600CE.NFO,18/10/2022,09:27:45,46.25,46.2,1900,46.3,500,14300,4247550
NIFTY20OCT2217600CE.NFO,18/10/2022,09:27:46,46.45,46.35,1300,46.45,300,7100,4247550
NIFTY20OCT2217600CE.NFO,18/10/2022,09:27:47,46.45,46.35,950,46.45,100,3650,4247550
NIFTY20OCT2217600CE.NFO,18/10/2022,09:27:47,46.45,46.25,3150,46.4,200,8450,4247550
NIFTY20OCT2217600CE.NFO,18/10/2022,09:27:49,45.95,45.85,200,45.95,50,6100,4247550
NIFTY20OCT2217600CE.NFO,18/10/2022,09:27:50,45.85,45.75,900,45.8,1200,2700,4247550
NIFTY20OCT2217600CE.NFO,18/10/2022,09:27:50,45.75,45.65,350,45.8,2350,7250,4247550
NIFTY20OCT2217600CE.NFO,18/10/2022,09:27:52,46,46,50,46.1,4000,8350,4247550
NIFTY20OCT2217600CE.NFO,18/10/2022,09:27:53,46.05,46.05,1650,46.2,1650,4550,4247550
NIFTY20OCT2217600CE.NFO,18/10/2022,09:27:54,45.75,45.85,1500,45.95,50,2200,4247550
NIFTY20OCT2217600CE.NFO,18/10/2022,09:27:55,46.25,46.15,2450,46.25,400,24450,4247550
NIFTY20OCT2217600CE.NFO,18/10/2022,09:27:56,46.1,46.05,550,46.15,100,5150,4247550
NIFTY20OCT2217600CE.NFO,18/10/2022,09:27:57,46.1,46.05,150,46.1,1850,5850,4247550
NIFTY20OCT2217600CE.NFO,18/10/2022,09:27:58,46,45.9,1050,46,200,1850,4247550
NIFTY20OCT2217600CE.NFO,18/10/2022,09:27:59,45.65,45.65,1550,45.8,350,5750,4247550
NIFTY20OCT2217600CE.NFO,18/10/2022,09:28:00,45.65,45.55,50,45.65,600,6400,4247550
NIFTY20OCT2217600CE.NFO,18/10/2022,09:28:00,45.5,45.45,300,45.5,50,1850,4247550
NIFTY20OCT2217600CE.NFO,18/10/2022,09:28:02,45,45.05,2550,45.2,1600,10900,4247550
NIFTY20OCT2217600CE.NFO,18/10/2022,09:28:03,45.15,45.15,800,45.25,100,6600,4247550
NIFTY20OCT2217600CE.NFO,18/10/2022,09:28:04,45.2,45.1,1300,45.2,50,2750,4247550
NIFTY20OCT2217600CE.NFO,18/10/2022,09:28:05,45.35,45.35,600,45.45,200,6850,4247550
NIFTY20OCT2217600CE.NFO,18/10/2022,09:28:06,45.35,45.25,50,45.3,250,6100,4247550
NIFTY20OCT2217600CE.NFO,18/10/2022,09:28:06,45.3,45.2,450,45.3,1350,8350,4247550
NIFTY20OCT2217600CE.NFO,18/10/2022,09:28:07,45.3,45.15,650,45.3,1800,3700,4247550
NIFTY20OCT2217600CE.NFO,18/10/2022,09:28:09,45.1,45,14950,45.1,3650,4850,4247550
NIFTY20OCT2217600CE.NFO,18/10/2022,09:28:10,44.7,44.55,2650,44.7,350,21300,4247550
NIFTY20OCT2217600CE.NFO,18/10/2022,09:28:11,44.65,44.65,1600,44.7,50,13650,4247550
NIFTY20OCT2217600CE.NFO,18/10/2022,09:28:12,44.55,44.45,400,44.5,4800,17250,4247550
NIFTY20OCT2217600CE.NFO,18/10/2022,09:28:12,44.5,44.4,1000,44.5,9650,150,4247550
NIFTY20OCT2217600CE.NFO,18/10/2022,09:28:14,44.2,44.2,350,44.3,500,6600,4247550
NIFTY20OCT2217600CE.NFO,18/10/2022,09:28:15,44.15,44.15,150,44.2,50,9800,4247550
NIFTY20OCT2217600CE.NFO,18/10/2022,09:28:16,44.05,44.05,1450,44.15,2000,9700,4247550
NIFTY20OCT2217600CE.NFO,18/10/2022,09:28:17,43.95,43.9,200,44,1350,28600,4247550
NIFTY20OCT2217600CE.NFO,18/10/2022,09:28:17,43.9,43.85,50,43.95,2250,1350,4247550
NIFTY20OCT2217600CE.NFO,18/10/2022,09:28:19,43.9,43.75,1050,43.9,2150,7950,4247550
NIFTY20OCT2217600CE.NFO,18/10/2022,09:28:19,43.8,43.8,1000,43.9,250,4150,4247550
NIFTY20OCT2217600CE.NFO,18/10/2022,09:28:20,43.9,43.85,650,43.95,300,6300,4247550
NIFTY20OCT2217600CE.NFO,18/10/2022,09:28:21,43.85,43.85,900,43.95,200,15150,4247550
NIFTY20OCT2217600CE.NFO,18/10/2022,09:28:23,43.75,43.7,1200,43.8,250,11950,4247550
NIFTY20OCT2217600CE.NFO,18/10/2022,09:28:24,43.8,43.8,700,43.95,3250,7700,4247550
NIFTY20OCT2217600CE.NFO,18/10/2022,09:28:25,43.85,43.75,3850,43.9,1100,2200,4247550
NIFTY20OCT2217600CE.NFO,18/10/2022,09:28:26,43.85,43.75,300,43.85,150,4900,4247550
NIFTY20OCT2217600CE.NFO,18/10/2022,09:28:27,43.7,43.65,700,43.75,250,4100,4247550
NIFTY20OCT2217600CE.NFO,18/10/2022,09:28:27,43.7,43.7,1750,43.85,2050,2050,4247550
NIFTY20OCT2217600CE.NFO,18/10/2022,09:28:28,43.8,43.75,1200,43.85,100,4300,4247550
NIFTY20OCT2217600CE.NFO,18/10/2022,09:28:30,44.25,44.2,3900,44.3,2350,11650,4247550
NIFTY20OCT2217600CE.NFO,18/10/2022,09:28:31,44.25,44.2,1200,44.3,450,13250,4247550
NIFTY20OCT2217600CE.NFO,18/10/2022,09:28:32,44.25,44.2,1900,44.3,2050,3350,4247550
NIFTY20OCT2217600CE.NFO,18/10/2022,09:28:33,44.15,44.25,50,44.35,900,2650,4247550
NIFTY20OCT2217600CE.NFO,18/10/2022,09:28:34,44.15,44.15,5800,44.3,550,2450,4247550
NIFTY20OCT2217600CE.NFO,18/10/2022,09:28:34,44.3,44.3,250,44.4,1600,350,4247550
NIFTY20OCT2217600CE.NFO,18/10/2022,09:28:35,44.45,44.45,450,44.6,3950,33750,4247550
NIFTY20OCT2217600CE.NFO,18/10/2022,09:28:37,44.75,44.65,2600,44.8,1550,7800,4247550
NIFTY20OCT2217600CE.NFO,18/10/2022,09:28:38,44.45,44.3,1800,44.45,2900,6100,4247550
NIFTY20OCT2217600CE.NFO,18/10/2022,09:28:39,44.45,44.35,200,44.45,900,2550,4247550
NIFTY20OCT2217600CE.NFO,18/10/2022,09:28:40,44.55,44.4,6200,44.55,650,4050,4247550
NIFTY20OCT2217600CE.NFO,18/10/2022,09:28:41,44.4,44.45,600,44.6,3050,6150,4247550
NIFTY20OCT2217600CE.NFO,18/10/2022,09:28:42,44.55,44.5,3600,44.7,7450,1950,4247550
NIFTY20OCT2217600CE.NFO,18/10/2022,09:28:43,44.6,44.5,1350,44.6,200,2050,4247550
NIFTY20OCT2217600CE.NFO,18/10/2022,09:28:44,44.75,44.7,1300,44.75,50,750,4247550
NIFTY20OCT2217600CE.NFO,18/10/2022,09:28:45,44.85,44.75,1750,44.9,2150,3250,4247550
NIFTY20OCT2217600CE.NFO,18/10/2022,09:28:46,44.6,44.5,1600,44.6,300,4850,4247550
NIFTY20OCT2217600CE.NFO,18/10/2022,09:28:47,44.65,44.55,4900,44.65,1050,1900,4247550
NIFTY20OCT2217600CE.NFO,18/10/2022,09:28:48,44.5,44.45,50,44.5,2200,8850,4247550
NIFTY20OCT2217600CE.NFO,18/10/2022,09:28:49,44.55,44.45,500,44.55,300,700,4247550
NIFTY20OCT2217600CE.NFO,18/10/2022,09:28:50,44.45,44.45,50,44.55,1850,1300,4247550
NIFTY20OCT2217600CE.NFO,18/10/2022,09:28:51,44.15,44.2,50,44.25,250,2950,4247550
NIFTY20OCT2217600CE.NFO,18/10/2022,09:28:52,44.1,44.15,1550,44.25,2150,8850,4247550
NIFTY20OCT2217600CE.NFO,18/10/2022,09:28:53,44.25,44.2,1650,44.35,3650,2850,4247550
NIFTY20OCT2217600CE.NFO,18/10/2022,09:28:54,44.35,44.35,50,44.45,350,900,4247550
NIFTY20OCT2217600CE.NFO,18/10/2022,09:28:55,44.35,44.35,300,44.45,100,2100,4247550
NIFTY20OCT2217600CE.NFO,18/10/2022,09:28:56,44.3,44.25,1350,44.35,200,1350,4247550
NIFTY20OCT2217600CE.NFO,18/10/2022,09:28:57,44.5,44.45,50,44.6,4200,25500,4247550
NIFTY20OCT2217600CE.NFO,18/10/2022,09:28:58,45,44.95,2800,45,4450,10700,4247550
NIFTY20OCT2217600CE.NFO,18/10/2022,09:28:59,45,45,5150,45.15,4850,8000,4247550
NIFTY20OCT2217600CE.NFO,18/10/2022,09:29:00,45.2,45.1,2200,45.2,550,14600,4247550
NIFTY20OCT2217600CE.NFO,18/10/2022,09:29:01,45.2,45.1,1850,45.25,550,5450,4247550
NIFTY20OCT2217600CE.NFO,18/10/2022,09:29:02,45.6,45.65,650,45.75,2450,7300,4247550
NIFTY20OCT2217600CE.NFO,18/10/2022,09:29:03,46.15,46.05,400,46.15,1000,18050,4247550
NIFTY20OCT2217600CE.NFO,18/10/2022,09:29:04,46,45.95,1150,46,200,4650,4247550
NIFTY20OCT2217600CE.NFO,18/10/2022,09:29:05,46.5,46.45,450,46.55,100,22300,4247550
NIFTY20OCT2217600CE.NFO,18/10/2022,09:29:06,46.75,46.6,1650,46.7,450,9700,4247550
NIFTY20OCT2217600CE.NFO,18/10/2022,09:29:07,46.2,46.2,50,46.3,2350,7650,4247550
NIFTY20OCT2217600CE.NFO,18/10/2022,09:29:08,46.55,46.5,450,46.6,1900,8100,4247550
NIFTY20OCT2217600CE.NFO,18/10/2022,09:29:09,46.45,46.4,1000,46.55,1300,5100,4247550
NIFTY20OCT2217600CE.NFO,18/10/2022,09:29:10,46.45,46.35,1450,46.45,350,9450,4247550
NIFTY20OCT2217600CE.NFO,18/10/2022,09:29:11,46.3,46.15,50,46.2,250,750,4247550
NIFTY20OCT2217600CE.NFO,18/10/2022,09:29:12,46.45,46.35,450,46.45,300,9100,4247550
NIFTY20OCT2217600CE.NFO,18/10/2022,09:29:13,46.3,46.3,350,46.4,1750,9350,4247550
NIFTY20OCT2217600CE.NFO,18/10/2022,09:29:14,46.2,46.2,3300,46.35,600,7700,4247550
NIFTY20OCT2217600CE.NFO,18/10/2022,09:29:15,46.35,46.2,1400,46.35,1400,4450,4247550
NIFTY20OCT2217600CE.NFO,18/10/2022,09:29:16,46.4,46.4,800,46.5,2850,3300,4247550
NIFTY20OCT2217600CE.NFO,18/10/2022,09:29:17,46.45,46.35,800,46.5,3350,2500,4247550
NIFTY20OCT2217600CE.NFO,18/10/2022,09:29:18,46.3,46.3,1200,46.45,850,6300,4247550
NIFTY20OCT2217600CE.NFO,18/10/2022,09:29:19,46.55,46.6,200,46.7,1050,11750,4247550
NIFTY20OCT2217600CE.NFO,18/10/2022,09:29:20,46.8,46.8,150,46.85,50,7400,4247550
NIFTY20OCT2217600CE.NFO,18/10/2022,09:29:21,46.95,46.95,450,47,11100,7700,4247550
NIFTY20OCT2217600CE.NFO,18/10/2022,09:29:22,47.05,47,3600,47.2,3400,14350,4247550
NIFTY20OCT2217600CE.NFO,18/10/2022,09:29:23,47.2,47,2050,47.15,1700,4450,4247550
NIFTY20OCT2217600CE.NFO,18/10/2022,09:29:24,47.05,47,1900,47.05,100,14150,4247550
NIFTY20OCT2217600CE.NFO,18/10/2022,09:29:25,46.8,46.8,1300,46.9,200,7400,4247550
NIFTY20OCT2217600CE.NFO,18/10/2022,09:29:26,46.9,46.8,2100,46.9,1000,5550,4247550
NIFTY20OCT2217600CE.NFO,18/10/2022,09:29:27,46.7,46.7,1550,46.8,1000,7900,4247550
NIFTY20OCT2217600CE.NFO,18/10/2022,09:29:28,46.6,46.65,1200,46.75,600,650,4247550
NIFTY20OCT2217600CE.NFO,18/10/2022,09:29:29,46.45,46.35,450,46.4,2800,11100,4247550
NIFTY20OCT2217600CE.NFO,18/10/2022,09:29:30,46.5,46.35,2100,46.5,2250,12950,4247550
NIFTY20OCT2217600CE.NFO,18/10/2022,09:29:31,46.5,46.5,100,46.6,700,3400,4247550
NIFTY20OCT2217600CE.NFO,18/10/2022,09:29:32,46.55,46.4,750,46.55,800,5850,4247550
NIFTY20OCT2217600CE.NFO,18/10/2022,09:29:33,46.5,46.35,2450,46.5,650,3600,4247550
NIFTY20OCT2217600CE.NFO,18/10/2022,09:29:34,46.15,46.2,100,46.3,200,7700,4324950
NIFTY20OCT2217600CE.NFO,18/10/2022,09:29:35,46.3,46.25,950,46.3,2500,7100,4324950
NIFTY20OCT2217600CE.NFO,18/10/2022,09:29:36,46.85,46.8,750,46.95,950,13500,4324950
NIFTY20OCT2217600CE.NFO,18/10/2022,09:29:37,46.7,46.75,950,46.9,2100,4750,4324950
NIFTY20OCT2217600CE.NFO,18/10/2022,09:29:38,46.75,46.75,250,46.85,1300,1300,4324950
NIFTY20OCT2217600CE.NFO,18/10/2022,09:29:39,46.75,46.65,200,46.75,3900,10400,4324950
NIFTY20OCT2217600CE.NFO,18/10/2022,09:29:40,46.5,46.5,2050,46.6,300,8000,4324950
NIFTY20OCT2217600CE.NFO,18/10/2022,09:29:41,46.5,46.4,2700,46.5,50,12450,4324950
NIFTY20OCT2217600CE.NFO,18/10/2022,09:29:42,46.45,46.35,1150,46.45,500,4450,4324950
NIFTY20OCT2217600CE.NFO,18/10/2022,09:29:43,46.55,46.45,300,46.55,200,2750,4324950
NIFTY20OCT2217600CE.NFO,18/10/2022,09:29:44,46.55,46.5,250,46.6,50,6500,4324950
NIFTY20OCT2217600CE.NFO,18/10/2022,09:29:45,46.45,46.45,550,46.55,100,4650,4324950
NIFTY20OCT2217600CE.NFO,18/10/2022,09:29:46,46.65,46.5,100,46.6,1600,5000,4324950
NIFTY20OCT2217600CE.NFO,18/10/2022,09:29:47,46.55,46.55,100,46.6,950,3700,4324950
NIFTY20OCT2217600CE.NFO,18/10/2022,09:29:48,46.75,46.65,300,46.8,4200,7900,4324950
NIFTY20OCT2217600CE.NFO,18/10/2022,09:29:49,46.35,46.25,150,46.35,450,11800,4324950
NIFTY20OCT2217600CE.NFO,18/10/2022,09:29:50,46.45,46.3,700,46.45,2950,4450,4324950
NIFTY20OCT2217600CE.NFO,18/10/2022,09:29:51,46.3,46.25,2200,46.3,100,7700,4324950
NIFTY20OCT2217600CE.NFO,18/10/2022,09:29:52,46.25,46.1,800,46.2,50,4550,4324950
NIFTY20OCT2217600CE.NFO,18/10/2022,09:29:53,46.2,46.1,250,46.2,2200,22300,4324950
NIFTY20OCT2217600CE.NFO,18/10/2022,09:29:54,45.7,45.6,1650,45.75,4550,6000,4324950
NIFTY20OCT2217600CE.NFO,18/10/2022,09:29:55,45.75,45.6,2200,45.75,750,1750,4324950
NIFTY20OCT2217600CE.NFO,18/10/2022,09:29:56,45.65,45.6,350,45.65,2450,2000,4324950
NIFTY20OCT2217600CE.NFO,18/10/2022,09:29:57,45.7,45.7,650,45.8,6450,7100,4324950
NIFTY20OCT2217600CE.NFO,18/10/2022,09:29:58,45.05,45.1,300,45.2,1200,14400,4324950
NIFTY20OCT2217600CE.NFO,18/10/2022,09:29:59,44.9,44.9,2000,45,300,29850,4324950
NIFTY20OCT2217600CE.NFO,18/10/2022,09:30:00,44.8,44.85,1850,45,1950,2150,4324950
NIFTY20OCT2217600CE.NFO,18/10/2022,09:30:01,44.75,44.7,2350,44.85,350,28100,4324950
NIFTY20OCT2217600CE.NFO,18/10/2022,09:30:02,45.15,45.15,1200,45.2,2800,2750,4324950
NIFTY20OCT2217600CE.NFO,18/10/2022,09:30:03,45.45,45.35,600,45.45,1050,10350,4324950
NIFTY20OCT2217600CE.NFO,18/10/2022,09:30:04,45.5,45.5,1500,45.65,1800,8900,4324950
NIFTY20OCT2217600CE.NFO,18/10/2022,09:30:05,45.7,45.55,50,45.65,1000,7050,4324950
NIFTY20OCT2217600CE.NFO,18/10/2022,09:30:06,45.75,45.65,850,45.8,2250,1450,4324950
NIFTY20OCT2217600CE.NFO,18/10/2022,09:30:07,45.55,45.45,200,45.55,1300,6800,4324950
NIFTY20OCT2217600CE.NFO,18/10/2022,09:30:08,45.05,45.05,150,45.15,850,20100,4324950
NIFTY20OCT2217600CE.NFO,18/10/2022,09:30:09,44.45,44.35,1600,44.45,150,10150,4324950
NIFTY20OCT2217600CE.NFO,18/10/2022,09:30:10,44.5,44.35,450,44.45,350,10300,4324950
NIFTY20OCT2217600CE.NFO,18/10/2022,09:30:11,44.45,44.45,3150,44.6,1400,10400,4324950
NIFTY20OCT2217600CE.NFO,18/10/2022,09:30:12,44.05,44.1,1650,44.25,2050,13150,4324950
NIFTY20OCT2217600CE.NFO,18/10/2022,09:30:13,43.85,43.7,1650,43.8,300,24200,4324950
NIFTY20OCT2217600CE.NFO,18/10/2022,09:30:14,43.8,43.7,50,43.85,2350,16300,4324950
NIFTY20OCT2217600CE.NFO,18/10/2022,09:30:15,43.65,43.65,650,43.8,1750,11150,4324950
NIFTY20OCT2217600CE.NFO,18/10/2022,09:30:16,43.9,43.8,600,43.9,50,4300,4324950
NIFTY20OCT2217600CE.NFO,18/10/2022,09:30:17,44.05,44,250,44.1,1650,17650,4324950
NIFTY20OCT2217600CE.NFO,18/10/2022,09:30:18,44.5,44.5,450,44.6,50,4500,4324950
NIFTY20OCT2217600CE.NFO,18/10/2022,09:30:19,44.4,44.35,300,44.5,4650,2250,4324950
NIFTY20OCT2217600CE.NFO,18/10/2022,09:30:20,44.6,44.5,500,44.6,300,6300,4324950
NIFTY20OCT2217600CE.NFO,18/10/2022,09:30:21,44.95,44.9,350,45,1000,9900,4324950
NIFTY20OCT2217600CE.NFO,18/10/2022,09:30:22,44.95,44.8,800,44.95,2100,11250,4324950
NIFTY20OCT2217600CE.NFO,18/10/2022,09:30:23,45.4,45.25,300,45.4,1400,6600,4324950
NIFTY20OCT2217600CE.NFO,18/10/2022,09:30:24,45.35,45.3,1400,45.45,1700,1100,4324950
NIFTY20OCT2217600CE.NFO,18/10/2022,09:30:25,45.45,45.45,100,45.5,400,1400,4324950
NIFTY20OCT2217600CE.NFO,18/10/2022,09:30:26,45.4,45.4,1550,45.55,3200,5000,4324950
NIFTY20OCT2217600CE.NFO,18/10/2022,09:30:27,45.2,45.15,650,45.3,3600,3350,4324950
NIFTY20OCT2217600CE.NFO,18/10/2022,09:30:28,45.1,45.05,900,45.2,950,6400,4324950
NIFTY20OCT2217600CE.NFO,18/10/2022,09:30:29,45.2,45,4000,45.15,500,600,4324950
NIFTY20OCT2217600CE.NFO,18/10/2022,09:30:30,44.8,44.9,200,44.95,500,6600,4324950
NIFTY20OCT2217600CE.NFO,18/10/2022,09:30:31,44.6,44.5,50,44.6,250,5900,4324950
NIFTY20OCT2217600CE.NFO,18/10/2022,09:30:32,44.35,44.3,100,44.35,1300,5400,4324950
NIFTY20OCT2217600CE.NFO,18/10/2022,09:30:33,44.3,44.3,650,44.4,450,9250,4324950
NIFTY20OCT2217600CE.NFO,18/10/2022,09:30:34,44.45,44.25,4150,44.4,450,3250,4324950
NIFTY20OCT2217600CE.NFO,18/10/2022,09:30:35,44.3,44.2,2800,44.3,100,2650,4324950
NIFTY20OCT2217600CE.NFO,18/10/2022,09:30:36,44.2,44.25,200,44.35,1050,3350,4324950
NIFTY20OCT2217600CE.NFO,18/10/2022,09:30:37,44.1,44.05,250,44.15,2450,8350,4324950
NIFTY20OCT2217600CE.NFO,18/10/2022,09:30:38,44.1,44,4550,44.15,3450,0,4324950
NIFTY20OCT2217600CE.NFO,18/10/2022,09:30:39,44.2,44.2,850,44.3,150,4950,4324950
NIFTY20OCT2217600CE.NFO,18/10/2022,09:30:40,44.4,44.3,550,44.4,700,3550,4324950
NIFTY20OCT2217600CE.NFO,18/10/2022,09:30:41,44.95,44.9,1000,45,5250,6250,4324950
NIFTY20OCT2217600CE.NFO,18/10/2022,09:30:42,44.9,44.65,500,44.75,500,8000,4324950
NIFTY20OCT2217600CE.NFO,18/10/2022,09:30:43,44.75,44.65,400,44.75,1700,1150,4324950
NIFTY20OCT2217600CE.NFO,18/10/2022,09:30:44,44.1,44,6000,44.1,1050,3450,4324950
NIFTY20OCT2217600CE.NFO,18/10/2022,09:30:45,44,44,5100,44.1,900,4300,4324950
NIFTY20OCT2217600CE.NFO,18/10/2022,09:30:46,44.35,44.35,450,44.45,400,850,4324950
NIFTY20OCT2217600CE.NFO,18/10/2022,09:30:47,44.4,44.3,1750,44.45,2600,1900,4324950
NIFTY20OCT2217600CE.NFO,18/10/2022,09:30:48,44.35,44.4,650,44.55,1750,2500,4324950
NIFTY20OCT2217600CE.NFO,18/10/2022,09:30:49,44.5,44.4,1800,44.5,300,2150,4324950
NIFTY20OCT2217600CE.NFO,18/10/2022,09:30:50,44.5,44.35,1650,44.5,3950,3550,4324950
NIFTY20OCT2217600CE.NFO,18/10/2022,09:30:51,44.3,44.2,600,44.3,600,2300,4324950
NIFTY20OCT2217600CE.NFO,18/10/2022,09:30:52,44.1,44.1,2500,44.25,3600,2400,4324950
NIFTY20OCT2217600CE.NFO,18/10/2022,09:30:53,44.25,44.1,2050,44.25,2000,1850,4324950
NIFTY20OCT2217600CE.NFO,18/10/2022,09:30:54,44.35,44.35,2750,44.45,50,3450,4324950
NIFTY20OCT2217600CE.NFO,18/10/2022,09:30:55,44.15,44.1,1050,44.25,4900,6400,4324950
NIFTY20OCT2217600CE.NFO,18/10/2022,09:30:56,44,44.1,2650,44.2,150,2100,4324950
NIFTY20OCT2217600CE.NFO,18/10/2022,09:30:57,44,43.9,200,43.95,200,11200,4324950
NIFTY20OCT2217600CE.NFO,18/10/2022,09:30:58,43.85,43.65,2750,43.8,2450,11150,4324950
NIFTY20OCT2217600CE.NFO,18/10/2022,09:30:59,43.6,43.55,250,43.6,300,2600,4324950
NIFTY20OCT2217600CE.NFO,18/10/2022,09:31:00,43.35,43.2,2250,43.35,400,4150,4324950
NIFTY20OCT2217600CE.NFO,18/10/2022,09:31:01,43,43,6700,43.05,200,21350,4324950
NIFTY20OCT2217600CE.NFO,18/10/2022,09:31:02,42.85,42.7,2400,42.85,650,11150,4324950
NIFTY20OCT2217600CE.NFO,18/10/2022,09:31:03,42.65,42.65,1150,42.75,50,8350,4324950
NIFTY20OCT2217600CE.NFO,18/10/2022,09:31:04,42.8,42.6,900,42.7,300,7200,4324950
NIFTY20OCT2217600CE.NFO,18/10/2022,09:31:05,42.9,42.85,350,42.95,150,5950,4324950
NIFTY20OCT2217600CE.NFO,18/10/2022,09:31:06,42.65,42.55,2500,42.7,2450,8050,4324950
NIFTY20OCT2217600CE.NFO,18/10/2022,09:31:07,42.55,42.6,1300,42.7,100,5500,4324950
NIFTY20OCT2217600CE.NFO,18/10/2022,09:31:08,42.5,42.5,1950,42.6,50,2450,4324950
NIFTY20OCT2217600CE.NFO,18/10/2022,09:31:09,42.35,42.25,1150,42.35,250,4700,4324950
NIFTY20OCT2217600CE.NFO,18/10/2022,09:31:10,42.85,42.75,2550,42.85,200,10900,4324950
NIFTY20OCT2217600CE.NFO,18/10/2022,09:31:11,42.6,42.55,800,42.7,2450,7950,4324950
NIFTY20OCT2217600CE.NFO,18/10/2022,09:31:12,42.45,42.45,1050,42.55,500,14150,4324950
NIFTY20OCT2217600CE.NFO,18/10/2022,09:31:13,42.8,42.8,550,42.9,400,6500,4324950
NIFTY20OCT2217600CE.NFO,18/10/2022,09:31:14,43.05,43,1250,43.15,1650,6600,4324950
NIFTY20OCT2217600CE.NFO,18/10/2022,09:31:15,42.9,42.9,600,43,2050,7100,4324950
NIFTY20OCT2217600CE.NFO,18/10/2022,09:31:16,43.15,43.2,1300,43.3,50,1250,4324950
NIFTY20OCT2217600CE.NFO,18/10/2022,09:31:17,43.95,43.8,3400,43.95,1400,4700,4324950
NIFTY20OCT2217600CE.NFO,18/10/2022,09:31:18,43.5,43.45,100,43.5,800,9750,4324950
NIFTY20OCT2217600CE.NFO,18/10/2022,09:31:19,43.9,43.8,500,43.9,850,7100,4324950
NIFTY20OCT2217600CE.NFO,18/10/2022,09:31:20,43.95,43.85,750,43.95,250,3550,4324950
NIFTY20OCT2217600CE.NFO,18/10/2022,09:31:21,43.95,44,3250,44.15,3300,13200,4324950
NIFTY20OCT2217600CE.NFO,18/10/2022,09:31:22,43.9,43.8,1550,43.9,800,2100,4324950
NIFTY20OCT2217600CE.NFO,18/10/2022,09:31:23,43.6,43.65,2100,43.8,3900,1150,4324950
NIFTY20OCT2217600CE.NFO,18/10/2022,09:31:24,43.75,43.6,200,43.7,1700,2050,4324950
NIFTY20OCT2217600CE.NFO,18/10/2022,09:31:25,43.7,43.5,2750,43.65,1950,2700,4324950
NIFTY20OCT2217600CE.NFO,18/10/2022,09:31:26,44.25,44.25,50,44.35,1350,3950,4324950
NIFTY20OCT2217600CE.NFO,18/10/2022,09:31:27,44.4,44.4,2500,44.5,150,2900,4324950
NIFTY20OCT2217600CE.NFO,18/10/2022,09:31:28,44.75,44.75,200,44.85,150,16750,4324950
NIFTY20OCT2217600CE.NFO,18/10/2022,09:31:29,44.7,44.65,800,44.8,1750,4800,4324950
NIFTY20OCT2217600CE.NFO,18/10/2022,09:31:30,44.9,44.85,2500,45,2700,2150,4324950
NIFTY20OCT2217600CE.NFO,18/10/2022,09:31:31,45.1,45,450,45.1,2950,5100,4324950
NIFTY20OCT2217600CE.NFO,18/10/2022,09:31:32,45.05,45.1,1800,45.25,300,4950,4324950
NIFTY20OCT2217600CE.NFO,18/10/2022,09:31:33,44.95,44.8,1700,44.9,800,3600,4324950
NIFTY20OCT2217600CE.NFO,18/10/2022,09:31:34,45.2,45.2,1500,45.35,2550,7000,4324950
NIFTY20OCT2217600CE.NFO,18/10/2022,09:31:35,45.25,45.25,1850,45.4,1950,5400,4324950
NIFTY20OCT2217600CE.NFO,18/10/2022,09:31:36,45.4,45.35,550,45.45,300,350,4324950
NIFTY20OCT2217600CE.NFO,18/10/2022,09:31:37,45.55,45.4,1900,45.55,1200,3650,4324950
NIFTY20OCT2217600CE.NFO,18/10/2022,09:31:38,45.55,45.65,1050,45.8,1750,4500,4324950
NIFTY20OCT2217600CE.NFO,18/10/2022,09:31:39,45.65,45.65,50,45.8,1800,1550,4324950
NIFTY20OCT2217600CE.NFO,18/10/2022,09:31:40,45.95,45.8,1600,45.95,1300,2400,4324950
NIFTY20OCT2217600CE.NFO,18/10/2022,09:31:41,45.85,45.9,100,46,3550,7400,4324950
NIFTY20OCT2217600CE.NFO,18/10/2022,09:31:42,46,46,2250,46.1,200,7500,4324950
NIFTY20OCT2217600CE.NFO,18/10/2022,09:31:44,45.85,45.75,100,45.8,50,5400,4324950
NIFTY20OCT2217600CE.NFO,18/10/2022,09:31:44,45.8,45.85,2600,46,2200,350,4324950
NIFTY20OCT2217600CE.NFO,18/10/2022,09:31:45,45.95,45.9,800,46.05,2150,10200,4324950
NIFTY20OCT2217600CE.NFO,18/10/2022,09:31:46,46.15,46.15,2150,46.3,1950,7400,4324950
NIFTY20OCT2217600CE.NFO,18/10/2022,09:31:47,46.25,46.1,3550,46.25,1450,8400,4324950
NIFTY20OCT2217600CE.NFO,18/10/2022,09:31:48,46.2,46.2,800,46.35,600,2800,4324950
NIFTY20OCT2217600CE.NFO,18/10/2022,09:31:49,46.15,46.1,2450,46.25,650,4150,4324950
NIFTY20OCT2217600CE.NFO,18/10/2022,09:31:50,46.35,46.25,850,46.4,2950,4450,4324950
NIFTY20OCT2217600CE.NFO,18/10/2022,09:31:51,46.65,46.55,950,46.65,250,10600,4324950
NIFTY20OCT2217600CE.NFO,18/10/2022,09:31:52,46.7,46.55,1850,46.7,2500,3650,4324950
NIFTY20OCT2217600CE.NFO,18/10/2022,09:31:53,46.85,46.85,100,46.95,350,4200,4324950
NIFTY20OCT2217600CE.NFO,18/10/2022,09:31:54,46.7,46.7,1100,46.75,1750,1350,4324950
NIFTY20OCT2217600CE.NFO,18/10/2022,09:31:55,46.85,46.7,2350,46.85,1400,4850,4324950
NIFTY20OCT2217600CE.NFO,18/10/2022,09:31:56,46.8,46.65,100,46.75,850,5050,4324950
NIFTY20OCT2217600CE.NFO,18/10/2022,09:31:57,46.5,46.5,1250,46.6,500,10400,4324950
NIFTY20OCT2217600CE.NFO,18/10/2022,09:31:58,46.45,46.3,650,46.45,2000,6000,4324950
NIFTY20OCT2217600CE.NFO,18/10/2022,09:31:59,46.6,46.45,450,46.6,3550,9550,4324950
NIFTY20OCT2217600CE.NFO,18/10/2022,09:32:00,46.25,46.25,450,46.3,100,3300,4324950
NIFTY20OCT2217600CE.NFO,18/10/2022,09:32:01,46.1,46,3450,46.1,400,8250,4324950
NIFTY20OCT2217600CE.NFO,18/10/2022,09:32:02,46.05,46.05,650,46.15,50,3300,4324950
NIFTY20OCT2217600CE.NFO,18/10/2022,09:32:03,46.1,46.05,2650,46.2,750,6700,4324950
NIFTY20OCT2217600CE.NFO,18/10/2022,09:32:04,46.15,46,2500,46.1,100,3500,4324950
NIFTY20OCT2217600CE.NFO,18/10/2022,09:32:05,46.1,46.1,1250,46.25,3400,6250,4324950
NIFTY20OCT2217600CE.NFO,18/10/2022,09:32:06,46.2,46.2,1600,46.3,950,6700,4324950
NIFTY20OCT2217600CE.NFO,18/10/2022,09:32:07,46.3,46.3,1850,46.45,1250,750,4324950
NIFTY20OCT2217600CE.NFO,18/10/2022,09:32:08,46.65,46.5,2500,46.65,1450,6400,4324950
NIFTY20OCT2217600CE.NFO,18/10/2022,09:32:09,46.4,46.3,300,46.4,650,5550,4324950
NIFTY20OCT2217600CE.NFO,18/10/2022,09:32:10,46.55,46.45,200,46.6,5150,5950,4324950
NIFTY20OCT2217600CE.NFO,18/10/2022,09:32:11,46.6,46.45,1450,46.6,4000,3400,4324950
NIFTY20OCT2217600CE.NFO,18/10/2022,09:32:12,46.55,46.4,2900,46.55,1000,3100,4324950
NIFTY20OCT2217600CE.NFO,18/10/2022,09:32:13,46.85,46.75,400,46.85,550,3300,4324950
NIFTY20OCT2217600CE.NFO,18/10/2022,09:32:14,46.9,46.7,2000,46.85,350,800,4324950
NIFTY20OCT2217600CE.NFO,18/10/2022,09:32:15,46.85,46.75,400,46.85,50,6700,4324950
NIFTY20OCT2217600CE.NFO,18/10/2022,09:32:16,47.3,47.2,150,47.3,850,21250,4324950
NIFTY20OCT2217600CE.NFO,18/10/2022,09:32:17,47.25,47.15,1250,47.3,2750,2800,4324950
NIFTY20OCT2217600CE.NFO,18/10/2022,09:32:18,47,47,700,47.15,850,7650,4324950
NIFTY20OCT2217600CE.NFO,18/10/2022,09:32:19,46.8,46.85,450,46.95,650,8900,4324950
NIFTY20OCT2217600CE.NFO,18/10/2022,09:32:20,46.9,46.75,1200,46.9,3000,2550,4324950
NIFTY20OCT2217600CE.NFO,18/10/2022,09:32:21,47.2,47.05,1200,47.2,1250,11550,4324950
NIFTY20OCT2217600CE.NFO,18/10/2022,09:32:22,47.25,47.25,1200,47.35,300,700,4324950
NIFTY20OCT2217600CE.NFO,18/10/2022,09:32:23,47.3,47.35,100,47.4,150,8700,4324950
NIFTY20OCT2217600CE.NFO,18/10/2022,09:32:24,47.35,47.35,1150,47.45,1250,11100,4324950
NIFTY20OCT2217600CE.NFO,18/10/2022,09:32:25,47.8,47.8,1650,47.95,450,13850,4324950
NIFTY20OCT2217600CE.NFO,18/10/2022,09:32:27,48.45,48.3,1450,48.45,900,18250,4324950
NIFTY20OCT2217600CE.NFO,18/10/2022,09:32:27,48.3,48.3,150,48.4,650,900,4324950
NIFTY20OCT2217600CE.NFO,18/10/2022,09:32:28,48.45,48.45,2750,48.6,1350,11000,4324950
NIFTY20OCT2217600CE.NFO,18/10/2022,09:32:29,48.35,48.25,700,48.35,650,11700,4324950
NIFTY20OCT2217600CE.NFO,18/10/2022,09:32:30,48.3,48.25,1200,48.4,2800,6400,4324950
NIFTY20OCT2217600CE.NFO,18/10/2022,09:32:31,48.45,48.3,1550,48.45,2850,21400,4324950
NIFTY20OCT2217600CE.NFO,18/10/2022,09:32:32,48.45,48.4,1450,48.55,1900,14600,4324950
NIFTY20OCT2217600CE.NFO,18/10/2022,09:32:33,48.35,48.3,50,48.4,2100,1600,4324950
NIFTY20OCT2217600CE.NFO,18/10/2022,09:32:34,48,48,700,48.15,2350,8900,4324950
NIFTY20OCT2217600CE.NFO,18/10/2022,09:32:35,47.7,47.7,300,47.8,550,7250,4458300
NIFTY20OCT2217600CE.NFO,18/10/2022,09:32:36,47.9,47.85,50,47.95,1200,8200,4458300
NIFTY20OCT2217600CE.NFO,18/10/2022,09:32:37,47.8,47.7,1800,47.85,750,6050,4458300
NIFTY20OCT2217600CE.NFO,18/10/2022,09:32:38,47.85,47.7,900,47.85,1250,3200,4458300
NIFTY20OCT2217600CE.NFO,18/10/2022,09:32:39,47.65,47.55,250,47.65,500,3750,4458300
NIFTY20OCT2217600CE.NFO,18/10/2022,09:32:40,47.6,47.6,50,47.65,1150,5250,4458300
NIFTY20OCT2217600CE.NFO,18/10/2022,09:32:41,47.7,47.6,100,47.7,1700,5450,4458300
NIFTY20OCT2217600CE.NFO,18/10/2022,09:32:42,48.1,48.1,1700,48.25,4400,13850,4458300
NIFTY20OCT2217600CE.NFO,18/10/2022,09:32:43,48.45,48.3,300,48.45,1200,1450,4458300
NIFTY20OCT2217600CE.NFO,18/10/2022,09:32:44,48.25,48.2,150,48.25,100,8950,4458300
NIFTY20OCT2217600CE.NFO,18/10/2022,09:32:45,48.15,48,1400,48.15,1000,7000,4458300
NIFTY20OCT2217600CE.NFO,18/10/2022,09:32:46,47.9,47.85,3350,48,400,6200,4458300
NIFTY20OCT2217600CE.NFO,18/10/2022,09:32:47,48,47.9,200,48,1800,4150,4458300
NIFTY20OCT2217600CE.NFO,18/10/2022,09:32:48,47.7,47.7,200,47.8,750,5150,4458300
NIFTY20OCT2217600CE.NFO,18/10/2022,09:32:49,47.85,47.75,950,47.85,450,2050,4458300
NIFTY20OCT2217600CE.NFO,18/10/2022,09:32:50,48,47.9,2350,48,4150,4050,4458300
NIFTY20OCT2217600CE.NFO,18/10/2022,09:32:51,48,47.9,300,48,3950,3950,4458300
NIFTY20OCT2217600CE.NFO,18/10/2022,09:32:52,47.95,47.8,1500,47.95,1900,4150,4458300
NIFTY20OCT2217600CE.NFO,18/10/2022,09:32:53,47.8,47.75,2950,47.95,3250,3250,4458300
NIFTY20OCT2217600CE.NFO,18/10/2022,09:32:54,48.3,48.3,950,48.45,1400,10400,4458300
NIFTY20OCT2217600CE.NFO,18/10/2022,09:32:55,48.35,48.35,150,48.45,750,850,4458300
NIFTY20OCT2217600CE.NFO,18/10/2022,09:32:56,48.4,48.3,1700,48.4,50,6950,4458300
NIFTY20OCT2217600CE.NFO,18/10/2022,09:32:57,48.65,48.55,1850,48.7,450,5900,4458300
NIFTY20OCT2217600CE.NFO,18/10/2022,09:32:58,48.8,48.65,950,48.8,900,5650,4458300
NIFTY20OCT2217600CE.NFO,18/10/2022,09:32:59,48.9,48.85,450,48.95,1650,8500,4458300
NIFTY20OCT2217600CE.NFO,18/10/2022,09:33:00,49.3,49.15,2100,49.3,650,25600,4458300
NIFTY20OCT2217600CE.NFO,18/10/2022,09:33:01,49.55,49.5,200,49.6,950,13800,4458300
NIFTY20OCT2217600CE.NFO,18/10/2022,09:33:02,49.55,49.65,100,49.7,50,7500,4458300
NIFTY20OCT2217600CE.NFO,18/10/2022,09:33:03,49.75,49.75,50,49.8,150,19100,4458300
NIFTY20OCT2217600CE.NFO,18/10/2022,09:33:04,49.9,49.75,1550,49.9,800,5050,4458300
NIFTY20OCT2217600CE.NFO,18/10/2022,09:33:05,50,49.9,1900,50,39950,16650,4458300
NIFTY20OCT2217600CE.NFO,18/10/2022,09:33:06,50.25,50.1,850,50.2,350,63750,4458300
NIFTY20OCT2217600CE.NFO,18/10/2022,09:33:07,50.45,50.35,400,50.4,50,9700,4458300
NIFTY20OCT2217600CE.NFO,18/10/2022,09:33:08,50.5,50.5,1400,50.55,800,17200,4458300
NIFTY20OCT2217600CE.NFO,18/10/2022,09:33:09,50.45,50.35,200,50.45,2600,14550,4458300
NIFTY20OCT2217600CE.NFO,18/10/2022,09:33:10,50.85,50.7,1600,50.85,1100,10000,4458300
NIFTY20OCT2217600CE.NFO,18/10/2022,09:33:11,50.75,50.6,3300,50.75,800,8600,4458300
NIFTY20OCT2217600CE.NFO,18/10/2022,09:33:12,49.9,49.85,900,50,1550,15600,4458300
NIFTY20OCT2217600CE.NFO,18/10/2022,09:33:13,50.45,50.35,700,50.45,100,6900,4458300
NIFTY20OCT2217600CE.NFO,18/10/2022,09:33:14,50.45,50.35,500,50.45,1300,12350,4458300
NIFTY20OCT2217600CE.NFO,18/10/2022,09:33:15,50.2,50.05,1500,50.2,1600,9250,4458300
NIFTY20OCT2217600CE.NFO,18/10/2022,09:33:16,50.5,50.5,350,50.6,700,6350,4458300
NIFTY20OCT2217600CE.NFO,18/10/2022,09:33:18,50.55,50.4,300,50.55,800,11850,4458300
NIFTY20OCT2217600CE.NFO,18/10/2022,09:33:18,50.7,50.6,150,50.65,150,4250,4458300
NIFTY20OCT2217600CE.NFO,18/10/2022,09:33:19,51,50.95,750,51,10600,20350,4458300
NIFTY20OCT2217600CE.NFO,18/10/2022,09:33:20,50.75,50.65,2500,50.75,1700,23900,4458300
NIFTY20OCT2217600CE.NFO,18/10/2022,09:33:21,50.7,50.6,500,50.7,550,11250,4458300
NIFTY20OCT2217600CE.NFO,18/10/2022,09:33:22,50.85,50.8,300,50.9,250,11200,4458300
NIFTY20OCT2217600CE.NFO,18/10/2022,09:33:23,50.75,50.75,1050,50.85,50,3950,4458300
NIFTY20OCT2217600CE.NFO,18/10/2022,09:33:24,50.5,50.5,1150,50.65,250,11650,4458300
NIFTY20OCT2217600CE.NFO,18/10/2022,09:33:25,50.05,50,100,50.1,1650,21350,4458300
NIFTY20OCT2217600CE.NFO,18/10/2022,09:33:26,50,49.95,1550,50,450,6350,4458300
NIFTY20OCT2217600CE.NFO,18/10/2022,09:33:27,50,49.9,250,50,300,8550,4458300
NIFTY20OCT2217600CE.NFO,18/10/2022,09:33:28,49.6,49.55,150,49.65,1250,5600,4458300
NIFTY20OCT2217600CE.NFO,18/10/2022,09:33:30,49.65,49.55,250,49.65,50,10450,4458300
NIFTY20OCT2217600CE.NFO,18/10/2022,09:33:30,49.65,49.65,800,49.8,1600,450,4458300
NIFTY20OCT2217600CE.NFO,18/10/2022,09:33:31,49.7,49.55,2600,49.7,500,12400,4458300
NIFTY20OCT2217600CE.NFO,18/10/2022,09:33:32,49.7,49.65,950,49.75,150,9500,4458300
NIFTY20OCT2217600CE.NFO,18/10/2022,09:33:33,49.7,49.7,2600,49.8,250,4750,4458300
NIFTY20OCT2217600CE.NFO,18/10/2022,09:33:34,49.65,49.5,350,49.65,1350,18200,4458300
NIFTY20OCT2217600CE.NFO,18/10/2022,09:33:35,49.45,49.5,250,49.6,250,5950,4458300
NIFTY20OCT2217600CE.NFO,18/10/2022,09:33:36,49.3,49.3,2750,49.45,650,7050,4458300
NIFTY20OCT2217600CE.NFO,18/10/2022,09:33:38,48.85,48.8,900,48.95,700,21350,4458300
NIFTY20OCT2217600CE.NFO,18/10/2022,09:33:39,48.85,48.85,800,48.95,1500,3950,4458300
NIFTY20OCT2217600CE.NFO,18/10/2022,09:33:40,49.1,49,250,49.1,600,7000,4458300
NIFTY20OCT2217600CE.NFO,18/10/2022,09:33:40,48.75,48.55,300,48.65,800,2450,4458300
NIFTY20OCT2217600CE.NFO,18/10/2022,09:33:41,48.55,48.45,1050,48.6,1450,8400,4458300
NIFTY20OCT2217600CE.NFO,18/10/2022,09:33:42,48.75,48.55,3100,48.7,1250,3200,4458300
NIFTY20OCT2217600CE.NFO,18/10/2022,09:33:43,48.35,48.3,1050,48.45,3150,6150,4458300
NIFTY20OCT2217600CE.NFO,18/10/2022,09:33:45,48.45,48.25,2150,48.4,650,7250,4458300
NIFTY20OCT2217600CE.NFO,18/10/2022,09:33:45,48.55,48.4,2250,48.55,3000,800,4458300
NIFTY20OCT2217600CE.NFO,18/10/2022,09:33:46,48.7,48.7,1500,48.75,50,11500,4458300
NIFTY20OCT2217600CE.NFO,18/10/2022,09:33:47,48.55,48.55,50,48.65,700,6450,4458300
NIFTY20OCT2217600CE.NFO,18/10/2022,09:33:48,48.9,48.85,1450,49,4350,1600,4458300
NIFTY20OCT2217600CE.NFO,18/10/2022,09:33:49,49.1,49.1,700,49.2,1250,4800,4458300
NIFTY20OCT2217600CE.NFO,18/10/2022,09:33:50,48.65,48.65,2100,48.75,1000,7050,4458300
NIFTY20OCT2217600CE.NFO,18/10/2022,09:33:51,48.8,48.75,750,48.9,2300,5900,4458300
NIFTY20OCT2217600CE.NFO,18/10/2022,09:33:52,48.75,48.65,450,48.75,50,3300,4458300
NIFTY20OCT2217600CE.NFO,18/10/2022,09:33:53,48.9,48.75,200,48.85,1500,4900,4458300
NIFTY20OCT2217600CE.NFO,18/10/2022,09:33:54,48.75,48.75,1450,48.9,1450,5100,4458300
NIFTY20OCT2217600CE.NFO,18/10/2022,09:33:55,48.8,48.8,650,48.9,250,4400,4458300
NIFTY20OCT2217600CE.NFO,18/10/2022,09:33:57,48.7,48.8,1300,48.85,250,2850,4458300
NIFTY20OCT2217600CE.NFO,18/10/2022,09:33:57,49.25,49.25,150,49.3,250,3850,4458300
NIFTY20OCT2217600CE.NFO,18/10/2022,09:33:58,49.4,49.3,2250,49.4,50,4150,4458300
NIFTY20OCT2217600CE.NFO,18/10/2022,09:33:59,49.4,49.15,250,49.25,250,5300,4458300
NIFTY20OCT2217600CE.NFO,18/10/2022,09:34:00,48.8,48.7,1600,48.85,1800,31100,4458300
NIFTY20OCT2217600CE.NFO,18/10/2022,09:34:02,48.8,48.65,250,48.8,500,7550,4458300
NIFTY20OCT2217600CE.NFO,18/10/2022,09:34:02,48.65,48.55,1500,48.65,400,1000,4458300
NIFTY20OCT2217600CE.NFO,18/10/2022,09:34:03,49.25,49.1,50,49.2,1650,5900,4458300
NIFTY20OCT2217600CE.NFO,18/10/2022,09:34:04,48.85,48.9,1300,49,100,3650,4458300
NIFTY20OCT2217600CE.NFO,18/10/2022,09:34:05,48.85,48.65,2850,48.8,1200,5100,4458300
NIFTY20OCT2217600CE.NFO,18/10/2022,09:34:07,48.65,48.5,1300,48.65,2300,2050,4458300
NIFTY20OCT2217600CE.NFO,18/10/2022,09:34:07,48.3,48.2,50,48.3,2800,8900,4458300
NIFTY20OCT2217600CE.NFO,18/10/2022,09:34:08,47.7,47.6,3850,47.75,500,32950,4458300
NIFTY20OCT2217600CE.NFO,18/10/2022,09:34:09,47.2,47.05,2250,47.2,750,13550,4458300
NIFTY20OCT2217600CE.NFO,18/10/2022,09:34:10,47,46.95,1600,47.1,800,10100,4458300
NIFTY20OCT2217600CE.NFO,18/10/2022,09:34:11,46.95,46.9,1750,47,900,8100,4458300
NIFTY20OCT2217600CE.NFO,18/10/2022,09:34:12,47.55,47.6,50,47.65,300,8300,4458300
NIFTY20OCT2217600CE.NFO,18/10/2022,09:34:14,47.35,47.1,650,47.25,3050,10900,4458300
NIFTY20OCT2217600CE.NFO,18/10/2022,09:34:14,47.25,47.1,2150,47.25,750,550,4458300
NIFTY20OCT2217600CE.NFO,18/10/2022,09:34:15,46.7,46.65,50,46.7,500,32800,4458300
NIFTY20OCT2217600CE.NFO,18/10/2022,09:34:16,46.7,46.7,850,46.8,50,4350,4458300
NIFTY20OCT2217600CE.NFO,18/10/2022,09:34:17,47.15,47.1,50,47.15,100,5700,4458300
NIFTY20OCT2217600CE.NFO,18/10/2022,09:34:18,47.15,47,150,47.1,800,4300,4458300
NIFTY20OCT2217600CE.NFO,18/10/2022,09:34:19,46.8,46.7,650,46.8,400,5350,4458300
NIFTY20OCT2217600CE.NFO,18/10/2022,09:34:20,46.85,46.8,1100,46.95,2150,2150,4458300
NIFTY20OCT2217600CE.NFO,18/10/2022,09:34:22,46.6,46.45,2600,46.6,500,2050,4458300
