Ticker,Date,Time,LTP,BuyPrice,BuyQty,SellPrice,SellQty,LTQ,OpenInterest
NIFTY20OCT2217100PE.NFO,13/10/2022,09:15:01,200,203,450,212.5,250,2400,653050
NIFTY20OCT2217100PE.NFO,13/10/2022,09:15:01,205,203,450,212.5,250,0,653050
NIFTY20OCT2217100PE.NFO,13/10/2022,09:15:01,213.65,203,450,212.5,250,0,653050
NIFTY20OCT2217100PE.NFO,13/10/2022,09:15:01,197.7,203,450,212.5,250,0,653050
NIFTY20OCT2217100PE.NFO,13/10/2022,09:15:03,212.95,206.8,400,209.95,50,200,653050
NIFTY20OCT2217100PE.NFO,13/10/2022,09:15:05,213.15,213.1,200,213.4,100,4100,653050
NIFTY20OCT2217100PE.NFO,13/10/2022,09:15:05,214.15,213.1,200,213.4,100,0,653050
NIFTY20OCT2217100PE.NFO,13/10/2022,09:15:06,213.45,213.45,200,214.45,400,3900,653050
NIFTY20OCT2217100PE.NFO,13/10/2022,09:15:06,214.45,213.45,200,214.45,400,0,653050
NIFTY20OCT2217100PE.NFO,13/10/2022,09:15:08,205.5,205.55,400,209.65,50,1700,653050
NIFTY20OCT2217100PE.NFO,13/10/2022,09:15:10,206.3,206.4,400,208.6,50,1000,653050
NIFTY20OCT2217100PE.NFO,13/10/2022,09:15:11,206.4,205.55,400,206.4,200,1500,653050
NIFTY20OCT2217100PE.NFO,13/10/2022,09:15:13,208.1,208.15,400,209,50,4650,653050
NIFTY20OCT2217100PE.NFO,13/10/2022,09:15:15,210.35,210.35,400,210.9,200,2350,653050
NIFTY20OCT2217100PE.NFO,13/10/2022,09:15:16,208,208.05,400,209,150,4450,653050
NIFTY20OCT2217100PE.NFO,13/10/2022,09:15:18,206.45,206.45,400,207.45,350,2750,653050
NIFTY20OCT2217100PE.NFO,13/10/2022,09:15:20,205.45,203.85,400,205.1,150,2700,653050
NIFTY20OCT2217100PE.NFO,13/10/2022,09:15:21,203.8,202.6,400,203.8,400,4600,653050
NIFTY20OCT2217100PE.NFO,13/10/2022,09:15:23,203,201.3,100,202.15,400,1550,653050
NIFTY20OCT2217100PE.NFO,13/10/2022,09:15:24,199.8,199.7,400,200.4,400,4650,653050
NIFTY20OCT2217100PE.NFO,13/10/2022,09:15:26,199.9,199.4,50,199.9,300,1300,653050
NIFTY20OCT2217100PE.NFO,13/10/2022,09:15:28,201.45,200.75,400,201.75,200,6900,653050
NIFTY20OCT2217100PE.NFO,13/10/2022,09:15:29,201.65,201.3,700,201.8,1000,2050,653050
NIFTY20OCT2217100PE.NFO,13/10/2022,09:15:31,202.15,202.05,150,202.35,50,1750,653050
NIFTY20OCT2217100PE.NFO,13/10/2022,09:15:33,202.1,201.25,1500,202.1,300,5850,653050
NIFTY20OCT2217100PE.NFO,13/10/2022,09:15:34,202.15,201.25,1450,201.95,350,2500,653050
NIFTY20OCT2217100PE.NFO,13/10/2022,09:15:36,201,201,950,201.95,50,2850,653050
NIFTY20OCT2217100PE.NFO,13/10/2022,09:15:38,200.8,200.25,50,201.35,50,1800,653050
NIFTY20OCT2217100PE.NFO,13/10/2022,09:15:39,202,201.25,300,202.25,400,2850,653050
NIFTY20OCT2217100PE.NFO,13/10/2022,09:15:41,202.8,202.8,250,203.35,50,5050,653050
NIFTY20OCT2217100PE.NFO,13/10/2022,09:15:43,205.55,204.85,50,205.5,250,7900,653050
NIFTY20OCT2217100PE.NFO,13/10/2022,09:15:44,206.25,205.3,50,206.45,100,4800,653050
NIFTY20OCT2217100PE.NFO,13/10/2022,09:15:46,206.7,205.55,50,206.65,50,2400,653050
NIFTY20OCT2217100PE.NFO,13/10/2022,09:15:48,203.65,202.9,50,203.85,350,2500,653050
NIFTY20OCT2217100PE.NFO,13/10/2022,09:15:49,205,204.8,50,206,100,2450,653050
NIFTY20OCT2217100PE.NFO,13/10/2022,09:15:51,206.15,205.85,150,206.85,50,2800,653050
NIFTY20OCT2217100PE.NFO,13/10/2022,09:15:53,206.2,206.25,50,207.3,100,4200,653050
NIFTY20OCT2217100PE.NFO,13/10/2022,09:15:54,207.3,206.25,750,207.3,150,4000,653050
NIFTY20OCT2217100PE.NFO,13/10/2022,09:15:56,206.75,206.85,150,207.9,150,1550,653050
NIFTY20OCT2217100PE.NFO,13/10/2022,09:15:58,207.25,206.85,150,207.75,350,350,653050
NIFTY20OCT2217100PE.NFO,13/10/2022,09:15:59,207.25,207.25,550,207.95,50,1150,653050
NIFTY20OCT2217100PE.NFO,13/10/2022,09:16:01,210.05,209.65,200,209.95,350,26100,653050
NIFTY20OCT2217100PE.NFO,13/10/2022,09:16:03,208.8,208.25,150,208.8,150,1000,653050
NIFTY20OCT2217100PE.NFO,13/10/2022,09:16:05,208.65,208.6,100,209.4,200,2800,653050
NIFTY20OCT2217100PE.NFO,13/10/2022,09:16:06,209.75,209.5,150,209.75,200,2350,653050
NIFTY20OCT2217100PE.NFO,13/10/2022,09:16:08,209.9,209.3,200,210,200,6200,653050
NIFTY20OCT2217100PE.NFO,13/10/2022,09:16:10,208.2,208.05,150,208.7,50,1450,653050
NIFTY20OCT2217100PE.NFO,13/10/2022,09:16:11,208.8,208.15,150,208.75,50,600,653050
NIFTY20OCT2217100PE.NFO,13/10/2022,09:16:13,208.85,208.05,200,208.65,100,600,653050
NIFTY20OCT2217100PE.NFO,13/10/2022,09:16:15,209.05,208.8,200,209.35,50,1650,653050
NIFTY20OCT2217100PE.NFO,13/10/2022,09:16:16,209.35,209,200,209.5,150,1900,653050
NIFTY20OCT2217100PE.NFO,13/10/2022,09:16:18,209.2,208.8,150,209.15,150,650,653050
NIFTY20OCT2217100PE.NFO,13/10/2022,09:16:20,209.3,209,200,209.4,150,300,653050
NIFTY20OCT2217100PE.NFO,13/10/2022,09:16:21,208.8,208.9,150,209.35,50,2000,653050
NIFTY20OCT2217100PE.NFO,13/10/2022,09:16:23,209.35,209.1,1000,209.5,400,200,653050
NIFTY20OCT2217100PE.NFO,13/10/2022,09:16:25,208.25,208,1100,208.25,100,3150,653050
NIFTY20OCT2217100PE.NFO,13/10/2022,09:16:26,208.35,208,900,208.45,100,350,653050
NIFTY20OCT2217100PE.NFO,13/10/2022,09:16:28,208.15,207.5,250,208.3,150,1750,653050
NIFTY20OCT2217100PE.NFO,13/10/2022,09:16:30,207.95,207.95,100,208.35,50,1900,653050
NIFTY20OCT2217100PE.NFO,13/10/2022,09:16:31,207,206.15,150,206.65,150,2650,653050
NIFTY20OCT2217100PE.NFO,13/10/2022,09:16:33,205.5,205.5,100,206.15,50,3350,653050
NIFTY20OCT2217100PE.NFO,13/10/2022,09:16:35,205.4,205.4,100,206.1,150,2050,653050
NIFTY20OCT2217100PE.NFO,13/10/2022,09:16:36,205.25,204.6,400,205.5,150,200,653050
NIFTY20OCT2217100PE.NFO,13/10/2022,09:16:38,207.4,206.9,50,207.4,200,1650,653050
NIFTY20OCT2217100PE.NFO,13/10/2022,09:16:40,206.75,207,150,207.25,100,1250,653050
NIFTY20OCT2217100PE.NFO,13/10/2022,09:16:41,208.4,207.7,100,208.35,100,3050,653050
NIFTY20OCT2217100PE.NFO,13/10/2022,09:16:43,207.95,207.45,100,208.15,100,1000,653050
NIFTY20OCT2217100PE.NFO,13/10/2022,09:16:45,207.15,206.5,150,207.25,50,1950,653050
NIFTY20OCT2217100PE.NFO,13/10/2022,09:16:46,206.65,206,100,206.6,50,1550,653050
NIFTY20OCT2217100PE.NFO,13/10/2022,09:16:48,205.1,205.15,100,205.6,100,1750,653050
NIFTY20OCT2217100PE.NFO,13/10/2022,09:16:50,205.2,204.45,550,205.15,100,1900,653050
NIFTY20OCT2217100PE.NFO,13/10/2022,09:16:51,205.25,205.25,50,205.7,50,350,653050
NIFTY20OCT2217100PE.NFO,13/10/2022,09:16:53,204.4,204.1,400,205,50,3700,653050
NIFTY20OCT2217100PE.NFO,13/10/2022,09:16:55,203.55,203.35,150,204.15,150,1600,653050
NIFTY20OCT2217100PE.NFO,13/10/2022,09:16:56,203.15,202.95,300,203.6,100,1850,653050
NIFTY20OCT2217100PE.NFO,13/10/2022,09:16:58,202.5,202.4,100,202.85,100,1550,653050
NIFTY20OCT2217100PE.NFO,13/10/2022,09:17:00,202.55,202.55,50,202.9,100,1650,653050
NIFTY20OCT2217100PE.NFO,13/10/2022,09:17:01,201.15,201.05,100,201.7,150,2700,653050
NIFTY20OCT2217100PE.NFO,13/10/2022,09:17:03,201.05,201.1,100,201.75,50,1650,653050
NIFTY20OCT2217100PE.NFO,13/10/2022,09:17:05,200.2,200.2,100,200.8,100,2650,653050
NIFTY20OCT2217100PE.NFO,13/10/2022,09:17:06,200,200,1400,200.05,50,2850,653050
NIFTY20OCT2217100PE.NFO,13/10/2022,09:17:08,198.45,198.4,350,198.8,200,4950,653050
NIFTY20OCT2217100PE.NFO,13/10/2022,09:17:10,198.65,198.35,50,198.8,1200,2000,653050
NIFTY20OCT2217100PE.NFO,13/10/2022,09:17:11,198.65,198.6,100,198.8,50,1100,653050
NIFTY20OCT2217100PE.NFO,13/10/2022,09:17:13,200.55,200.4,50,200.85,100,2300,653050
NIFTY20OCT2217100PE.NFO,13/10/2022,09:17:15,200.55,200,100,200.55,300,1300,653050
NIFTY20OCT2217100PE.NFO,13/10/2022,09:17:16,200.1,199.55,100,200.15,50,1000,653050
NIFTY20OCT2217100PE.NFO,13/10/2022,09:17:18,199.25,199.15,100,199.85,100,3350,653050
NIFTY20OCT2217100PE.NFO,13/10/2022,09:17:20,200,199.5,100,200.2,50,750,653050
NIFTY20OCT2217100PE.NFO,13/10/2022,09:17:21,200.2,200.15,100,200.55,100,1800,653050
NIFTY20OCT2217100PE.NFO,13/10/2022,09:17:23,201.75,201.5,100,201.75,1450,1950,653050
NIFTY20OCT2217100PE.NFO,13/10/2022,09:17:25,201.6,202,100,202.4,100,3900,653050
NIFTY20OCT2217100PE.NFO,13/10/2022,09:17:26,203.25,202.5,100,203.2,100,5500,653050
NIFTY20OCT2217100PE.NFO,13/10/2022,09:17:28,203.15,202.45,600,203,100,3350,653050
NIFTY20OCT2217100PE.NFO,13/10/2022,09:17:30,203.65,203.2,100,203.8,350,1850,653050
NIFTY20OCT2217100PE.NFO,13/10/2022,09:17:31,203.75,203.05,100,203.7,50,1000,653050
NIFTY20OCT2217100PE.NFO,13/10/2022,09:17:33,201.5,200.95,100,201.6,600,1550,653050
NIFTY20OCT2217100PE.NFO,13/10/2022,09:17:35,201.05,200.6,100,201.2,900,700,653050
NIFTY20OCT2217100PE.NFO,13/10/2022,09:17:36,200.85,200.55,1900,201,50,2600,653050
NIFTY20OCT2217100PE.NFO,13/10/2022,09:17:38,200.1,200.1,700,200.65,500,3600,653050
NIFTY20OCT2217100PE.NFO,13/10/2022,09:17:40,200.2,199.75,2000,200.2,300,2100,653050
NIFTY20OCT2217100PE.NFO,13/10/2022,09:17:41,200,199.9,950,200.55,600,3350,653050
NIFTY20OCT2217100PE.NFO,13/10/2022,09:17:43,200,199.95,350,200.55,150,950,653050
NIFTY20OCT2217100PE.NFO,13/10/2022,09:17:45,201.4,201.05,250,201.5,400,1700,750950
NIFTY20OCT2217100PE.NFO,13/10/2022,09:17:46,201.85,201.3,150,201.85,400,600,750950
NIFTY20OCT2217100PE.NFO,13/10/2022,09:17:48,200.65,200.55,150,201,50,2000,750950
NIFTY20OCT2217100PE.NFO,13/10/2022,09:17:50,201.7,201.4,150,201.85,50,300,750950
NIFTY20OCT2217100PE.NFO,13/10/2022,09:17:51,202.1,202,150,202.45,50,2100,750950
NIFTY20OCT2217100PE.NFO,13/10/2022,09:17:53,202,201.9,50,202.55,50,950,750950
NIFTY20OCT2217100PE.NFO,13/10/2022,09:17:55,201.55,201.35,150,201.8,150,400,750950
NIFTY20OCT2217100PE.NFO,13/10/2022,09:17:56,202.4,201.65,50,202,350,850,750950
NIFTY20OCT2217100PE.NFO,13/10/2022,09:17:58,202.85,202.7,100,203,250,1150,750950
NIFTY20OCT2217100PE.NFO,13/10/2022,09:18:00,204,203.7,150,204,250,800,750950
NIFTY20OCT2217100PE.NFO,13/10/2022,09:18:01,203.05,202.9,150,203.25,100,850,750950
NIFTY20OCT2217100PE.NFO,13/10/2022,09:18:03,203.05,203,150,203.35,150,2550,750950
NIFTY20OCT2217100PE.NFO,13/10/2022,09:18:05,205,205.4,100,205.75,100,1600,750950
NIFTY20OCT2217100PE.NFO,13/10/2022,09:18:06,205.05,204.45,100,204.75,50,2000,750950
NIFTY20OCT2217100PE.NFO,13/10/2022,09:18:08,205.15,204.75,100,205.15,400,3000,750950
NIFTY20OCT2217100PE.NFO,13/10/2022,09:18:10,205.3,204.9,100,205.4,350,1100,750950
NIFTY20OCT2217100PE.NFO,13/10/2022,09:18:11,206.5,206.5,50,206.95,200,1400,750950
NIFTY20OCT2217100PE.NFO,13/10/2022,09:18:13,206.75,206.4,100,206.8,50,8250,750950
NIFTY20OCT2217100PE.NFO,13/10/2022,09:18:14,208.8,208.55,50,209,50,5450,750950
NIFTY20OCT2217100PE.NFO,13/10/2022,09:18:16,208.4,208.5,100,208.9,100,1150,750950
NIFTY20OCT2217100PE.NFO,13/10/2022,09:18:18,209.8,209.1,100,209.8,100,1350,750950
NIFTY20OCT2217100PE.NFO,13/10/2022,09:18:20,208.9,208.4,150,208.9,100,2050,750950
NIFTY20OCT2217100PE.NFO,13/10/2022,09:18:21,209.15,208.9,100,209.25,50,2800,750950
NIFTY20OCT2217100PE.NFO,13/10/2022,09:18:23,209.75,209.3,100,209.85,100,2050,750950
NIFTY20OCT2217100PE.NFO,13/10/2022,09:18:25,210,210.25,100,210.65,100,5200,750950
NIFTY20OCT2217100PE.NFO,13/10/2022,09:18:26,210.7,210.2,300,210.85,100,4500,750950
NIFTY20OCT2217100PE.NFO,13/10/2022,09:18:28,210.1,210,1100,210.55,100,13650,750950
NIFTY20OCT2217100PE.NFO,13/10/2022,09:18:30,210.55,210.15,150,210.75,100,4300,750950
NIFTY20OCT2217100PE.NFO,13/10/2022,09:18:31,211.2,211.2,50,211.3,100,7000,750950
NIFTY20OCT2217100PE.NFO,13/10/2022,09:18:33,210.75,210.8,100,211.3,100,3650,750950
NIFTY20OCT2217100PE.NFO,13/10/2022,09:18:35,211.1,211.15,100,211.65,100,2900,750950
NIFTY20OCT2217100PE.NFO,13/10/2022,09:18:36,210.85,210.75,50,211.35,50,350,750950
NIFTY20OCT2217100PE.NFO,13/10/2022,09:18:38,209.4,209.15,50,209.7,500,3900,750950
NIFTY20OCT2217100PE.NFO,13/10/2022,09:18:40,208.2,208.05,50,208.55,100,450,750950
NIFTY20OCT2217100PE.NFO,13/10/2022,09:18:41,206.15,206.25,50,206.65,50,3450,750950
NIFTY20OCT2217100PE.NFO,13/10/2022,09:18:43,206.55,206,100,206.4,100,1600,750950
NIFTY20OCT2217100PE.NFO,13/10/2022,09:18:45,206,205,200,205.35,50,1100,750950
NIFTY20OCT2217100PE.NFO,13/10/2022,09:18:46,205.45,206.45,50,207.1,100,650,750950
NIFTY20OCT2217100PE.NFO,13/10/2022,09:18:48,207.15,207.9,400,208.45,50,1600,750950
NIFTY20OCT2217100PE.NFO,13/10/2022,09:18:50,206.8,206.45,450,207,100,1400,750950
NIFTY20OCT2217100PE.NFO,13/10/2022,09:18:51,207.1,207,1100,207.45,50,1200,750950
NIFTY20OCT2217100PE.NFO,13/10/2022,09:18:53,206.25,205.8,50,206.3,50,2000,750950
NIFTY20OCT2217100PE.NFO,13/10/2022,09:18:55,206.1,205.65,50,206.05,100,750,750950
NIFTY20OCT2217100PE.NFO,13/10/2022,09:18:56,204,203,150,203.65,100,1700,750950
NIFTY20OCT2217100PE.NFO,13/10/2022,09:18:58,203.1,203.15,50,203.65,50,350,750950
NIFTY20OCT2217100PE.NFO,13/10/2022,09:19:00,202.9,202.9,50,203.2,100,500,750950
NIFTY20OCT2217100PE.NFO,13/10/2022,09:19:01,203.8,204.2,100,204.8,50,1100,750950
NIFTY20OCT2217100PE.NFO,13/10/2022,09:19:03,205.55,205,50,205.6,250,300,750950
NIFTY20OCT2217100PE.NFO,13/10/2022,09:19:05,206.1,205.85,50,206.35,50,600,750950
NIFTY20OCT2217100PE.NFO,13/10/2022,09:19:06,204.9,204.75,600,205.25,300,1200,750950
NIFTY20OCT2217100PE.NFO,13/10/2022,09:19:08,205.5,205.25,50,205.6,250,1300,750950
NIFTY20OCT2217100PE.NFO,13/10/2022,09:19:10,204.75,205.05,50,205.5,50,1300,750950
NIFTY20OCT2217100PE.NFO,13/10/2022,09:19:11,205.5,205.7,50,206.35,50,1950,750950
NIFTY20OCT2217100PE.NFO,13/10/2022,09:19:13,206.35,206.2,100,206.7,150,800,750950
NIFTY20OCT2217100PE.NFO,13/10/2022,09:19:14,207.3,207.3,50,207.9,50,850,750950
NIFTY20OCT2217100PE.NFO,13/10/2022,09:19:16,210.2,209.65,250,210.2,300,9650,750950
NIFTY20OCT2217100PE.NFO,13/10/2022,09:19:18,210.05,209.65,50,210.25,50,4150,750950
NIFTY20OCT2217100PE.NFO,13/10/2022,09:19:19,209.4,208.75,100,209.4,500,450,750950
NIFTY20OCT2217100PE.NFO,13/10/2022,09:19:21,208.65,208.5,50,208.95,50,1300,750950
NIFTY20OCT2217100PE.NFO,13/10/2022,09:19:23,207.5,207,350,207.55,250,950,750950
NIFTY20OCT2217100PE.NFO,13/10/2022,09:19:24,207.25,206.5,600,206.95,50,300,750950
NIFTY20OCT2217100PE.NFO,13/10/2022,09:19:26,207.65,207.65,50,207.95,850,1000,750950
NIFTY20OCT2217100PE.NFO,13/10/2022,09:19:28,208.35,209.05,50,209.4,250,1800,750950
NIFTY20OCT2217100PE.NFO,13/10/2022,09:19:29,209.8,209.05,350,209.5,50,2100,750950
NIFTY20OCT2217100PE.NFO,13/10/2022,09:19:31,209.15,209.1,300,209.5,100,300,750950
NIFTY20OCT2217100PE.NFO,13/10/2022,09:19:33,210,210.1,100,210.65,50,1200,750950
NIFTY20OCT2217100PE.NFO,13/10/2022,09:19:34,210.95,210.2,100,210.85,100,2700,750950
NIFTY20OCT2217100PE.NFO,13/10/2022,09:19:36,211.35,211.45,100,211.95,100,1850,750950
NIFTY20OCT2217100PE.NFO,13/10/2022,09:19:38,211.35,211.1,50,211.4,100,1600,750950
NIFTY20OCT2217100PE.NFO,13/10/2022,09:19:39,212.1,211.7,150,212.1,100,1200,750950
NIFTY20OCT2217100PE.NFO,13/10/2022,09:19:41,212.7,212.05,100,212.3,100,2850,750950
NIFTY20OCT2217100PE.NFO,13/10/2022,09:19:43,213,213,100,213.15,100,1700,750950
NIFTY20OCT2217100PE.NFO,13/10/2022,09:19:44,213.2,213.3,100,213.65,50,3650,750950
NIFTY20OCT2217100PE.NFO,13/10/2022,09:19:46,213.1,213.2,100,213.65,250,2750,750950
NIFTY20OCT2217100PE.NFO,13/10/2022,09:19:48,214.7,214,150,214.55,100,2550,750950
NIFTY20OCT2217100PE.NFO,13/10/2022,09:19:48,214.7,214,150,214.55,100,0,750950
NIFTY20OCT2217100PE.NFO,13/10/2022,09:19:49,213.15,212.85,100,213.3,350,950,750950
NIFTY20OCT2217100PE.NFO,13/10/2022,09:19:51,212.05,211.45,500,212.05,50,1150,750950
NIFTY20OCT2217100PE.NFO,13/10/2022,09:19:53,210.4,210.4,200,210.8,250,2050,750950
NIFTY20OCT2217100PE.NFO,13/10/2022,09:19:54,208.7,208.7,100,209.35,500,2150,750950
NIFTY20OCT2217100PE.NFO,13/10/2022,09:19:56,210.75,210.3,200,210.75,50,1400,750950
NIFTY20OCT2217100PE.NFO,13/10/2022,09:19:58,210.4,210.25,150,210.55,50,2000,750950
NIFTY20OCT2217100PE.NFO,13/10/2022,09:19:59,211,211.25,100,211.75,100,350,750950
NIFTY20OCT2217100PE.NFO,13/10/2022,09:20:01,211.9,211.65,100,211.75,100,5600,750950
NIFTY20OCT2217100PE.NFO,13/10/2022,09:20:03,213.3,212.65,100,213.15,50,2000,750950
NIFTY20OCT2217100PE.NFO,13/10/2022,09:20:04,210.95,210.2,50,210.7,450,1250,750950
NIFTY20OCT2217100PE.NFO,13/10/2022,09:20:06,209.75,210.4,50,211.05,1550,1150,750950
NIFTY20OCT2217100PE.NFO,13/10/2022,09:20:08,212.4,211.5,100,212,1050,2800,750950
NIFTY20OCT2217100PE.NFO,13/10/2022,09:20:09,214.15,213.8,100,214.2,250,2250,750950
NIFTY20OCT2217100PE.NFO,13/10/2022,09:20:11,213.7,213.45,100,213.8,100,1950,750950
NIFTY20OCT2217100PE.NFO,13/10/2022,09:20:13,213.25,212.85,550,213.25,50,2750,750950
NIFTY20OCT2217100PE.NFO,13/10/2022,09:20:14,212.65,212.35,100,212.75,100,1300,750950
NIFTY20OCT2217100PE.NFO,13/10/2022,09:20:16,212.3,212.1,350,212.45,100,1900,750950
NIFTY20OCT2217100PE.NFO,13/10/2022,09:20:18,211.9,211.85,50,212.25,100,1600,750950
NIFTY20OCT2217100PE.NFO,13/10/2022,09:20:19,212.4,212.65,400,213.15,100,950,750950
NIFTY20OCT2217100PE.NFO,13/10/2022,09:20:21,212.5,212.9,150,212.95,100,1750,750950
NIFTY20OCT2217100PE.NFO,13/10/2022,09:20:23,213,212.7,100,213.15,100,600,750950
NIFTY20OCT2217100PE.NFO,13/10/2022,09:20:24,213.15,213.1,100,213.65,150,250,750950
NIFTY20OCT2217100PE.NFO,13/10/2022,09:20:26,212.75,212.6,100,212.9,50,4300,750950
NIFTY20OCT2217100PE.NFO,13/10/2022,09:20:28,211.55,211.6,400,212,100,2100,750950
NIFTY20OCT2217100PE.NFO,13/10/2022,09:20:30,210.6,210.55,50,210.6,100,3650,750950
NIFTY20OCT2217100PE.NFO,13/10/2022,09:20:31,211.9,211.9,650,212.35,50,1500,750950
NIFTY20OCT2217100PE.NFO,13/10/2022,09:20:33,212.25,212.2,200,212.85,100,8050,750950
NIFTY20OCT2217100PE.NFO,13/10/2022,09:20:35,212.4,212.45,150,212.85,450,1250,750950
NIFTY20OCT2217100PE.NFO,13/10/2022,09:20:36,212.35,211.85,100,212.25,100,2600,750950
NIFTY20OCT2217100PE.NFO,13/10/2022,09:20:38,211.3,210.75,350,211.25,100,450,750950
NIFTY20OCT2217100PE.NFO,13/10/2022,09:20:40,210.75,211.4,100,211.7,750,250,750950
NIFTY20OCT2217100PE.NFO,13/10/2022,09:20:41,210.9,211.15,50,211.75,100,5000,795700
NIFTY20OCT2217100PE.NFO,13/10/2022,09:20:43,211.15,211.3,100,211.8,300,700,795700
NIFTY20OCT2217100PE.NFO,13/10/2022,09:20:45,209.85,209.8,100,210.25,50,3100,795700
NIFTY20OCT2217100PE.NFO,13/10/2022,09:20:46,210.15,210.75,150,210.8,50,600,795700
NIFTY20OCT2217100PE.NFO,13/10/2022,09:20:48,210.35,210.05,100,210.3,200,3950,795700
NIFTY20OCT2217100PE.NFO,13/10/2022,09:20:50,210.7,210.35,100,210.9,400,1100,795700
NIFTY20OCT2217100PE.NFO,13/10/2022,09:20:51,210.6,210.65,50,211.25,500,4400,795700
NIFTY20OCT2217100PE.NFO,13/10/2022,09:20:53,211.05,210.85,100,211.4,100,2850,795700
NIFTY20OCT2217100PE.NFO,13/10/2022,09:20:55,212.3,212.35,100,212.85,100,2850,795700
NIFTY20OCT2217100PE.NFO,13/10/2022,09:20:56,212.5,212.4,950,212.5,2700,750,795700
NIFTY20OCT2217100PE.NFO,13/10/2022,09:20:58,212.95,212.5,50,212.95,100,1100,795700
NIFTY20OCT2217100PE.NFO,13/10/2022,09:21:00,212.3,211.9,50,212.35,550,750,795700
NIFTY20OCT2217100PE.NFO,13/10/2022,09:21:01,211.55,211.1,100,211.55,50,2000,795700
NIFTY20OCT2217100PE.NFO,13/10/2022,09:21:03,211.05,211.7,50,212.15,100,150,795700
NIFTY20OCT2217100PE.NFO,13/10/2022,09:21:05,212.5,212.7,100,212.85,100,300,795700
NIFTY20OCT2217100PE.NFO,13/10/2022,09:21:06,213.1,213,100,213.45,100,650,795700
NIFTY20OCT2217100PE.NFO,13/10/2022,09:21:08,212.5,212.45,50,212.85,50,1000,795700
NIFTY20OCT2217100PE.NFO,13/10/2022,09:21:10,212,211.95,150,212.25,50,2150,795700
NIFTY20OCT2217100PE.NFO,13/10/2022,09:21:11,211.7,211.2,450,211.8,200,2000,795700
NIFTY20OCT2217100PE.NFO,13/10/2022,09:21:13,211.85,211.5,50,211.9,50,1800,795700
NIFTY20OCT2217100PE.NFO,13/10/2022,09:21:15,212.4,211.65,50,212.2,200,2700,795700
NIFTY20OCT2217100PE.NFO,13/10/2022,09:21:16,211.85,211.5,100,211.95,150,500,795700
NIFTY20OCT2217100PE.NFO,13/10/2022,09:21:18,211.4,211.2,100,211.75,50,1550,795700
NIFTY20OCT2217100PE.NFO,13/10/2022,09:21:20,210.95,210.95,50,211.55,50,1100,795700
NIFTY20OCT2217100PE.NFO,13/10/2022,09:21:21,212.65,212.25,50,212.75,100,650,795700
NIFTY20OCT2217100PE.NFO,13/10/2022,09:21:23,211.75,211.2,100,211.7,100,350,795700
NIFTY20OCT2217100PE.NFO,13/10/2022,09:21:25,210.7,210.3,100,210.7,100,200,795700
NIFTY20OCT2217100PE.NFO,13/10/2022,09:21:26,210.65,210.4,750,210.85,100,1350,795700
NIFTY20OCT2217100PE.NFO,13/10/2022,09:21:28,210.65,210.8,100,211.3,100,800,795700
NIFTY20OCT2217100PE.NFO,13/10/2022,09:21:30,209.35,209.25,600,209.3,50,3050,795700
NIFTY20OCT2217100PE.NFO,13/10/2022,09:21:31,209.35,209.25,850,209.75,100,1800,795700
NIFTY20OCT2217100PE.NFO,13/10/2022,09:21:33,210.3,210.3,50,210.6,50,1200,795700
NIFTY20OCT2217100PE.NFO,13/10/2022,09:21:35,210,210,900,210.5,150,750,795700
NIFTY20OCT2217100PE.NFO,13/10/2022,09:21:36,210.75,210.4,600,210.75,50,1200,795700
NIFTY20OCT2217100PE.NFO,13/10/2022,09:21:38,210.7,210.6,400,211,50,1350,795700
NIFTY20OCT2217100PE.NFO,13/10/2022,09:21:40,210.5,210.6,950,211.2,100,2350,795700
NIFTY20OCT2217100PE.NFO,13/10/2022,09:21:41,209.85,209.35,100,209.9,50,2200,795700
NIFTY20OCT2217100PE.NFO,13/10/2022,09:21:43,211.1,210.65,100,211.2,400,850,795700
NIFTY20OCT2217100PE.NFO,13/10/2022,09:21:45,212.1,212,600,212.65,500,2600,795700
NIFTY20OCT2217100PE.NFO,13/10/2022,09:21:46,212.45,212.3,450,212.7,100,1550,795700
NIFTY20OCT2217100PE.NFO,13/10/2022,09:21:48,212.8,212.8,50,213,1450,2450,795700
NIFTY20OCT2217100PE.NFO,13/10/2022,09:21:50,212.95,212.3,50,212.8,50,5150,795700
NIFTY20OCT2217100PE.NFO,13/10/2022,09:21:51,214.05,213.85,100,214.05,200,1950,795700
NIFTY20OCT2217100PE.NFO,13/10/2022,09:21:53,213.9,213.5,900,213.95,100,700,795700
NIFTY20OCT2217100PE.NFO,13/10/2022,09:21:55,214.05,214.2,50,214.45,50,1150,795700
NIFTY20OCT2217100PE.NFO,13/10/2022,09:21:55,214.85,214.2,50,214.45,50,0,795700
NIFTY20OCT2217100PE.NFO,13/10/2022,09:21:56,214.65,214.3,100,214.7,400,750,795700
NIFTY20OCT2217100PE.NFO,13/10/2022,09:21:58,214.55,213.9,100,214.5,350,1250,795700
NIFTY20OCT2217100PE.NFO,13/10/2022,09:22:00,213.45,213.25,450,213.8,100,1850,795700
NIFTY20OCT2217100PE.NFO,13/10/2022,09:22:00,214.9,213.25,450,213.8,100,0,795700
NIFTY20OCT2217100PE.NFO,13/10/2022,09:22:01,214.65,214.5,50,214.95,500,5450,795700
NIFTY20OCT2217100PE.NFO,13/10/2022,09:22:01,215.4,214.5,50,214.95,500,0,795700
NIFTY20OCT2217100PE.NFO,13/10/2022,09:22:03,215.55,215.15,100,215.75,100,2150,795700
NIFTY20OCT2217100PE.NFO,13/10/2022,09:22:03,215.8,215.15,100,215.75,100,0,795700
NIFTY20OCT2217100PE.NFO,13/10/2022,09:22:05,217.1,216.85,50,217.35,100,3100,795700
NIFTY20OCT2217100PE.NFO,13/10/2022,09:22:05,217.1,216.85,50,217.35,100,0,795700
NIFTY20OCT2217100PE.NFO,13/10/2022,09:22:06,217.9,217.45,100,217.95,150,3700,795700
NIFTY20OCT2217100PE.NFO,13/10/2022,09:22:06,218.55,217.45,100,217.95,150,0,795700
NIFTY20OCT2217100PE.NFO,13/10/2022,09:22:08,216.6,216.2,100,216.65,50,2850,795700
NIFTY20OCT2217100PE.NFO,13/10/2022,09:22:10,217.35,217.3,350,217.85,100,3200,795700
NIFTY20OCT2217100PE.NFO,13/10/2022,09:22:11,217.65,217.05,100,217.55,50,4150,795700
NIFTY20OCT2217100PE.NFO,13/10/2022,09:22:13,216.15,215.8,100,216.2,100,4150,795700
NIFTY20OCT2217100PE.NFO,13/10/2022,09:22:15,216.8,216.75,250,217.15,100,3050,795700
NIFTY20OCT2217100PE.NFO,13/10/2022,09:22:16,217.05,217.25,50,217.75,100,1100,795700
NIFTY20OCT2217100PE.NFO,13/10/2022,09:22:18,217.5,217.05,50,217.6,100,1150,795700
NIFTY20OCT2217100PE.NFO,13/10/2022,09:22:20,215.7,215.15,100,215.55,50,3850,795700
NIFTY20OCT2217100PE.NFO,13/10/2022,09:22:21,215.3,215.85,50,216.25,100,1450,795700
NIFTY20OCT2217100PE.NFO,13/10/2022,09:22:23,215.95,215.6,350,216.1,100,1050,795700
NIFTY20OCT2217100PE.NFO,13/10/2022,09:22:25,215.65,215.65,450,216.15,100,1500,795700
NIFTY20OCT2217100PE.NFO,13/10/2022,09:22:26,215.6,215.55,150,215.95,100,1550,795700
NIFTY20OCT2217100PE.NFO,13/10/2022,09:22:28,216.9,216.5,150,217,150,1050,795700
NIFTY20OCT2217100PE.NFO,13/10/2022,09:22:30,217.5,217.3,100,217.9,100,1300,795700
NIFTY20OCT2217100PE.NFO,13/10/2022,09:22:31,217.55,216.6,100,217.05,50,1300,795700
NIFTY20OCT2217100PE.NFO,13/10/2022,09:22:33,217.35,217.3,50,217.9,200,2750,795700
NIFTY20OCT2217100PE.NFO,13/10/2022,09:22:35,216.9,216.45,100,217,50,2000,795700
NIFTY20OCT2217100PE.NFO,13/10/2022,09:22:36,216.15,216,700,216.55,100,200,795700
NIFTY20OCT2217100PE.NFO,13/10/2022,09:22:38,215.25,215.05,50,215.55,100,3000,795700
NIFTY20OCT2217100PE.NFO,13/10/2022,09:22:40,216,215.35,100,215.85,100,4700,795700
NIFTY20OCT2217100PE.NFO,13/10/2022,09:22:41,215.6,215.65,100,216.1,100,950,795700
NIFTY20OCT2217100PE.NFO,13/10/2022,09:22:43,215.7,215.15,100,215.7,100,2150,795700
NIFTY20OCT2217100PE.NFO,13/10/2022,09:22:45,215.9,215.8,50,216.2,350,400,795700
NIFTY20OCT2217100PE.NFO,13/10/2022,09:22:46,216,215.5,100,216,50,1850,795700
NIFTY20OCT2217100PE.NFO,13/10/2022,09:22:48,215.6,215.25,100,215.75,850,200,795700
NIFTY20OCT2217100PE.NFO,13/10/2022,09:22:50,215.1,214.75,50,215.15,800,750,795700
NIFTY20OCT2217100PE.NFO,13/10/2022,09:22:51,215.2,215,100,215.15,450,2050,795700
NIFTY20OCT2217100PE.NFO,13/10/2022,09:22:53,213,212.45,50,212.9,350,2900,795700
NIFTY20OCT2217100PE.NFO,13/10/2022,09:22:55,212,212.35,100,212.75,100,3100,795700
NIFTY20OCT2217100PE.NFO,13/10/2022,09:22:56,211.35,211,1350,211.4,50,1650,795700
NIFTY20OCT2217100PE.NFO,13/10/2022,09:22:58,210.9,210.35,100,210.85,100,1650,795700
NIFTY20OCT2217100PE.NFO,13/10/2022,09:23:00,211.3,211.65,100,212.1,550,450,795700
NIFTY20OCT2217100PE.NFO,13/10/2022,09:23:01,211.2,210.85,550,211.4,50,1550,795700
NIFTY20OCT2217100PE.NFO,13/10/2022,09:23:03,210.9,210.45,100,211,150,900,795700
NIFTY20OCT2217100PE.NFO,13/10/2022,09:23:05,210.3,210,1750,210.5,250,1950,795700
NIFTY20OCT2217100PE.NFO,13/10/2022,09:23:06,211,210.85,50,211.3,100,2800,795700
NIFTY20OCT2217100PE.NFO,13/10/2022,09:23:08,212.25,211.8,100,212.4,50,1400,795700
NIFTY20OCT2217100PE.NFO,13/10/2022,09:23:10,212.1,211.85,50,212.35,100,750,795700
NIFTY20OCT2217100PE.NFO,13/10/2022,09:23:11,211.3,210.65,100,211.1,50,950,795700
NIFTY20OCT2217100PE.NFO,13/10/2022,09:23:13,211.25,211.2,250,211.65,100,1000,795700
NIFTY20OCT2217100PE.NFO,13/10/2022,09:23:15,211.65,211.2,550,211.65,100,350,795700
NIFTY20OCT2217100PE.NFO,13/10/2022,09:23:16,210.4,210.05,100,210.5,100,500,795700
NIFTY20OCT2217100PE.NFO,13/10/2022,09:23:18,210.9,210.35,100,210.85,100,300,795700
NIFTY20OCT2217100PE.NFO,13/10/2022,09:23:20,210.35,210,500,210.4,100,100,795700
NIFTY20OCT2217100PE.NFO,13/10/2022,09:23:21,210.15,210.25,150,210.8,450,1300,795700
NIFTY20OCT2217100PE.NFO,13/10/2022,09:23:23,210.95,211,50,211.45,350,1000,795700
NIFTY20OCT2217100PE.NFO,13/10/2022,09:23:25,210.5,210.5,400,210.75,150,450,795700
NIFTY20OCT2217100PE.NFO,13/10/2022,09:23:26,211.55,211.1,50,211.65,500,1250,795700
NIFTY20OCT2217100PE.NFO,13/10/2022,09:23:28,211.05,211,100,211.2,100,1200,795700
NIFTY20OCT2217100PE.NFO,13/10/2022,09:23:30,210.85,210.7,150,211.2,100,950,795700
NIFTY20OCT2217100PE.NFO,13/10/2022,09:23:31,209.45,209.4,100,209.9,700,1750,795700
NIFTY20OCT2217100PE.NFO,13/10/2022,09:23:33,208.45,208,300,208.45,1050,1200,795700
NIFTY20OCT2217100PE.NFO,13/10/2022,09:23:35,209.25,208.45,100,209.15,400,800,795700
NIFTY20OCT2217100PE.NFO,13/10/2022,09:23:36,208.5,208.05,150,208.5,800,1800,795700
NIFTY20OCT2217100PE.NFO,13/10/2022,09:23:38,208.2,207.75,350,208.3,100,950,795700
NIFTY20OCT2217100PE.NFO,13/10/2022,09:23:40,209.75,209.75,150,209.9,50,1650,795700
NIFTY20OCT2217100PE.NFO,13/10/2022,09:23:41,208.9,208.8,150,209.25,400,900,795700
NIFTY20OCT2217100PE.NFO,13/10/2022,09:23:43,208.85,209.15,50,209.6,850,800,833200
NIFTY20OCT2217100PE.NFO,13/10/2022,09:23:45,210.05,209.95,150,210.35,150,800,833200
NIFTY20OCT2217100PE.NFO,13/10/2022,09:23:46,210.4,210.4,150,210.9,50,1250,833200
NIFTY20OCT2217100PE.NFO,13/10/2022,09:23:48,209.65,209.65,50,210,300,1500,833200
NIFTY20OCT2217100PE.NFO,13/10/2022,09:23:50,209.65,209.25,350,209.65,100,850,833200
NIFTY20OCT2217100PE.NFO,13/10/2022,09:23:51,209.15,208.8,600,209.25,800,1250,833200
NIFTY20OCT2217100PE.NFO,13/10/2022,09:23:53,208.55,208.15,150,208.6,400,800,833200
NIFTY20OCT2217100PE.NFO,13/10/2022,09:23:55,208.4,207.6,200,208.05,50,1950,833200
NIFTY20OCT2217100PE.NFO,13/10/2022,09:23:56,207.5,207.05,150,207.5,50,900,833200
NIFTY20OCT2217100PE.NFO,13/10/2022,09:23:58,207.15,206.5,750,206.9,350,1800,833200
NIFTY20OCT2217100PE.NFO,13/10/2022,09:24:00,206.25,206.3,50,206.6,150,1300,833200
NIFTY20OCT2217100PE.NFO,13/10/2022,09:24:01,206.35,206.3,150,206.45,50,750,833200
NIFTY20OCT2217100PE.NFO,13/10/2022,09:24:03,206.4,206.4,50,206.5,150,1300,833200
NIFTY20OCT2217100PE.NFO,13/10/2022,09:24:05,206.4,205.9,50,206.35,150,2100,833200
NIFTY20OCT2217100PE.NFO,13/10/2022,09:24:06,206.95,206.9,100,207.25,150,900,833200
NIFTY20OCT2217100PE.NFO,13/10/2022,09:24:08,206.75,206.25,150,206.75,100,850,833200
NIFTY20OCT2217100PE.NFO,13/10/2022,09:24:10,206.4,206.05,150,206.5,500,2250,833200
NIFTY20OCT2217100PE.NFO,13/10/2022,09:24:11,207.55,207.05,150,207.55,100,800,833200
NIFTY20OCT2217100PE.NFO,13/10/2022,09:24:13,207.5,206.95,50,207.5,50,2050,833200
NIFTY20OCT2217100PE.NFO,13/10/2022,09:24:15,207.35,207.4,200,207.6,350,750,833200
NIFTY20OCT2217100PE.NFO,13/10/2022,09:24:16,207.45,207.5,50,207.8,350,1000,833200
NIFTY20OCT2217100PE.NFO,13/10/2022,09:24:18,208.2,208.2,100,208.7,50,1600,833200
NIFTY20OCT2217100PE.NFO,13/10/2022,09:24:20,209.7,209.1,150,209.65,250,3500,833200
NIFTY20OCT2217100PE.NFO,13/10/2022,09:24:21,210,209.55,150,210,250,9600,833200
NIFTY20OCT2217100PE.NFO,13/10/2022,09:24:23,210.75,210.3,200,210.85,800,600,833200
NIFTY20OCT2217100PE.NFO,13/10/2022,09:24:25,211.6,211.55,100,212,350,1050,833200
NIFTY20OCT2217100PE.NFO,13/10/2022,09:24:26,211.1,210.6,150,211,150,2750,833200
NIFTY20OCT2217100PE.NFO,13/10/2022,09:24:28,209,208.65,150,209.25,50,650,833200
NIFTY20OCT2217100PE.NFO,13/10/2022,09:24:30,209.2,208.6,150,209.15,50,2550,833200
NIFTY20OCT2217100PE.NFO,13/10/2022,09:24:31,208.95,208.55,200,208.95,250,1200,833200
NIFTY20OCT2217100PE.NFO,13/10/2022,09:24:33,208.65,208.4,150,208.8,1200,950,833200
NIFTY20OCT2217100PE.NFO,13/10/2022,09:24:35,208.15,208.05,100,208.45,150,1100,833200
NIFTY20OCT2217100PE.NFO,13/10/2022,09:24:36,208.65,208.1,150,208.55,150,300,833200
NIFTY20OCT2217100PE.NFO,13/10/2022,09:24:38,208.35,208.05,150,208.35,800,350,833200
NIFTY20OCT2217100PE.NFO,13/10/2022,09:24:40,207.7,207.7,100,207.95,350,1650,833200
NIFTY20OCT2217100PE.NFO,13/10/2022,09:24:41,206,206,100,206.25,150,3350,833200
NIFTY20OCT2217100PE.NFO,13/10/2022,09:24:43,206.05,205.75,150,206.1,800,1600,833200
NIFTY20OCT2217100PE.NFO,13/10/2022,09:24:45,206,206.05,150,206.45,150,2000,833200
NIFTY20OCT2217100PE.NFO,13/10/2022,09:24:46,206,205.55,150,205.95,100,1850,833200
NIFTY20OCT2217100PE.NFO,13/10/2022,09:24:48,206,205.65,150,206,150,2400,833200
NIFTY20OCT2217100PE.NFO,13/10/2022,09:24:50,204.4,204.2,150,204.65,150,1700,833200
NIFTY20OCT2217100PE.NFO,13/10/2022,09:24:51,205.55,204.95,50,205.45,200,1150,833200
NIFTY20OCT2217100PE.NFO,13/10/2022,09:24:53,205.85,205.3,50,205.75,150,2350,833200
NIFTY20OCT2217100PE.NFO,13/10/2022,09:24:55,206.85,206.1,150,206.55,150,2350,833200
NIFTY20OCT2217100PE.NFO,13/10/2022,09:24:56,206.85,206.45,150,206.85,150,900,833200
NIFTY20OCT2217100PE.NFO,13/10/2022,09:24:58,206.3,206,50,206.35,350,950,833200
NIFTY20OCT2217100PE.NFO,13/10/2022,09:25:00,205.8,205.5,50,205.85,350,1150,833200
NIFTY20OCT2217100PE.NFO,13/10/2022,09:25:01,206.05,205.5,50,205.95,100,3300,833200
NIFTY20OCT2217100PE.NFO,13/10/2022,09:25:03,206.75,206.2,50,206.75,100,900,833200
NIFTY20OCT2217100PE.NFO,13/10/2022,09:25:05,206.5,206,650,206.5,150,1750,833200
NIFTY20OCT2217100PE.NFO,13/10/2022,09:25:06,206.8,206.35,150,206.75,350,2950,833200
NIFTY20OCT2217100PE.NFO,13/10/2022,09:25:08,208.1,207.25,150,207.8,150,2450,833200
NIFTY20OCT2217100PE.NFO,13/10/2022,09:25:10,208.95,208.05,150,208.55,150,1450,833200
NIFTY20OCT2217100PE.NFO,13/10/2022,09:25:11,208.1,207.55,150,207.95,50,1950,833200
NIFTY20OCT2217100PE.NFO,13/10/2022,09:25:13,208.8,208.2,150,208.75,200,1000,833200
NIFTY20OCT2217100PE.NFO,13/10/2022,09:25:15,207.95,207.5,200,207.95,350,2150,833200
NIFTY20OCT2217100PE.NFO,13/10/2022,09:25:16,208.2,207.7,150,208.15,350,1250,833200
NIFTY20OCT2217100PE.NFO,13/10/2022,09:25:18,207.8,207.4,350,207.85,400,900,833200
NIFTY20OCT2217100PE.NFO,13/10/2022,09:25:20,207.85,207.4,150,207.8,50,1150,833200
NIFTY20OCT2217100PE.NFO,13/10/2022,09:25:21,207.65,207.6,350,208.2,250,1100,833200
NIFTY20OCT2217100PE.NFO,13/10/2022,09:25:23,208.05,208,350,208.3,150,1900,833200
NIFTY20OCT2217100PE.NFO,13/10/2022,09:25:25,207.65,207.05,150,207.6,400,1650,833200
NIFTY20OCT2217100PE.NFO,13/10/2022,09:25:26,207,206.55,500,207.1,100,800,833200
NIFTY20OCT2217100PE.NFO,13/10/2022,09:25:28,205.2,205.05,50,205.45,150,2800,833200
NIFTY20OCT2217100PE.NFO,13/10/2022,09:25:30,205,204.85,500,205.05,50,950,833200
NIFTY20OCT2217100PE.NFO,13/10/2022,09:25:31,205.55,205.55,100,205.8,250,1250,833200
NIFTY20OCT2217100PE.NFO,13/10/2022,09:25:33,205.95,205.5,150,206,400,1650,833200
NIFTY20OCT2217100PE.NFO,13/10/2022,09:25:35,206,205.85,200,206.2,600,3750,833200
NIFTY20OCT2217100PE.NFO,13/10/2022,09:25:36,205.05,205.05,150,205.4,250,2000,833200
NIFTY20OCT2217100PE.NFO,13/10/2022,09:25:38,204.65,204.55,150,204.95,150,800,833200
NIFTY20OCT2217100PE.NFO,13/10/2022,09:25:40,204.9,204.9,50,205.05,750,2350,833200
NIFTY20OCT2217100PE.NFO,13/10/2022,09:25:41,204.05,204.15,200,204.6,150,1150,833200
NIFTY20OCT2217100PE.NFO,13/10/2022,09:25:43,204.55,204.05,150,204.55,400,2500,833200
NIFTY20OCT2217100PE.NFO,13/10/2022,09:25:45,204.3,204.25,150,204.6,350,1100,833200
NIFTY20OCT2217100PE.NFO,13/10/2022,09:25:46,204.65,204.65,100,204.75,250,2550,833200
NIFTY20OCT2217100PE.NFO,13/10/2022,09:25:48,204.3,203.8,150,204.3,100,2950,833200
NIFTY20OCT2217100PE.NFO,13/10/2022,09:25:50,204.3,204,150,204.4,350,2850,833200
NIFTY20OCT2217100PE.NFO,13/10/2022,09:25:51,205.35,205.3,50,205.55,50,2950,833200
NIFTY20OCT2217100PE.NFO,13/10/2022,09:25:53,205.05,204.85,100,205.3,150,1300,833200
NIFTY20OCT2217100PE.NFO,13/10/2022,09:25:55,204.7,204.25,150,204.7,150,950,833200
NIFTY20OCT2217100PE.NFO,13/10/2022,09:25:56,204.55,204.1,150,204.55,250,650,833200
NIFTY20OCT2217100PE.NFO,13/10/2022,09:25:58,204.8,204.7,150,205,100,1150,833200
NIFTY20OCT2217100PE.NFO,13/10/2022,09:26:00,206,205.7,50,206.15,150,1450,833200
NIFTY20OCT2217100PE.NFO,13/10/2022,09:26:01,206.55,206.3,200,206.7,350,1300,833200
NIFTY20OCT2217100PE.NFO,13/10/2022,09:26:03,206.9,206.95,50,207.35,250,1800,833200
NIFTY20OCT2217100PE.NFO,13/10/2022,09:26:05,206.25,205.85,150,206.3,150,800,833200
NIFTY20OCT2217100PE.NFO,13/10/2022,09:26:06,206.45,206,100,206.4,350,1800,833200
NIFTY20OCT2217100PE.NFO,13/10/2022,09:26:08,206.6,206.25,100,206.6,350,850,833200
NIFTY20OCT2217100PE.NFO,13/10/2022,09:26:10,206.4,206.25,100,206.45,250,2300,833200
NIFTY20OCT2217100PE.NFO,13/10/2022,09:26:11,207.95,207.35,100,207.75,500,1700,833200
NIFTY20OCT2217100PE.NFO,13/10/2022,09:26:13,207.75,207.55,150,207.75,50,1300,833200
NIFTY20OCT2217100PE.NFO,13/10/2022,09:26:15,208.55,208.2,100,208.55,350,1900,833200
NIFTY20OCT2217100PE.NFO,13/10/2022,09:26:16,208.7,208.45,100,208.95,100,2150,833200
NIFTY20OCT2217100PE.NFO,13/10/2022,09:26:18,209,208.75,50,209,350,500,833200
NIFTY20OCT2217100PE.NFO,13/10/2022,09:26:20,208.4,207.95,100,208.3,400,2200,833200
NIFTY20OCT2217100PE.NFO,13/10/2022,09:26:21,208.35,207.95,250,208.4,100,1350,833200
NIFTY20OCT2217100PE.NFO,13/10/2022,09:26:23,208.15,207.85,100,208.35,500,1350,833200
NIFTY20OCT2217100PE.NFO,13/10/2022,09:26:25,207.9,207.65,100,207.95,2000,700,833200
NIFTY20OCT2217100PE.NFO,13/10/2022,09:26:26,208.05,207.8,100,208.2,150,4150,833200
NIFTY20OCT2217100PE.NFO,13/10/2022,09:26:28,208.1,207.6,250,208,50,2300,833200
NIFTY20OCT2217100PE.NFO,13/10/2022,09:26:30,208.2,207.85,700,208.3,100,1850,833200
NIFTY20OCT2217100PE.NFO,13/10/2022,09:26:31,208.2,208.05,50,208.55,250,300,833200
NIFTY20OCT2217100PE.NFO,13/10/2022,09:26:33,208.95,208.25,100,208.75,100,1350,833200
NIFTY20OCT2217100PE.NFO,13/10/2022,09:26:35,208.5,208.8,450,209,150,1750,833200
NIFTY20OCT2217100PE.NFO,13/10/2022,09:26:36,208.5,208.7,350,209,50,1450,833200
NIFTY20OCT2217100PE.NFO,13/10/2022,09:26:38,209.3,209,1300,209.4,250,450,833200
NIFTY20OCT2217100PE.NFO,13/10/2022,09:26:40,209.2,208.75,100,209.2,700,2800,920500
NIFTY20OCT2217100PE.NFO,13/10/2022,09:26:41,209.6,209.2,300,209.6,50,2800,920500
NIFTY20OCT2217100PE.NFO,13/10/2022,09:26:43,208.95,208.85,100,209.2,100,600,920500
NIFTY20OCT2217100PE.NFO,13/10/2022,09:26:45,209.75,209.35,50,209.85,100,4700,920500
NIFTY20OCT2217100PE.NFO,13/10/2022,09:26:46,210.2,210.2,50,210.6,100,3500,920500
NIFTY20OCT2217100PE.NFO,13/10/2022,09:26:48,211.3,210.95,100,211.3,100,3800,920500
NIFTY20OCT2217100PE.NFO,13/10/2022,09:26:50,210.85,210.2,50,210.6,550,3750,920500
NIFTY20OCT2217100PE.NFO,13/10/2022,09:26:51,210.25,210.35,150,210.95,100,600,920500
NIFTY20OCT2217100PE.NFO,13/10/2022,09:26:53,211.95,211.55,100,211.95,100,1250,920500
NIFTY20OCT2217100PE.NFO,13/10/2022,09:26:55,210.75,210.3,100,210.75,450,1200,920500
NIFTY20OCT2217100PE.NFO,13/10/2022,09:26:56,210.25,210.25,100,210.6,50,550,920500
NIFTY20OCT2217100PE.NFO,13/10/2022,09:26:58,211.25,210.8,200,211.35,100,2500,920500
NIFTY20OCT2217100PE.NFO,13/10/2022,09:27:00,210.75,210.75,50,211.2,450,2700,920500
NIFTY20OCT2217100PE.NFO,13/10/2022,09:27:01,211.2,211.3,50,211.75,100,250,920500
NIFTY20OCT2217100PE.NFO,13/10/2022,09:27:03,212,211.25,50,211.75,100,800,920500
NIFTY20OCT2217100PE.NFO,13/10/2022,09:27:05,211.7,211.4,100,211.85,350,1200,920500
NIFTY20OCT2217100PE.NFO,13/10/2022,09:27:06,211.95,211.8,150,212.1,50,1900,920500
NIFTY20OCT2217100PE.NFO,13/10/2022,09:27:08,212.7,212.25,100,212.8,650,1000,920500
NIFTY20OCT2217100PE.NFO,13/10/2022,09:27:10,213.7,213.7,400,214,50,3050,920500
NIFTY20OCT2217100PE.NFO,13/10/2022,09:27:11,214,213.9,300,214.4,50,2750,920500
NIFTY20OCT2217100PE.NFO,13/10/2022,09:27:13,214.85,214.3,100,214.8,50,3600,920500
NIFTY20OCT2217100PE.NFO,13/10/2022,09:27:15,211.95,211.55,500,212.25,150,2900,920500
NIFTY20OCT2217100PE.NFO,13/10/2022,09:27:16,213.1,212.85,100,213.35,100,1200,920500
NIFTY20OCT2217100PE.NFO,13/10/2022,09:27:18,213.95,213.8,50,214.3,100,1100,920500
NIFTY20OCT2217100PE.NFO,13/10/2022,09:27:20,214.4,213.9,100,214.35,100,1400,920500
NIFTY20OCT2217100PE.NFO,13/10/2022,09:27:21,213.8,213.9,100,214.4,100,1700,920500
NIFTY20OCT2217100PE.NFO,13/10/2022,09:27:23,213.25,212.8,50,213.25,50,1800,920500
NIFTY20OCT2217100PE.NFO,13/10/2022,09:27:25,213.3,213.25,100,213.7,100,4550,920500
NIFTY20OCT2217100PE.NFO,13/10/2022,09:27:26,213.8,213.45,100,213.95,500,3550,920500
NIFTY20OCT2217100PE.NFO,13/10/2022,09:27:28,213.45,213.35,100,213.85,300,850,920500
NIFTY20OCT2217100PE.NFO,13/10/2022,09:27:30,213.95,213.45,100,213.9,50,4350,920500
NIFTY20OCT2217100PE.NFO,13/10/2022,09:27:31,213.15,213,50,213.3,50,1350,920500
NIFTY20OCT2217100PE.NFO,13/10/2022,09:27:33,214.05,214,150,214.35,50,3550,920500
NIFTY20OCT2217100PE.NFO,13/10/2022,09:27:35,214,213.7,100,214,150,1250,920500
NIFTY20OCT2217100PE.NFO,13/10/2022,09:27:36,214.45,213.9,100,214.45,400,7500,920500
NIFTY20OCT2217100PE.NFO,13/10/2022,09:27:38,214.2,213.5,100,213.9,400,3700,920500
NIFTY20OCT2217100PE.NFO,13/10/2022,09:27:40,214.5,214.55,100,215,2850,950,920500
NIFTY20OCT2217100PE.NFO,13/10/2022,09:27:41,214.95,214.5,100,214.95,50,1800,920500
NIFTY20OCT2217100PE.NFO,13/10/2022,09:27:43,214.3,214.1,100,214.4,2650,1000,920500
NIFTY20OCT2217100PE.NFO,13/10/2022,09:27:45,214.4,214.15,100,214.4,550,5000,920500
NIFTY20OCT2217100PE.NFO,13/10/2022,09:27:46,214.55,214.15,100,214.55,950,950,920500
NIFTY20OCT2217100PE.NFO,13/10/2022,09:27:48,214.05,213.65,50,214.05,50,1200,920500
NIFTY20OCT2217100PE.NFO,13/10/2022,09:27:50,213.85,213.35,400,213.85,100,550,920500
NIFTY20OCT2217100PE.NFO,13/10/2022,09:27:51,214.15,214,750,214.15,950,1700,920500
NIFTY20OCT2217100PE.NFO,13/10/2022,09:27:53,214,213.95,100,214.15,950,1600,920500
NIFTY20OCT2217100PE.NFO,13/10/2022,09:27:55,213.85,213.95,50,214.15,250,800,920500
NIFTY20OCT2217100PE.NFO,13/10/2022,09:27:56,213.75,213.4,100,213.8,350,550,920500
NIFTY20OCT2217100PE.NFO,13/10/2022,09:27:58,213.25,213,600,213.4,1400,2700,920500
NIFTY20OCT2217100PE.NFO,13/10/2022,09:28:00,213.4,213.1,50,213.4,150,1450,920500
NIFTY20OCT2217100PE.NFO,13/10/2022,09:28:01,213.6,213.2,50,213.55,100,900,920500
NIFTY20OCT2217100PE.NFO,13/10/2022,09:28:03,211.3,211,600,211.3,100,3900,920500
NIFTY20OCT2217100PE.NFO,13/10/2022,09:28:05,210.1,210.35,150,210.75,50,1650,920500
NIFTY20OCT2217100PE.NFO,13/10/2022,09:28:06,209.7,209.25,250,209.7,200,4150,920500
NIFTY20OCT2217100PE.NFO,13/10/2022,09:28:08,210.2,210.65,100,211,400,450,920500
NIFTY20OCT2217100PE.NFO,13/10/2022,09:28:10,210.95,211.2,100,211.55,50,350,920500
NIFTY20OCT2217100PE.NFO,13/10/2022,09:28:11,212,211.65,100,212,50,300,920500
NIFTY20OCT2217100PE.NFO,13/10/2022,09:28:13,211,210.5,100,211,350,1800,920500
NIFTY20OCT2217100PE.NFO,13/10/2022,09:28:15,211.4,210.95,100,211.45,200,650,920500
NIFTY20OCT2217100PE.NFO,13/10/2022,09:28:16,210.65,210.5,100,210.95,100,550,920500
NIFTY20OCT2217100PE.NFO,13/10/2022,09:28:18,210.35,209.35,100,209.75,50,300,920500
NIFTY20OCT2217100PE.NFO,13/10/2022,09:28:20,208.8,208.2,50,208.7,100,800,920500
NIFTY20OCT2217100PE.NFO,13/10/2022,09:28:21,207.95,207.5,100,208,2350,850,920500
NIFTY20OCT2217100PE.NFO,13/10/2022,09:28:23,207.75,207.6,100,208,1800,750,920500
NIFTY20OCT2217100PE.NFO,13/10/2022,09:28:25,210,209.25,100,209.65,100,2250,920500
NIFTY20OCT2217100PE.NFO,13/10/2022,09:28:26,208.45,207.95,100,208.4,50,600,920500
NIFTY20OCT2217100PE.NFO,13/10/2022,09:28:28,208.2,207.5,500,208.05,350,300,920500
NIFTY20OCT2217100PE.NFO,13/10/2022,09:28:30,208.15,207.7,100,208.15,350,1650,920500
NIFTY20OCT2217100PE.NFO,13/10/2022,09:28:31,209.1,209.05,50,209.55,100,550,920500
NIFTY20OCT2217100PE.NFO,13/10/2022,09:28:33,208.15,207.7,100,208.2,350,3050,920500
NIFTY20OCT2217100PE.NFO,13/10/2022,09:28:35,208.15,207.85,150,208.35,250,0,920500
NIFTY20OCT2217100PE.NFO,13/10/2022,09:28:36,207.7,207.55,150,208,100,600,920500
NIFTY20OCT2217100PE.NFO,13/10/2022,09:28:38,208.45,208.55,50,209.05,350,1000,920500
NIFTY20OCT2217100PE.NFO,13/10/2022,09:28:40,209.2,208.95,200,209.4,350,250,920500
NIFTY20OCT2217100PE.NFO,13/10/2022,09:28:41,210,209.85,50,210.3,700,750,920500
NIFTY20OCT2217100PE.NFO,13/10/2022,09:28:43,210.4,209.95,100,210.4,300,400,920500
NIFTY20OCT2217100PE.NFO,13/10/2022,09:28:45,210.55,210.05,100,210.45,150,900,920500
NIFTY20OCT2217100PE.NFO,13/10/2022,09:28:46,211.55,211,150,211.6,150,1950,920500
NIFTY20OCT2217100PE.NFO,13/10/2022,09:28:48,211.25,210.9,300,211.3,350,150,920500
NIFTY20OCT2217100PE.NFO,13/10/2022,09:28:50,210.2,209.85,100,210.3,800,750,920500
NIFTY20OCT2217100PE.NFO,13/10/2022,09:28:51,210.3,209.5,50,210,350,250,920500
NIFTY20OCT2217100PE.NFO,13/10/2022,09:28:53,210,209.85,100,210.35,850,350,920500
NIFTY20OCT2217100PE.NFO,13/10/2022,09:28:55,208.55,208.55,50,208.95,100,150,920500
NIFTY20OCT2217100PE.NFO,13/10/2022,09:28:56,209.1,208.9,50,209.15,100,2050,920500
NIFTY20OCT2217100PE.NFO,13/10/2022,09:28:58,209.7,209,100,209.45,350,150,920500
NIFTY20OCT2217100PE.NFO,13/10/2022,09:29:00,209.9,209.5,100,209.9,50,500,920500
NIFTY20OCT2217100PE.NFO,13/10/2022,09:29:01,209.1,208.95,100,209.45,250,450,920500
NIFTY20OCT2217100PE.NFO,13/10/2022,09:29:03,208.4,207.75,50,208.3,350,850,920500
NIFTY20OCT2217100PE.NFO,13/10/2022,09:29:05,207.75,207.1,50,207.45,250,250,920500
NIFTY20OCT2217100PE.NFO,13/10/2022,09:29:06,207.85,207.3,200,207.85,50,600,920500
NIFTY20OCT2217100PE.NFO,13/10/2022,09:29:08,208.5,208.3,150,208.9,950,1150,920500
NIFTY20OCT2217100PE.NFO,13/10/2022,09:29:10,209,209,150,209.4,250,450,920500
NIFTY20OCT2217100PE.NFO,13/10/2022,09:29:11,209.1,208.6,50,209,150,1450,920500
NIFTY20OCT2217100PE.NFO,13/10/2022,09:29:13,208.65,208.25,50,208.65,150,650,920500
NIFTY20OCT2217100PE.NFO,13/10/2022,09:29:15,207.65,207.25,50,207.65,150,1200,920500
NIFTY20OCT2217100PE.NFO,13/10/2022,09:29:17,207.9,207.7,50,208.2,50,700,920500
NIFTY20OCT2217100PE.NFO,13/10/2022,09:29:18,208.25,208.3,100,208.6,350,700,920500
NIFTY20OCT2217100PE.NFO,13/10/2022,09:29:20,208.55,208.35,150,208.6,350,1200,920500
NIFTY20OCT2217100PE.NFO,13/10/2022,09:29:22,207.95,207.55,150,208.05,150,400,920500
NIFTY20OCT2217100PE.NFO,13/10/2022,09:29:23,208.4,207.85,150,208.3,50,300,920500
NIFTY20OCT2217100PE.NFO,13/10/2022,09:29:25,209,208.65,250,209,150,3650,920500
NIFTY20OCT2217100PE.NFO,13/10/2022,09:29:27,209,208.8,50,209.15,50,350,920500
NIFTY20OCT2217100PE.NFO,13/10/2022,09:29:28,208.6,208.5,150,208.9,150,550,920500
NIFTY20OCT2217100PE.NFO,13/10/2022,09:29:30,207.7,207.45,150,207.7,1500,1450,920500
NIFTY20OCT2217100PE.NFO,13/10/2022,09:29:32,207.85,207.85,100,208.2,350,700,920500
NIFTY20OCT2217100PE.NFO,13/10/2022,09:29:33,208.3,207.8,150,208.35,100,500,920500
NIFTY20OCT2217100PE.NFO,13/10/2022,09:29:35,208,207.8,150,208.25,850,250,920500
NIFTY20OCT2217100PE.NFO,13/10/2022,09:29:37,208.55,207.8,50,208.2,150,400,920500
NIFTY20OCT2217100PE.NFO,13/10/2022,09:29:38,208.65,208.45,350,208.8,2450,1050,920500
NIFTY20OCT2217100PE.NFO,13/10/2022,09:29:40,208,208.4,150,208.75,100,3200,977350
NIFTY20OCT2217100PE.NFO,13/10/2022,09:29:42,208.9,208.6,700,209.15,50,700,977350
NIFTY20OCT2217100PE.NFO,13/10/2022,09:29:43,208.55,208.45,50,209,100,350,977350
NIFTY20OCT2217100PE.NFO,13/10/2022,09:29:45,208.7,208.15,100,208.5,50,150,977350
NIFTY20OCT2217100PE.NFO,13/10/2022,09:29:47,208.6,208.3,100,208.7,350,450,977350
NIFTY20OCT2217100PE.NFO,13/10/2022,09:29:48,209.05,209,150,209.4,50,200,977350
NIFTY20OCT2217100PE.NFO,13/10/2022,09:29:50,209.8,209.05,150,209.6,1050,400,977350
NIFTY20OCT2217100PE.NFO,13/10/2022,09:29:52,210.45,210.4,50,210.85,150,2150,977350
NIFTY20OCT2217100PE.NFO,13/10/2022,09:29:53,209.7,209.5,50,210,100,1500,977350
NIFTY20OCT2217100PE.NFO,13/10/2022,09:29:55,209.2,208.9,100,209.35,100,2450,977350
NIFTY20OCT2217100PE.NFO,13/10/2022,09:29:57,209.7,209.4,100,209.85,350,250,977350
NIFTY20OCT2217100PE.NFO,13/10/2022,09:29:58,209.7,209.6,50,210,350,500,977350
NIFTY20OCT2217100PE.NFO,13/10/2022,09:30:00,208,207.55,100,207.85,50,1600,977350
NIFTY20OCT2217100PE.NFO,13/10/2022,09:30:02,206.8,206.65,100,207.15,500,850,977350
NIFTY20OCT2217100PE.NFO,13/10/2022,09:30:03,207.3,208,1050,208.45,100,300,977350
NIFTY20OCT2217100PE.NFO,13/10/2022,09:30:05,209.7,209.4,100,209.75,50,550,977350
NIFTY20OCT2217100PE.NFO,13/10/2022,09:30:07,210,209.85,100,210,450,250,977350
NIFTY20OCT2217100PE.NFO,13/10/2022,09:30:08,209.75,209.8,50,210.25,750,1650,977350
NIFTY20OCT2217100PE.NFO,13/10/2022,09:30:10,211.4,211.4,50,211.8,100,850,977350
NIFTY20OCT2217100PE.NFO,13/10/2022,09:30:12,211.85,211.65,100,212,100,4600,977350
NIFTY20OCT2217100PE.NFO,13/10/2022,09:30:13,211.9,211.75,50,212.05,100,900,977350
NIFTY20OCT2217100PE.NFO,13/10/2022,09:30:15,213,212.5,100,212.95,100,850,977350
NIFTY20OCT2217100PE.NFO,13/10/2022,09:30:17,213.1,212.55,100,212.95,50,1800,977350
NIFTY20OCT2217100PE.NFO,13/10/2022,09:30:18,213.3,212.95,100,213.3,1000,300,977350
NIFTY20OCT2217100PE.NFO,13/10/2022,09:30:20,214.5,214.5,50,214.7,100,4750,977350
NIFTY20OCT2217100PE.NFO,13/10/2022,09:30:22,214.9,214.9,150,215.5,150,5050,977350
NIFTY20OCT2217100PE.NFO,13/10/2022,09:30:23,214.7,214.55,400,214.95,50,950,977350
NIFTY20OCT2217100PE.NFO,13/10/2022,09:30:25,215,215.1,800,215.75,50,3300,977350
NIFTY20OCT2217100PE.NFO,13/10/2022,09:30:27,215.5,215,50,215.5,350,2350,977350
NIFTY20OCT2217100PE.NFO,13/10/2022,09:30:28,214.5,214.2,800,214.8,50,2750,977350
NIFTY20OCT2217100PE.NFO,13/10/2022,09:30:30,215.1,214.4,300,214.95,50,850,977350
NIFTY20OCT2217100PE.NFO,13/10/2022,09:30:32,215,214.95,100,215.5,50,2250,977350
NIFTY20OCT2217100PE.NFO,13/10/2022,09:30:33,214.05,214.2,50,214.8,600,1300,977350
NIFTY20OCT2217100PE.NFO,13/10/2022,09:30:35,213.95,213.75,50,214.3,350,1200,977350
NIFTY20OCT2217100PE.NFO,13/10/2022,09:30:37,214.85,214,150,214.5,600,1800,977350
NIFTY20OCT2217100PE.NFO,13/10/2022,09:30:38,214.65,214.1,50,214.7,350,2050,977350
NIFTY20OCT2217100PE.NFO,13/10/2022,09:30:40,214.65,214.1,500,214.65,2000,300,977350
NIFTY20OCT2217100PE.NFO,13/10/2022,09:30:42,214.05,214,100,214.6,300,900,977350
NIFTY20OCT2217100PE.NFO,13/10/2022,09:30:43,214.65,214.2,750,214.65,300,900,977350
NIFTY20OCT2217100PE.NFO,13/10/2022,09:30:45,214.65,214.1,200,214.6,150,450,977350
NIFTY20OCT2217100PE.NFO,13/10/2022,09:30:47,214.7,214.2,50,214.75,50,700,977350
NIFTY20OCT2217100PE.NFO,13/10/2022,09:30:48,215.75,215.1,950,215.75,250,1900,977350
NIFTY20OCT2217100PE.NFO,13/10/2022,09:30:50,215.6,215.55,250,215.95,50,1500,977350
NIFTY20OCT2217100PE.NFO,13/10/2022,09:30:52,216.55,215.9,50,216.55,50,2650,977350
NIFTY20OCT2217100PE.NFO,13/10/2022,09:30:53,217.4,216.7,900,217.4,250,2000,977350
NIFTY20OCT2217100PE.NFO,13/10/2022,09:30:55,216.65,216.65,100,217.3,800,3950,977350
NIFTY20OCT2217100PE.NFO,13/10/2022,09:30:57,217,216.6,250,217.1,50,700,977350
NIFTY20OCT2217100PE.NFO,13/10/2022,09:30:58,216.3,216.2,800,216.8,50,2450,977350
NIFTY20OCT2217100PE.NFO,13/10/2022,09:31:00,215.45,215.4,750,216.05,400,2900,977350
NIFTY20OCT2217100PE.NFO,13/10/2022,09:31:02,215.55,215.05,1000,215.6,250,1700,977350
NIFTY20OCT2217100PE.NFO,13/10/2022,09:31:03,214.65,213.95,50,214.65,1400,2250,977350
NIFTY20OCT2217100PE.NFO,13/10/2022,09:31:05,213.2,212.55,400,213.2,200,550,977350
NIFTY20OCT2217100PE.NFO,13/10/2022,09:31:07,213.15,212.05,50,212.5,750,3750,977350
NIFTY20OCT2217100PE.NFO,13/10/2022,09:31:08,211.6,211.1,50,211.6,200,2800,977350
NIFTY20OCT2217100PE.NFO,13/10/2022,09:31:10,211.25,210.65,50,211.25,300,2550,977350
NIFTY20OCT2217100PE.NFO,13/10/2022,09:31:11,211.9,211.5,100,211.85,50,1450,977350
NIFTY20OCT2217100PE.NFO,13/10/2022,09:31:13,211.65,211,50,211.5,700,750,977350
NIFTY20OCT2217100PE.NFO,13/10/2022,09:31:15,210.55,209.75,50,210.5,600,2200,977350
NIFTY20OCT2217100PE.NFO,13/10/2022,09:31:16,210.95,210.45,50,211.1,100,2000,977350
NIFTY20OCT2217100PE.NFO,13/10/2022,09:31:18,210.5,210.05,50,210.6,400,850,977350
NIFTY20OCT2217100PE.NFO,13/10/2022,09:31:20,209.45,209.25,50,210,550,600,977350
NIFTY20OCT2217100PE.NFO,13/10/2022,09:31:21,207.9,207.45,800,208.15,50,2900,977350
NIFTY20OCT2217100PE.NFO,13/10/2022,09:31:23,206,205.3,50,205.9,100,1450,977350
NIFTY20OCT2217100PE.NFO,13/10/2022,09:31:25,204.55,204.25,150,204.5,650,4500,977350
NIFTY20OCT2217100PE.NFO,13/10/2022,09:31:27,205.2,204.7,350,205.3,50,2850,977350
NIFTY20OCT2217100PE.NFO,13/10/2022,09:31:28,203.2,203.45,800,204.05,50,1350,977350
NIFTY20OCT2217100PE.NFO,13/10/2022,09:31:30,203.6,203.85,550,204.35,50,1400,977350
NIFTY20OCT2217100PE.NFO,13/10/2022,09:31:32,204.1,203.55,150,204.15,50,1200,977350
NIFTY20OCT2217100PE.NFO,13/10/2022,09:31:33,203.4,203,50,203.55,50,4350,977350
NIFTY20OCT2217100PE.NFO,13/10/2022,09:31:35,203.2,203.2,450,203.85,800,2250,977350
NIFTY20OCT2217100PE.NFO,13/10/2022,09:31:37,204.9,205.2,50,205.7,50,4450,977350
NIFTY20OCT2217100PE.NFO,13/10/2022,09:31:38,206.45,207,100,207.45,300,1300,977350
NIFTY20OCT2217100PE.NFO,13/10/2022,09:31:40,206.05,205.55,200,206.05,50,2450,977350
NIFTY20OCT2217100PE.NFO,13/10/2022,09:31:42,205.95,205.65,800,206.4,50,3000,977350
NIFTY20OCT2217100PE.NFO,13/10/2022,09:31:43,206,205.65,50,206.1,50,150,977350
NIFTY20OCT2217100PE.NFO,13/10/2022,09:31:45,205.95,205.3,50,205.95,50,3550,977350
NIFTY20OCT2217100PE.NFO,13/10/2022,09:31:47,206.35,205.6,1000,206.3,800,1350,977350
NIFTY20OCT2217100PE.NFO,13/10/2022,09:31:48,205.95,205.65,1000,206.3,50,2550,977350
NIFTY20OCT2217100PE.NFO,13/10/2022,09:31:50,207.2,206.65,100,207.3,50,550,977350
NIFTY20OCT2217100PE.NFO,13/10/2022,09:31:52,206.5,206.05,200,206.7,850,400,977350
NIFTY20OCT2217100PE.NFO,13/10/2022,09:31:53,206.2,205.9,400,206.45,100,800,977350
NIFTY20OCT2217100PE.NFO,13/10/2022,09:31:55,206.6,206.15,400,206.7,50,200,977350
NIFTY20OCT2217100PE.NFO,13/10/2022,09:31:57,206.6,206.05,500,206.65,150,650,977350
NIFTY20OCT2217100PE.NFO,13/10/2022,09:31:58,206.6,206.15,400,206.8,350,150,977350
NIFTY20OCT2217100PE.NFO,13/10/2022,09:32:00,206.65,206,800,206.5,150,1800,977350
NIFTY20OCT2217100PE.NFO,13/10/2022,09:32:02,205,205,1500,205.55,50,1150,977350
NIFTY20OCT2217100PE.NFO,13/10/2022,09:32:03,204.5,204,1550,204.6,50,2950,977350
NIFTY20OCT2217100PE.NFO,13/10/2022,09:32:05,206.25,205.85,800,206.35,50,700,977350
NIFTY20OCT2217100PE.NFO,13/10/2022,09:32:07,205.75,206.1,50,206.4,350,850,977350
NIFTY20OCT2217100PE.NFO,13/10/2022,09:32:08,207.1,206.55,700,207.35,250,1200,977350
NIFTY20OCT2217100PE.NFO,13/10/2022,09:32:10,205.8,205.65,950,206.2,50,150,977350
NIFTY20OCT2217100PE.NFO,13/10/2022,09:32:12,205.75,205.75,850,206.3,50,150,977350
NIFTY20OCT2217100PE.NFO,13/10/2022,09:32:13,206.75,206.85,50,207.2,1450,350,977350
NIFTY20OCT2217100PE.NFO,13/10/2022,09:32:15,206.9,206.25,350,206.8,50,150,977350
NIFTY20OCT2217100PE.NFO,13/10/2022,09:32:17,206.6,206.25,50,206.8,400,4250,977350
NIFTY20OCT2217100PE.NFO,13/10/2022,09:32:18,206.35,206.7,50,207,350,450,977350
NIFTY20OCT2217100PE.NFO,13/10/2022,09:32:20,207.95,207.5,50,207.95,50,750,977350
NIFTY20OCT2217100PE.NFO,13/10/2022,09:32:22,209.3,208.65,750,209.35,1350,2400,977350
NIFTY20OCT2217100PE.NFO,13/10/2022,09:32:23,208.25,207.9,350,208.3,50,2550,977350
NIFTY20OCT2217100PE.NFO,13/10/2022,09:32:25,208.2,207.75,200,208.2,50,400,977350
NIFTY20OCT2217100PE.NFO,13/10/2022,09:32:27,208,207.95,50,208.6,50,300,977350
NIFTY20OCT2217100PE.NFO,13/10/2022,09:32:28,208.75,207.65,100,208.25,300,1500,977350
NIFTY20OCT2217100PE.NFO,13/10/2022,09:32:30,208.4,209.15,50,209.7,1600,200,977350
NIFTY20OCT2217100PE.NFO,13/10/2022,09:32:32,208.35,207.8,350,208.4,1250,400,977350
NIFTY20OCT2217100PE.NFO,13/10/2022,09:32:33,209.25,208.35,300,208.95,50,350,977350
NIFTY20OCT2217100PE.NFO,13/10/2022,09:32:35,208.05,208.65,1400,209.15,50,100,977350
NIFTY20OCT2217100PE.NFO,13/10/2022,09:32:37,209,208.85,850,209.3,50,750,977350
NIFTY20OCT2217100PE.NFO,13/10/2022,09:32:38,208.65,209.05,100,209.55,50,250,977350
NIFTY20OCT2217100PE.NFO,13/10/2022,09:32:40,209.25,208.95,850,209.7,400,1200,977350
NIFTY20OCT2217100PE.NFO,13/10/2022,09:32:42,210.6,209.9,250,210.55,350,1300,1000200
NIFTY20OCT2217100PE.NFO,13/10/2022,09:32:43,210,209.6,50,210.1,50,400,1000200
NIFTY20OCT2217100PE.NFO,13/10/2022,09:32:45,209.6,209.35,50,209.75,50,1000,1000200
NIFTY20OCT2217100PE.NFO,13/10/2022,09:32:47,209.3,209.15,150,209.65,50,200,1000200
NIFTY20OCT2217100PE.NFO,13/10/2022,09:32:48,208.2,208.1,150,208.65,400,350,1000200
NIFTY20OCT2217100PE.NFO,13/10/2022,09:32:50,208.1,208.7,200,209.35,50,550,1000200
NIFTY20OCT2217100PE.NFO,13/10/2022,09:32:52,208.05,208.1,200,208.75,50,650,1000200
NIFTY20OCT2217100PE.NFO,13/10/2022,09:32:53,207.7,207.55,50,208,1100,18400,1000200
NIFTY20OCT2217100PE.NFO,13/10/2022,09:32:55,207.35,207,600,207.4,850,300,1000200
NIFTY20OCT2217100PE.NFO,13/10/2022,09:32:57,207.75,207,550,207.55,50,800,1000200
NIFTY20OCT2217100PE.NFO,13/10/2022,09:32:58,207.2,206.75,100,207.15,150,1000,1000200
NIFTY20OCT2217100PE.NFO,13/10/2022,09:33:00,207.15,206.55,100,207.15,800,1750,1000200
NIFTY20OCT2217100PE.NFO,13/10/2022,09:33:02,207.8,207.75,50,208.3,800,1250,1000200
NIFTY20OCT2217100PE.NFO,13/10/2022,09:33:03,208.6,208.15,200,208.65,200,150,1000200
NIFTY20OCT2217100PE.NFO,13/10/2022,09:33:05,209.2,209.1,300,209.5,200,100,1000200
NIFTY20OCT2217100PE.NFO,13/10/2022,09:33:07,208.75,208.05,150,208.6,800,400,1000200
NIFTY20OCT2217100PE.NFO,13/10/2022,09:33:08,208.15,207.9,850,208.45,100,1000,1000200
NIFTY20OCT2217100PE.NFO,13/10/2022,09:33:10,207.35,207.35,50,207.9,1450,500,1000200
NIFTY20OCT2217100PE.NFO,13/10/2022,09:33:11,208.9,207.8,50,208.25,50,450,1000200
NIFTY20OCT2217100PE.NFO,13/10/2022,09:33:13,208.4,207.9,50,208.4,800,600,1000200
NIFTY20OCT2217100PE.NFO,13/10/2022,09:33:15,207.5,207.55,950,208,50,900,1000200
NIFTY20OCT2217100PE.NFO,13/10/2022,09:33:16,207.25,206.85,50,207.4,800,400,1000200
NIFTY20OCT2217100PE.NFO,13/10/2022,09:33:18,207,206.5,50,206.95,150,18600,1000200
NIFTY20OCT2217100PE.NFO,13/10/2022,09:33:20,206.7,206.1,200,206.75,50,650,1000200
NIFTY20OCT2217100PE.NFO,13/10/2022,09:33:21,206.95,206.25,50,206.75,200,50,1000200
NIFTY20OCT2217100PE.NFO,13/10/2022,09:33:23,207.25,207.3,50,207.8,150,600,1000200
NIFTY20OCT2217100PE.NFO,13/10/2022,09:33:25,207.8,208.05,900,208.6,250,650,1000200
NIFTY20OCT2217100PE.NFO,13/10/2022,09:33:26,208.6,208.05,100,208.55,50,50,1000200
NIFTY20OCT2217100PE.NFO,13/10/2022,09:33:28,208.35,208.5,100,209,150,150,1000200
NIFTY20OCT2217100PE.NFO,13/10/2022,09:33:30,207.85,208,50,208.5,100,400,1000200
NIFTY20OCT2217100PE.NFO,13/10/2022,09:33:31,208.35,208,1150,208.5,200,50,1000200
NIFTY20OCT2217100PE.NFO,13/10/2022,09:33:33,207.45,207.4,1550,208.05,50,750,1000200
NIFTY20OCT2217100PE.NFO,13/10/2022,09:33:35,207.6,207.8,50,208.25,50,150,1000200
NIFTY20OCT2217100PE.NFO,13/10/2022,09:33:36,207.7,207.65,900,208.3,50,150,1000200
NIFTY20OCT2217100PE.NFO,13/10/2022,09:33:38,207.7,207.45,50,207.85,50,100,1000200
NIFTY20OCT2217100PE.NFO,13/10/2022,09:33:40,208.75,208.4,50,208.7,50,150,1000200
NIFTY20OCT2217100PE.NFO,13/10/2022,09:33:41,208.6,208.55,900,209.35,1550,850,1000200
NIFTY20OCT2217100PE.NFO,13/10/2022,09:33:43,208.4,208.1,150,208.7,100,250,1000200
NIFTY20OCT2217100PE.NFO,13/10/2022,09:33:45,208.5,207.7,50,208,200,200,1000200
NIFTY20OCT2217100PE.NFO,13/10/2022,09:33:46,208,207.7,50,208,100,100,1000200
NIFTY20OCT2217100PE.NFO,13/10/2022,09:33:48,207.85,207.45,1150,208,100,100,1000200
NIFTY20OCT2217100PE.NFO,13/10/2022,09:33:50,209.25,208.6,150,209.2,200,700,1000200
NIFTY20OCT2217100PE.NFO,13/10/2022,09:33:52,208.4,207.7,50,208.25,150,150,1000200
NIFTY20OCT2217100PE.NFO,13/10/2022,09:33:53,207.95,207.25,50,207.7,200,100,1000200
NIFTY20OCT2217100PE.NFO,13/10/2022,09:33:55,207.65,207.35,50,207.95,50,350,1000200
NIFTY20OCT2217100PE.NFO,13/10/2022,09:33:57,208.65,208.15,150,208.65,100,850,1000200
NIFTY20OCT2217100PE.NFO,13/10/2022,09:33:58,207.8,207.65,150,208.3,350,350,1000200
NIFTY20OCT2217100PE.NFO,13/10/2022,09:34:00,208.5,208,200,208.45,800,1350,1000200
NIFTY20OCT2217100PE.NFO,13/10/2022,09:34:02,209,208.6,150,208.8,50,200,1000200
NIFTY20OCT2217100PE.NFO,13/10/2022,09:34:03,207,206.3,50,206.9,850,1650,1000200
NIFTY20OCT2217100PE.NFO,13/10/2022,09:34:05,207.6,207.5,250,208,50,100,1000200
NIFTY20OCT2217100PE.NFO,13/10/2022,09:34:07,208.7,208.7,150,209.2,500,800,1000200
NIFTY20OCT2217100PE.NFO,13/10/2022,09:34:08,208.7,208.7,50,209.2,50,850,1000200
NIFTY20OCT2217100PE.NFO,13/10/2022,09:34:10,207.25,207.05,200,207.45,50,600,1000200
NIFTY20OCT2217100PE.NFO,13/10/2022,09:34:12,207.45,207.1,50,207.6,400,200,1000200
NIFTY20OCT2217100PE.NFO,13/10/2022,09:34:13,208.4,208.4,550,208.6,50,450,1000200
NIFTY20OCT2217100PE.NFO,13/10/2022,09:34:15,208.05,207.35,150,207.9,500,750,1000200
NIFTY20OCT2217100PE.NFO,13/10/2022,09:34:17,209.35,208.7,50,209.25,550,900,1000200
NIFTY20OCT2217100PE.NFO,13/10/2022,09:34:18,209.25,208.85,50,209.3,50,350,1000200
NIFTY20OCT2217100PE.NFO,13/10/2022,09:34:20,209.25,209.1,100,209.7,850,600,1000200
NIFTY20OCT2217100PE.NFO,13/10/2022,09:34:22,209.45,209,250,209.55,300,2400,1000200
NIFTY20OCT2217100PE.NFO,13/10/2022,09:34:23,210,209.5,150,209.95,300,550,1000200
NIFTY20OCT2217100PE.NFO,13/10/2022,09:34:25,209.25,209.5,150,210,5450,800,1000200
NIFTY20OCT2217100PE.NFO,13/10/2022,09:34:27,210,210,650,210.55,700,6100,1000200
NIFTY20OCT2217100PE.NFO,13/10/2022,09:34:28,210.4,210.5,200,210.9,100,1000,1000200
NIFTY20OCT2217100PE.NFO,13/10/2022,09:34:30,211.5,211.2,100,211.85,50,3300,1000200
NIFTY20OCT2217100PE.NFO,13/10/2022,09:34:32,211.35,211.35,50,211.9,800,5050,1000200
NIFTY20OCT2217100PE.NFO,13/10/2022,09:34:33,211.75,211.25,150,211.8,1100,650,1000200
NIFTY20OCT2217100PE.NFO,13/10/2022,09:34:35,212.4,211.95,1000,212.4,250,1400,1000200
NIFTY20OCT2217100PE.NFO,13/10/2022,09:34:37,210.65,210.4,100,210.85,800,1000,1000200
NIFTY20OCT2217100PE.NFO,13/10/2022,09:34:38,210.5,210.5,150,211.15,50,450,1000200
NIFTY20OCT2217100PE.NFO,13/10/2022,09:34:40,209.95,209.6,100,210,1550,1750,1000200
NIFTY20OCT2217100PE.NFO,13/10/2022,09:34:42,210.85,210.75,50,211.2,800,2000,1000200
NIFTY20OCT2217100PE.NFO,13/10/2022,09:34:43,210.9,210.85,150,211.45,850,200,1000200
NIFTY20OCT2217100PE.NFO,13/10/2022,09:34:45,211.5,210.9,150,211.6,1350,500,1000200
NIFTY20OCT2217100PE.NFO,13/10/2022,09:34:47,211.5,211.2,50,211.8,150,150,1000200
NIFTY20OCT2217100PE.NFO,13/10/2022,09:34:48,211.15,211.1,50,211.5,800,450,1000200
NIFTY20OCT2217100PE.NFO,13/10/2022,09:34:50,211.15,210.9,50,211.45,50,850,1000200
NIFTY20OCT2217100PE.NFO,13/10/2022,09:34:52,211.15,211.15,350,211.85,850,350,1000200
NIFTY20OCT2217100PE.NFO,13/10/2022,09:34:53,211.15,211.35,100,212,2200,0,1000200
NIFTY20OCT2217100PE.NFO,13/10/2022,09:34:55,212.35,212.35,50,212.85,800,100,1000200
NIFTY20OCT2217100PE.NFO,13/10/2022,09:34:57,212.5,212.6,50,213,250,1250,1000200
NIFTY20OCT2217100PE.NFO,13/10/2022,09:34:58,211,210.7,300,211.1,50,3450,1000200
NIFTY20OCT2217100PE.NFO,13/10/2022,09:35:00,211.35,210.95,850,211.4,50,2550,1000200
NIFTY20OCT2217100PE.NFO,13/10/2022,09:35:02,211.6,211.55,50,212.15,100,1200,1000200
NIFTY20OCT2217100PE.NFO,13/10/2022,09:35:03,212.05,212.1,50,212.7,400,50,1000200
NIFTY20OCT2217100PE.NFO,13/10/2022,09:35:05,212.6,212.6,50,213.05,50,350,1000200
NIFTY20OCT2217100PE.NFO,13/10/2022,09:35:07,212.15,211.4,300,211.9,50,1300,1000200
NIFTY20OCT2217100PE.NFO,13/10/2022,09:35:08,212.4,211.8,50,212.4,2100,950,1000200
NIFTY20OCT2217100PE.NFO,13/10/2022,09:35:10,212.4,212.05,100,212.7,300,0,1000200
NIFTY20OCT2217100PE.NFO,13/10/2022,09:35:12,212.7,211.9,50,212.7,800,250,1000200
NIFTY20OCT2217100PE.NFO,13/10/2022,09:35:13,213,213.2,800,213.9,200,2350,1000200
NIFTY20OCT2217100PE.NFO,13/10/2022,09:35:15,212.05,212.35,150,213,150,1050,1000200
NIFTY20OCT2217100PE.NFO,13/10/2022,09:35:17,213.6,213.05,50,213.6,50,800,1000200
NIFTY20OCT2217100PE.NFO,13/10/2022,09:35:18,214,213.45,50,214.2,350,100,1000200
NIFTY20OCT2217100PE.NFO,13/10/2022,09:35:20,214.15,213.55,900,214.2,850,150,1000200
NIFTY20OCT2217100PE.NFO,13/10/2022,09:35:22,214,213.85,50,214.45,950,1450,1000200
NIFTY20OCT2217100PE.NFO,13/10/2022,09:35:23,214.05,214.1,100,214.65,50,1200,1000200
NIFTY20OCT2217100PE.NFO,13/10/2022,09:35:25,214.7,214.65,50,214.9,200,150,1000200
NIFTY20OCT2217100PE.NFO,13/10/2022,09:35:27,216,215.45,100,216,600,3400,1000200
NIFTY20OCT2217100PE.NFO,13/10/2022,09:35:28,216.7,216.15,50,216.8,100,2800,1000200
NIFTY20OCT2217100PE.NFO,13/10/2022,09:35:30,215.8,215.7,50,216.35,100,400,1000200
NIFTY20OCT2217100PE.NFO,13/10/2022,09:35:32,215.75,215.05,100,215.65,100,450,1000200
NIFTY20OCT2217100PE.NFO,13/10/2022,09:35:33,214.8,214.3,800,214.9,50,550,1000200
NIFTY20OCT2217100PE.NFO,13/10/2022,09:35:35,214.45,214.4,250,214.85,50,100,1000200
NIFTY20OCT2217100PE.NFO,13/10/2022,09:35:37,214.85,215.3,250,215.9,100,50,1000200
NIFTY20OCT2217100PE.NFO,13/10/2022,09:35:38,215.3,215.25,100,215.95,50,550,1000200
NIFTY20OCT2217100PE.NFO,13/10/2022,09:35:40,216,215.3,150,215.95,100,50,1000200
NIFTY20OCT2217100PE.NFO,13/10/2022,09:35:42,215.4,215.4,50,216.05,700,2900,1000200
NIFTY20OCT2217100PE.NFO,13/10/2022,09:35:43,216,215.55,50,216.05,50,1500,1012150
NIFTY20OCT2217100PE.NFO,13/10/2022,09:35:45,216.7,215.95,50,216.7,300,1250,1012150
NIFTY20OCT2217100PE.NFO,13/10/2022,09:35:47,215.55,214.8,100,215.2,50,700,1012150
NIFTY20OCT2217100PE.NFO,13/10/2022,09:35:48,215.4,214.7,100,215.15,50,350,1012150
NIFTY20OCT2217100PE.NFO,13/10/2022,09:35:50,215.1,214.85,50,215.4,200,550,1012150
NIFTY20OCT2217100PE.NFO,13/10/2022,09:35:52,216.3,215.7,50,216.35,100,250,1012150
NIFTY20OCT2217100PE.NFO,13/10/2022,09:35:53,216.55,216.05,100,216.55,800,800,1012150
NIFTY20OCT2217100PE.NFO,13/10/2022,09:35:55,217,216.8,50,217,900,700,1012150
NIFTY20OCT2217100PE.NFO,13/10/2022,09:35:57,217.35,216.7,50,217.3,100,1300,1012150
NIFTY20OCT2217100PE.NFO,13/10/2022,09:35:58,216.9,216.3,100,216.9,150,2900,1012150
NIFTY20OCT2217100PE.NFO,13/10/2022,09:36:00,217.15,217.05,50,217.5,650,350,1012150
NIFTY20OCT2217100PE.NFO,13/10/2022,09:36:02,217.8,217.8,50,218,1700,1000,1012150
NIFTY20OCT2217100PE.NFO,13/10/2022,09:36:03,216.8,216.9,200,217.55,100,1250,1012150
NIFTY20OCT2217100PE.NFO,13/10/2022,09:36:05,218.5,218,50,218.6,50,3500,1012150
NIFTY20OCT2217100PE.NFO,13/10/2022,09:36:07,217.95,217.85,50,218.55,300,550,1012150
NIFTY20OCT2217100PE.NFO,13/10/2022,09:36:08,218.85,218.35,50,218.95,50,3100,1012150
NIFTY20OCT2217100PE.NFO,13/10/2022,09:36:08,219.1,218.35,50,218.95,50,0,1012150
NIFTY20OCT2217100PE.NFO,13/10/2022,09:36:10,217.75,217.3,950,217.95,100,1800,1012150
NIFTY20OCT2217100PE.NFO,13/10/2022,09:36:12,218.15,218.1,50,218.7,900,1650,1012150
NIFTY20OCT2217100PE.NFO,13/10/2022,09:36:13,218.7,218.15,900,218.7,150,400,1012150
NIFTY20OCT2217100PE.NFO,13/10/2022,09:36:15,218.8,218.35,50,218.9,100,500,1012150
NIFTY20OCT2217100PE.NFO,13/10/2022,09:36:17,218.25,217.75,50,218.35,800,1300,1012150
NIFTY20OCT2217100PE.NFO,13/10/2022,09:36:18,217.95,217.65,150,218.35,50,1500,1012150
NIFTY20OCT2217100PE.NFO,13/10/2022,09:36:20,218,217.35,50,217.95,100,600,1012150
NIFTY20OCT2217100PE.NFO,13/10/2022,09:36:22,218.1,217.3,1000,218.05,200,1100,1012150
NIFTY20OCT2217100PE.NFO,13/10/2022,09:36:23,217.4,217.3,50,217.8,50,450,1012150
NIFTY20OCT2217100PE.NFO,13/10/2022,09:36:25,217.2,217.2,300,217.85,400,1150,1012150
NIFTY20OCT2217100PE.NFO,13/10/2022,09:36:27,217.05,217.4,50,217.75,850,3350,1012150
NIFTY20OCT2217100PE.NFO,13/10/2022,09:36:28,215.75,215.2,400,215.8,50,2850,1012150
NIFTY20OCT2217100PE.NFO,13/10/2022,09:36:30,216.45,215.95,700,216.6,50,2800,1012150
NIFTY20OCT2217100PE.NFO,13/10/2022,09:36:32,217,216.4,700,217.05,50,300,1012150
NIFTY20OCT2217100PE.NFO,13/10/2022,09:36:33,216.45,215.5,50,216.1,200,10900,1012150
NIFTY20OCT2217100PE.NFO,13/10/2022,09:36:35,215,215.05,800,215.65,50,4650,1012150
NIFTY20OCT2217100PE.NFO,13/10/2022,09:36:37,215.55,215.35,50,215.8,50,2550,1012150
NIFTY20OCT2217100PE.NFO,13/10/2022,09:36:38,215,214.4,50,214.95,50,7700,1012150
NIFTY20OCT2217100PE.NFO,13/10/2022,09:36:40,214.75,214.15,950,214.8,300,550,1012150
NIFTY20OCT2217100PE.NFO,13/10/2022,09:36:42,213.8,213.35,800,213.95,50,650,1012150
NIFTY20OCT2217100PE.NFO,13/10/2022,09:36:43,214.4,214.4,300,214.95,300,1000,1012150
NIFTY20OCT2217100PE.NFO,13/10/2022,09:36:45,214.85,214.5,100,214.85,200,300,1012150
NIFTY20OCT2217100PE.NFO,13/10/2022,09:36:47,215.55,215.5,150,216,200,1650,1012150
NIFTY20OCT2217100PE.NFO,13/10/2022,09:36:48,215.6,214.85,500,215.4,200,1300,1012150
NIFTY20OCT2217100PE.NFO,13/10/2022,09:36:50,215,215,150,215.35,50,550,1012150
NIFTY20OCT2217100PE.NFO,13/10/2022,09:36:52,215.05,214.25,100,214.85,800,1200,1012150
NIFTY20OCT2217100PE.NFO,13/10/2022,09:36:53,214.4,214,50,214.6,50,100,1012150
NIFTY20OCT2217100PE.NFO,13/10/2022,09:36:55,213.9,213.6,250,214.25,800,1750,1012150
NIFTY20OCT2217100PE.NFO,13/10/2022,09:36:57,213.3,213,100,213.35,100,1000,1012150
NIFTY20OCT2217100PE.NFO,13/10/2022,09:36:58,213.8,213.1,200,213.65,50,350,1012150
NIFTY20OCT2217100PE.NFO,13/10/2022,09:37:00,213.75,213.95,800,214.65,1500,1750,1012150
NIFTY20OCT2217100PE.NFO,13/10/2022,09:37:02,215.6,215.5,50,216,150,200,1012150
NIFTY20OCT2217100PE.NFO,13/10/2022,09:37:03,216.3,215.25,50,215.85,50,400,1012150
NIFTY20OCT2217100PE.NFO,13/10/2022,09:37:05,214.85,214.45,50,214.95,50,950,1012150
NIFTY20OCT2217100PE.NFO,13/10/2022,09:37:07,215.25,215.35,150,215.9,750,200,1012150
NIFTY20OCT2217100PE.NFO,13/10/2022,09:37:08,215.15,215.15,250,215.75,550,850,1012150
NIFTY20OCT2217100PE.NFO,13/10/2022,09:37:10,215.55,215.05,50,215.7,50,1000,1012150
NIFTY20OCT2217100PE.NFO,13/10/2022,09:37:12,215.8,215.15,150,215.85,900,200,1012150
NIFTY20OCT2217100PE.NFO,13/10/2022,09:37:13,215.55,215.7,100,216.35,450,300,1012150
NIFTY20OCT2217100PE.NFO,13/10/2022,09:37:15,215.5,215.35,150,216,2250,550,1012150
NIFTY20OCT2217100PE.NFO,13/10/2022,09:37:17,216,215.5,50,216,1600,500,1012150
NIFTY20OCT2217100PE.NFO,13/10/2022,09:37:18,216.9,216.5,50,217,350,750,1012150
NIFTY20OCT2217100PE.NFO,13/10/2022,09:37:20,216.3,215.7,50,216.3,300,500,1012150
NIFTY20OCT2217100PE.NFO,13/10/2022,09:37:22,216.75,215.9,50,216.6,100,450,1012150
NIFTY20OCT2217100PE.NFO,13/10/2022,09:37:23,216.1,216.15,100,216.8,50,100,1012150
NIFTY20OCT2217100PE.NFO,13/10/2022,09:37:25,216.95,216.25,50,216.9,1000,1450,1012150
NIFTY20OCT2217100PE.NFO,13/10/2022,09:37:27,216.7,216.7,50,217.3,100,200,1012150
NIFTY20OCT2217100PE.NFO,13/10/2022,09:37:28,216.9,216.5,1300,216.9,350,400,1012150
NIFTY20OCT2217100PE.NFO,13/10/2022,09:37:30,216.65,216,450,216.55,250,2050,1012150
NIFTY20OCT2217100PE.NFO,13/10/2022,09:37:32,215.65,215.1,50,215.8,150,1050,1012150
NIFTY20OCT2217100PE.NFO,13/10/2022,09:37:33,214.2,214.15,50,214.75,400,1800,1012150
NIFTY20OCT2217100PE.NFO,13/10/2022,09:37:35,214.75,214.85,900,215.35,50,100,1012150
NIFTY20OCT2217100PE.NFO,13/10/2022,09:37:37,217,216.95,50,217.5,850,2150,1012150
NIFTY20OCT2217100PE.NFO,13/10/2022,09:37:38,217.05,216.5,50,216.85,500,250,1012150
NIFTY20OCT2217100PE.NFO,13/10/2022,09:37:40,216.3,215.45,50,216.2,2150,400,1012150
NIFTY20OCT2217100PE.NFO,13/10/2022,09:37:42,217.25,216.65,800,217.3,150,300,1012150
NIFTY20OCT2217100PE.NFO,13/10/2022,09:37:43,216.8,216.8,50,217.35,50,350,1012150
NIFTY20OCT2217100PE.NFO,13/10/2022,09:37:45,217.95,217.6,50,218,1150,750,1012150
NIFTY20OCT2217100PE.NFO,13/10/2022,09:37:47,217.65,217.75,50,218.3,100,1300,1012150
NIFTY20OCT2217100PE.NFO,13/10/2022,09:37:48,218.5,217.75,150,218.6,850,600,1012150
NIFTY20OCT2217100PE.NFO,13/10/2022,09:37:50,219,218.3,150,218.95,200,2050,1012150
NIFTY20OCT2217100PE.NFO,13/10/2022,09:37:52,218.7,218.05,150,218.7,650,1250,1012150
NIFTY20OCT2217100PE.NFO,13/10/2022,09:37:53,218,218,1600,218.35,100,1150,1012150
NIFTY20OCT2217100PE.NFO,13/10/2022,09:37:55,217,216.45,800,217.2,150,2950,1012150
NIFTY20OCT2217100PE.NFO,13/10/2022,09:37:57,217.8,217.8,1450,218.5,50,2000,1012150
NIFTY20OCT2217100PE.NFO,13/10/2022,09:37:58,217.6,217.2,150,217.85,600,1950,1012150
NIFTY20OCT2217100PE.NFO,13/10/2022,09:38:00,218.1,217.35,200,218,450,600,1012150
NIFTY20OCT2217100PE.NFO,13/10/2022,09:38:02,218.6,218,250,218.7,600,550,1012150
NIFTY20OCT2217100PE.NFO,13/10/2022,09:38:03,218.1,217.45,50,218,700,50,1012150
NIFTY20OCT2217100PE.NFO,13/10/2022,09:38:05,218.1,217.3,50,218.05,700,1050,1012150
NIFTY20OCT2217100PE.NFO,13/10/2022,09:38:07,218.05,217.8,50,218.05,500,1400,1012150
NIFTY20OCT2217100PE.NFO,13/10/2022,09:38:09,217.05,217.4,50,217.8,50,800,1012150
NIFTY20OCT2217100PE.NFO,13/10/2022,09:38:10,217.15,217.15,800,217.9,50,800,1012150
NIFTY20OCT2217100PE.NFO,13/10/2022,09:38:12,218.2,217.6,800,218.3,50,200,1012150
NIFTY20OCT2217100PE.NFO,13/10/2022,09:38:14,218.15,217.2,1050,217.85,50,100,1012150
NIFTY20OCT2217100PE.NFO,13/10/2022,09:38:15,217.6,216.9,500,217.55,250,1250,1012150
NIFTY20OCT2217100PE.NFO,13/10/2022,09:38:17,217.6,217.05,50,217.55,100,0,1012150
NIFTY20OCT2217100PE.NFO,13/10/2022,09:38:19,217.65,217.45,50,218,100,550,1012150
NIFTY20OCT2217100PE.NFO,13/10/2022,09:38:20,218.85,218.35,800,218.9,100,1550,1012150
NIFTY20OCT2217100PE.NFO,13/10/2022,09:38:22,219.4,218.9,50,219.45,400,1050,1012150
NIFTY20OCT2217100PE.NFO,13/10/2022,09:38:22,219.4,218.9,50,219.45,400,0,1012150
NIFTY20OCT2217100PE.NFO,13/10/2022,09:38:24,218.95,218.95,100,219.4,250,1850,1012150
NIFTY20OCT2217100PE.NFO,13/10/2022,09:38:24,219.7,218.95,100,219.4,250,0,1012150
NIFTY20OCT2217100PE.NFO,13/10/2022,09:38:25,219.9,219.8,800,220.35,50,8250,1012150
NIFTY20OCT2217100PE.NFO,13/10/2022,09:38:25,220.35,219.8,800,220.35,50,0,1012150
NIFTY20OCT2217100PE.NFO,13/10/2022,09:38:27,219.4,219.4,150,219.95,50,8500,1012150
NIFTY20OCT2217100PE.NFO,13/10/2022,09:38:27,220.6,219.4,150,219.95,50,0,1012150
NIFTY20OCT2217100PE.NFO,13/10/2022,09:38:29,219.6,219,800,219.6,200,2400,1012150
NIFTY20OCT2217100PE.NFO,13/10/2022,09:38:30,218.9,218.1,150,218.8,50,1200,1012150
NIFTY20OCT2217100PE.NFO,13/10/2022,09:38:32,218,218,300,218.3,200,700,1012150
NIFTY20OCT2217100PE.NFO,13/10/2022,09:38:34,218.45,218.05,850,218.65,50,1600,1012150
NIFTY20OCT2217100PE.NFO,13/10/2022,09:38:35,218.5,218.1,850,218.8,50,750,1012150
NIFTY20OCT2217100PE.NFO,13/10/2022,09:38:37,217.85,217.2,950,217.9,250,800,1012150
NIFTY20OCT2217100PE.NFO,13/10/2022,09:38:39,217.8,217.3,50,217.8,150,550,1012150
NIFTY20OCT2217100PE.NFO,13/10/2022,09:38:40,217.75,217,500,217.6,150,350,1012150
NIFTY20OCT2217100PE.NFO,13/10/2022,09:38:42,217.25,216.65,50,217.25,100,1350,1043300
NIFTY20OCT2217100PE.NFO,13/10/2022,09:38:44,216.9,216.25,950,216.85,50,550,1043300
NIFTY20OCT2217100PE.NFO,13/10/2022,09:38:45,216.45,216.35,200,217,350,800,1043300
NIFTY20OCT2217100PE.NFO,13/10/2022,09:38:47,215.9,216,150,216.55,550,1100,1043300
NIFTY20OCT2217100PE.NFO,13/10/2022,09:38:49,216.5,216.2,50,216.85,300,1550,1043300
NIFTY20OCT2217100PE.NFO,13/10/2022,09:38:50,216.2,216,1450,216.5,50,600,1043300
NIFTY20OCT2217100PE.NFO,13/10/2022,09:38:52,215.85,215.9,50,216.5,50,950,1043300
NIFTY20OCT2217100PE.NFO,13/10/2022,09:38:54,216.25,215.55,700,216.3,950,1000,1043300
NIFTY20OCT2217100PE.NFO,13/10/2022,09:38:55,215.6,215.55,1000,216.3,200,600,1043300
NIFTY20OCT2217100PE.NFO,13/10/2022,09:38:57,216.3,215.75,200,216.35,100,750,1043300
NIFTY20OCT2217100PE.NFO,13/10/2022,09:38:59,216.35,216.3,1450,216.95,300,300,1043300
NIFTY20OCT2217100PE.NFO,13/10/2022,09:39:00,217.9,217.25,50,217.85,50,350,1043300
NIFTY20OCT2217100PE.NFO,13/10/2022,09:39:02,217.5,217.5,50,218,1550,500,1043300
NIFTY20OCT2217100PE.NFO,13/10/2022,09:39:04,217.7,217.4,50,218,50,1600,1043300
NIFTY20OCT2217100PE.NFO,13/10/2022,09:39:05,217.8,217.05,200,217.8,1400,800,1043300
NIFTY20OCT2217100PE.NFO,13/10/2022,09:39:07,217.85,217.85,800,218.5,550,550,1043300
NIFTY20OCT2217100PE.NFO,13/10/2022,09:39:09,218.55,218.55,50,219,50,650,1043300
NIFTY20OCT2217100PE.NFO,13/10/2022,09:39:10,218.6,218.15,800,218.9,250,450,1043300
NIFTY20OCT2217100PE.NFO,13/10/2022,09:39:12,219.1,218.4,250,219.1,600,350,1043300
NIFTY20OCT2217100PE.NFO,13/10/2022,09:39:14,218.85,218.8,50,219.35,50,1050,1043300
NIFTY20OCT2217100PE.NFO,13/10/2022,09:39:15,218.95,218.45,50,218.95,250,12300,1043300
NIFTY20OCT2217100PE.NFO,13/10/2022,09:39:17,218.2,218,50,218.45,900,750,1043300
NIFTY20OCT2217100PE.NFO,13/10/2022,09:39:19,218.15,217.75,300,218.4,1400,1500,1043300
NIFTY20OCT2217100PE.NFO,13/10/2022,09:39:20,218.05,217.2,100,217.65,800,1400,1043300
NIFTY20OCT2217100PE.NFO,13/10/2022,09:39:22,217.35,217.5,50,217.95,50,500,1043300
NIFTY20OCT2217100PE.NFO,13/10/2022,09:39:24,218.3,218.35,100,219,500,850,1043300
NIFTY20OCT2217100PE.NFO,13/10/2022,09:39:25,219.3,218.85,150,219.5,100,1200,1043300
NIFTY20OCT2217100PE.NFO,13/10/2022,09:39:27,218.8,218.7,150,219.3,100,800,1043300
NIFTY20OCT2217100PE.NFO,13/10/2022,09:39:29,219.55,218.9,50,219.5,800,550,1043300
NIFTY20OCT2217100PE.NFO,13/10/2022,09:39:30,218.65,218.65,500,219.2,50,1800,1043300
NIFTY20OCT2217100PE.NFO,13/10/2022,09:39:32,218.95,218.5,600,219.2,250,350,1043300
NIFTY20OCT2217100PE.NFO,13/10/2022,09:39:34,217.65,217.65,300,218.35,800,600,1043300
NIFTY20OCT2217100PE.NFO,13/10/2022,09:39:35,218.95,218.45,50,218.75,50,1250,1043300
NIFTY20OCT2217100PE.NFO,13/10/2022,09:39:37,218.75,218.05,150,218.65,800,750,1043300
NIFTY20OCT2217100PE.NFO,13/10/2022,09:39:39,218.5,218.1,50,218.65,50,650,1043300
NIFTY20OCT2217100PE.NFO,13/10/2022,09:39:40,218.1,218.05,100,218.6,350,550,1043300
NIFTY20OCT2217100PE.NFO,13/10/2022,09:39:42,218.1,218.05,100,218.65,400,0,1043300
NIFTY20OCT2217100PE.NFO,13/10/2022,09:39:44,219,218.5,50,219,1400,700,1043300
NIFTY20OCT2217100PE.NFO,13/10/2022,09:39:45,219,218.6,50,219,1400,0,1043300
NIFTY20OCT2217100PE.NFO,13/10/2022,09:39:47,218.6,218.05,50,218.7,50,600,1043300
NIFTY20OCT2217100PE.NFO,13/10/2022,09:39:49,218.95,218.05,850,218.8,50,1650,1043300
NIFTY20OCT2217100PE.NFO,13/10/2022,09:39:50,219,218.45,50,219,1150,450,1043300
NIFTY20OCT2217100PE.NFO,13/10/2022,09:39:52,219.7,219.15,50,219.75,50,1400,1043300
NIFTY20OCT2217100PE.NFO,13/10/2022,09:39:54,219.15,219.35,50,220,1850,150,1043300
NIFTY20OCT2217100PE.NFO,13/10/2022,09:39:55,219.55,219.6,50,220,1650,500,1043300
NIFTY20OCT2217100PE.NFO,13/10/2022,09:39:57,220.45,220.35,250,221.05,50,3150,1043300
NIFTY20OCT2217100PE.NFO,13/10/2022,09:39:57,221,220.35,250,221.05,50,0,1043300
NIFTY20OCT2217100PE.NFO,13/10/2022,09:39:59,220.95,220.95,100,221.65,50,2100,1043300
NIFTY20OCT2217100PE.NFO,13/10/2022,09:39:59,221.55,220.95,100,221.65,50,0,1043300
NIFTY20OCT2217100PE.NFO,13/10/2022,09:40:00,221.2,221.4,50,222,1500,550,1043300
NIFTY20OCT2217100PE.NFO,13/10/2022,09:40:00,221.85,221.4,50,222,1500,0,1043300
NIFTY20OCT2217100PE.NFO,13/10/2022,09:40:02,221.8,221.75,800,222.45,50,9400,1043300
NIFTY20OCT2217100PE.NFO,13/10/2022,09:40:02,223.35,221.75,800,222.45,50,0,1043300
NIFTY20OCT2217100PE.NFO,13/10/2022,09:40:04,223.75,223.9,50,224.7,150,9550,1043300
NIFTY20OCT2217100PE.NFO,13/10/2022,09:40:04,225.6,223.9,50,224.7,150,0,1043300
NIFTY20OCT2217100PE.NFO,13/10/2022,09:40:05,225.6,225.05,50,225.7,550,4650,1043300
NIFTY20OCT2217100PE.NFO,13/10/2022,09:40:07,225.95,225.65,150,226.45,100,2950,1043300
NIFTY20OCT2217100PE.NFO,13/10/2022,09:40:07,226.05,225.65,150,226.45,100,0,1043300
NIFTY20OCT2217100PE.NFO,13/10/2022,09:40:09,226.85,226.15,50,226.85,50,3750,1043300
NIFTY20OCT2217100PE.NFO,13/10/2022,09:40:09,228.5,226.15,50,226.85,50,0,1043300
NIFTY20OCT2217100PE.NFO,13/10/2022,09:40:10,227.1,227.1,200,227.8,50,7100,1043300
NIFTY20OCT2217100PE.NFO,13/10/2022,09:40:12,226,226.1,50,226.8,650,6300,1043300
NIFTY20OCT2217100PE.NFO,13/10/2022,09:40:14,226.9,226.45,100,227.05,100,2700,1043300
NIFTY20OCT2217100PE.NFO,13/10/2022,09:40:15,226.2,225.5,50,226.25,350,3600,1043300
NIFTY20OCT2217100PE.NFO,13/10/2022,09:40:17,225.75,225.1,400,225.85,200,1400,1043300
NIFTY20OCT2217100PE.NFO,13/10/2022,09:40:19,223.5,223.5,50,224.05,100,3650,1043300
NIFTY20OCT2217100PE.NFO,13/10/2022,09:40:20,223.5,223.15,1400,223.75,100,2500,1043300
NIFTY20OCT2217100PE.NFO,13/10/2022,09:40:22,223.95,224.25,350,224.85,100,4150,1043300
NIFTY20OCT2217100PE.NFO,13/10/2022,09:40:24,224.9,224.6,50,225.2,50,600,1043300
NIFTY20OCT2217100PE.NFO,13/10/2022,09:40:25,224.3,224.5,100,225,50,750,1043300
NIFTY20OCT2217100PE.NFO,13/10/2022,09:40:27,223.15,223.2,50,223.85,350,2100,1043300
NIFTY20OCT2217100PE.NFO,13/10/2022,09:40:29,223.6,223,250,223.55,50,1750,1043300
NIFTY20OCT2217100PE.NFO,13/10/2022,09:40:30,223.8,223.5,200,224.2,100,1000,1043300
NIFTY20OCT2217100PE.NFO,13/10/2022,09:40:32,224.2,224.2,50,224.95,750,300,1043300
NIFTY20OCT2217100PE.NFO,13/10/2022,09:40:34,224.3,224.3,250,224.9,50,1150,1043300
NIFTY20OCT2217100PE.NFO,13/10/2022,09:40:35,224.9,224.85,50,225.55,500,1100,1043300
NIFTY20OCT2217100PE.NFO,13/10/2022,09:40:37,225.7,225,350,225.65,450,750,1043300
NIFTY20OCT2217100PE.NFO,13/10/2022,09:40:39,225.75,225.4,50,226.15,600,850,1043300
NIFTY20OCT2217100PE.NFO,13/10/2022,09:40:40,225.85,225.55,250,226.05,150,300,1043300
NIFTY20OCT2217100PE.NFO,13/10/2022,09:40:42,225.4,224.9,500,225.65,50,2450,1043300
NIFTY20OCT2217100PE.NFO,13/10/2022,09:40:44,225.9,225.6,400,226,100,1000,1043300
NIFTY20OCT2217100PE.NFO,13/10/2022,09:40:45,225.75,225.75,50,226,150,1850,1043300
NIFTY20OCT2217100PE.NFO,13/10/2022,09:40:47,225.65,225.6,50,226,250,1050,1043300
NIFTY20OCT2217100PE.NFO,13/10/2022,09:40:49,225.65,225.7,50,226.3,150,4300,1043300
NIFTY20OCT2217100PE.NFO,13/10/2022,09:40:50,226.25,225.5,850,225.75,1200,600,1043300
NIFTY20OCT2217100PE.NFO,13/10/2022,09:40:52,226.1,225.65,550,226.4,100,450,1043300
NIFTY20OCT2217100PE.NFO,13/10/2022,09:40:54,226,226.05,400,226.8,250,1200,1043300
NIFTY20OCT2217100PE.NFO,13/10/2022,09:40:55,225.4,225.55,50,226.1,50,150,1043300
NIFTY20OCT2217100PE.NFO,13/10/2022,09:40:57,226,226,400,226.05,100,1150,1043300
NIFTY20OCT2217100PE.NFO,13/10/2022,09:40:59,226.05,225.25,50,225.95,450,1450,1043300
NIFTY20OCT2217100PE.NFO,13/10/2022,09:41:00,226.2,225.45,450,226.2,700,850,1043300
NIFTY20OCT2217100PE.NFO,13/10/2022,09:41:02,226.2,225.35,150,225.95,400,400,1043300
NIFTY20OCT2217100PE.NFO,13/10/2022,09:41:04,226.35,225.6,100,226.3,450,2050,1043300
NIFTY20OCT2217100PE.NFO,13/10/2022,09:41:05,224.35,224,850,224.6,100,1850,1043300
NIFTY20OCT2217100PE.NFO,13/10/2022,09:41:07,224.6,224.55,350,225.25,300,1050,1043300
NIFTY20OCT2217100PE.NFO,13/10/2022,09:41:09,225.25,225.2,1050,225.85,500,2050,1043300
NIFTY20OCT2217100PE.NFO,13/10/2022,09:41:10,224.6,224.1,550,224.75,100,20500,1043300
NIFTY20OCT2217100PE.NFO,13/10/2022,09:41:12,224.7,224.1,850,224.7,100,1300,1043300
NIFTY20OCT2217100PE.NFO,13/10/2022,09:41:14,224.5,224,100,224.5,400,1050,1043300
NIFTY20OCT2217100PE.NFO,13/10/2022,09:41:15,224.6,223.85,50,224.45,50,1400,1043300
NIFTY20OCT2217100PE.NFO,13/10/2022,09:41:17,223.85,223.1,100,223.8,550,1450,1043300
NIFTY20OCT2217100PE.NFO,13/10/2022,09:41:19,223.15,223.5,150,224.25,150,350,1043300
NIFTY20OCT2217100PE.NFO,13/10/2022,09:41:20,222.95,222.9,100,223.55,150,1200,1043300
NIFTY20OCT2217100PE.NFO,13/10/2022,09:41:22,223.5,223.45,100,224.1,750,450,1043300
NIFTY20OCT2217100PE.NFO,13/10/2022,09:41:24,223.8,223.25,50,223.8,350,950,1043300
NIFTY20OCT2217100PE.NFO,13/10/2022,09:41:25,223.4,222.8,50,223.5,400,1700,1043300
NIFTY20OCT2217100PE.NFO,13/10/2022,09:41:27,222.75,222.7,400,223.45,150,650,1043300
NIFTY20OCT2217100PE.NFO,13/10/2022,09:41:29,222.2,221.55,200,222.3,450,3200,1043300
NIFTY20OCT2217100PE.NFO,13/10/2022,09:41:30,221.8,221.3,300,221.8,250,1750,1043300
NIFTY20OCT2217100PE.NFO,13/10/2022,09:41:32,221.6,221,50,221.8,950,2600,1043300
NIFTY20OCT2217100PE.NFO,13/10/2022,09:41:34,221,221,50,221.25,300,300,1043300
NIFTY20OCT2217100PE.NFO,13/10/2022,09:41:35,221.5,220.85,100,221.5,350,150,1043300
NIFTY20OCT2217100PE.NFO,13/10/2022,09:41:37,221.15,221.2,100,222,750,2250,1043300
NIFTY20OCT2217100PE.NFO,13/10/2022,09:41:39,222,221.95,350,222.65,400,750,1043300
NIFTY20OCT2217100PE.NFO,13/10/2022,09:41:40,223.1,222.35,400,223,400,300,1043300
NIFTY20OCT2217100PE.NFO,13/10/2022,09:41:42,222.65,222.15,100,222.75,100,150,1026750
NIFTY20OCT2217100PE.NFO,13/10/2022,09:41:44,222,222.05,200,222.75,100,550,1026750
NIFTY20OCT2217100PE.NFO,13/10/2022,09:41:45,223.1,222.1,500,222.8,450,650,1026750
NIFTY20OCT2217100PE.NFO,13/10/2022,09:41:47,223.15,222.8,300,223.35,150,100,1026750
NIFTY20OCT2217100PE.NFO,13/10/2022,09:41:49,223.15,222.75,100,223.15,50,100,1026750
NIFTY20OCT2217100PE.NFO,13/10/2022,09:41:50,223.1,222.35,350,222.95,50,250,1026750
NIFTY20OCT2217100PE.NFO,13/10/2022,09:41:52,222.8,222.3,1750,223,100,500,1026750
NIFTY20OCT2217100PE.NFO,13/10/2022,09:41:54,222.35,222,850,222.7,500,1050,1026750
NIFTY20OCT2217100PE.NFO,13/10/2022,09:41:55,223,222.3,100,222.95,500,350,1026750
NIFTY20OCT2217100PE.NFO,13/10/2022,09:41:57,223.65,222.9,450,223.6,100,1200,1026750
NIFTY20OCT2217100PE.NFO,13/10/2022,09:41:59,223.35,223.25,50,223.9,250,200,1026750
NIFTY20OCT2217100PE.NFO,13/10/2022,09:42:00,225.1,225.4,50,226,3800,1950,1026750
NIFTY20OCT2217100PE.NFO,13/10/2022,09:42:02,224.2,224.35,100,225.1,100,2500,1026750
NIFTY20OCT2217100PE.NFO,13/10/2022,09:42:04,224.5,223.95,400,224.65,50,600,1026750
NIFTY20OCT2217100PE.NFO,13/10/2022,09:42:05,225.25,224.6,450,225.25,200,1200,1026750
NIFTY20OCT2217100PE.NFO,13/10/2022,09:42:07,225.85,225.2,100,225.85,400,500,1026750
NIFTY20OCT2217100PE.NFO,13/10/2022,09:42:09,225.95,225.5,100,225.9,400,200,1026750
NIFTY20OCT2217100PE.NFO,13/10/2022,09:42:10,226.15,226,50,226.65,50,1500,1026750
NIFTY20OCT2217100PE.NFO,13/10/2022,09:42:12,226.7,226.25,100,226.75,200,600,1026750
NIFTY20OCT2217100PE.NFO,13/10/2022,09:42:14,226.2,225.65,50,226.2,650,1100,1026750
NIFTY20OCT2217100PE.NFO,13/10/2022,09:42:15,225.9,225.2,50,225.85,50,3750,1026750
NIFTY20OCT2217100PE.NFO,13/10/2022,09:42:17,224.65,224.6,300,225.25,50,300,1026750
NIFTY20OCT2217100PE.NFO,13/10/2022,09:42:19,224.6,225.5,50,225.95,200,1850,1026750
NIFTY20OCT2217100PE.NFO,13/10/2022,09:42:20,225.2,225,100,225.2,150,450,1026750
NIFTY20OCT2217100PE.NFO,13/10/2022,09:42:22,225.05,225,100,225.3,50,600,1026750
NIFTY20OCT2217100PE.NFO,13/10/2022,09:42:24,225.9,224.9,50,225.65,400,600,1026750
NIFTY20OCT2217100PE.NFO,13/10/2022,09:42:25,225.45,224.95,50,225.55,250,150,1026750
NIFTY20OCT2217100PE.NFO,13/10/2022,09:42:27,225.5,225.05,450,225.8,150,150,1026750
NIFTY20OCT2217100PE.NFO,13/10/2022,09:42:29,224.6,224.7,50,225.3,150,150,1026750
NIFTY20OCT2217100PE.NFO,13/10/2022,09:42:30,225.5,225.15,50,225.6,150,250,1026750
NIFTY20OCT2217100PE.NFO,13/10/2022,09:42:32,224.6,224.7,50,225.2,50,900,1026750
NIFTY20OCT2217100PE.NFO,13/10/2022,09:42:34,225.7,224.75,50,225.35,50,400,1026750
NIFTY20OCT2217100PE.NFO,13/10/2022,09:42:35,225.3,225.05,450,225.75,100,200,1026750
NIFTY20OCT2217100PE.NFO,13/10/2022,09:42:37,225.2,225.2,400,225.9,50,800,1026750
NIFTY20OCT2217100PE.NFO,13/10/2022,09:42:39,225.95,225.45,50,225.95,200,200,1026750
NIFTY20OCT2217100PE.NFO,13/10/2022,09:42:40,225.1,225.4,50,225.85,50,100,1026750
NIFTY20OCT2217100PE.NFO,13/10/2022,09:42:42,226.5,226,50,226.5,100,1050,1026750
NIFTY20OCT2217100PE.NFO,13/10/2022,09:42:44,226.4,225.85,100,226.4,50,1000,1026750
NIFTY20OCT2217100PE.NFO,13/10/2022,09:42:45,225.7,225.65,100,226.3,100,700,1026750
NIFTY20OCT2217100PE.NFO,13/10/2022,09:42:47,226.35,225.6,450,226.35,400,900,1026750
NIFTY20OCT2217100PE.NFO,13/10/2022,09:42:49,226.1,226.1,100,226.85,50,800,1026750
NIFTY20OCT2217100PE.NFO,13/10/2022,09:42:50,227,226.75,50,227.35,50,800,1026750
NIFTY20OCT2217100PE.NFO,13/10/2022,09:42:52,227.1,227.15,650,227.8,150,2350,1026750
NIFTY20OCT2217100PE.NFO,13/10/2022,09:42:54,228,227.3,50,227.95,50,850,1026750
NIFTY20OCT2217100PE.NFO,13/10/2022,09:42:55,228,227.25,350,227.9,50,350,1026750
NIFTY20OCT2217100PE.NFO,13/10/2022,09:42:57,226.95,226.05,600,226.8,50,100,1026750
NIFTY20OCT2217100PE.NFO,13/10/2022,09:42:59,226.8,226.35,400,226.9,100,500,1026750
NIFTY20OCT2217100PE.NFO,13/10/2022,09:43:00,227.35,227.25,300,228,400,400,1026750
NIFTY20OCT2217100PE.NFO,13/10/2022,09:43:02,227.65,227.65,50,228,100,350,1026750
NIFTY20OCT2217100PE.NFO,13/10/2022,09:43:04,227.3,226.55,400,227.2,50,3100,1026750
NIFTY20OCT2217100PE.NFO,13/10/2022,09:43:04,228.55,226.55,400,227.2,50,0,1026750
NIFTY20OCT2217100PE.NFO,13/10/2022,09:43:05,227.55,227.25,250,227.8,200,350,1026750
NIFTY20OCT2217100PE.NFO,13/10/2022,09:43:07,228,227.9,650,228,450,500,1026750
NIFTY20OCT2217100PE.NFO,13/10/2022,09:43:09,227,226.85,100,227.55,50,4000,1026750
NIFTY20OCT2217100PE.NFO,13/10/2022,09:43:09,228.9,226.85,100,227.55,50,0,1026750
NIFTY20OCT2217100PE.NFO,13/10/2022,09:43:10,226.85,227,1400,227.65,150,700,1026750
NIFTY20OCT2217100PE.NFO,13/10/2022,09:43:12,227.8,227.25,300,227.6,600,350,1026750
NIFTY20OCT2217100PE.NFO,13/10/2022,09:43:14,228.05,227.45,50,228.15,100,19700,1026750
NIFTY20OCT2217100PE.NFO,13/10/2022,09:43:14,229.4,227.45,50,228.15,100,0,1026750
NIFTY20OCT2217100PE.NFO,13/10/2022,09:43:15,227.2,227.05,450,227.75,450,550,1026750
NIFTY20OCT2217100PE.NFO,13/10/2022,09:43:17,225.85,225.75,150,226,100,1450,1026750
NIFTY20OCT2217100PE.NFO,13/10/2022,09:43:19,225.9,226.05,50,226.7,100,1350,1026750
NIFTY20OCT2217100PE.NFO,13/10/2022,09:43:20,226.45,226.35,450,226.95,400,250,1026750
NIFTY20OCT2217100PE.NFO,13/10/2022,09:43:22,226.9,227.2,50,227.5,150,2000,1026750
NIFTY20OCT2217100PE.NFO,13/10/2022,09:43:24,228.15,227.8,200,228.1,1000,1950,1026750
NIFTY20OCT2217100PE.NFO,13/10/2022,09:43:25,227.05,226.5,50,227.1,400,1900,1026750
NIFTY20OCT2217100PE.NFO,13/10/2022,09:43:27,227.7,227.5,250,227.95,50,1050,1026750
NIFTY20OCT2217100PE.NFO,13/10/2022,09:43:29,228.5,228.05,200,228.6,50,2900,1026750
NIFTY20OCT2217100PE.NFO,13/10/2022,09:43:30,227.25,226.6,100,227.2,100,1500,1026750
NIFTY20OCT2217100PE.NFO,13/10/2022,09:43:32,227.45,226.95,250,227.5,50,600,1026750
NIFTY20OCT2217100PE.NFO,13/10/2022,09:43:34,226.55,225.85,50,226.4,50,1500,1026750
NIFTY20OCT2217100PE.NFO,13/10/2022,09:43:35,225.1,224.6,50,225.1,400,2500,1026750
NIFTY20OCT2217100PE.NFO,13/10/2022,09:43:37,224.45,224.35,50,224.9,650,1200,1026750
NIFTY20OCT2217100PE.NFO,13/10/2022,09:43:39,225.25,225.25,50,225.8,100,300,1026750
NIFTY20OCT2217100PE.NFO,13/10/2022,09:43:40,225.5,225.7,50,226.15,50,200,1026750
NIFTY20OCT2217100PE.NFO,13/10/2022,09:43:42,225.8,225.75,50,226.3,50,200,1026750
NIFTY20OCT2217100PE.NFO,13/10/2022,09:43:44,225.05,224.8,50,225.3,50,3050,1026750
NIFTY20OCT2217100PE.NFO,13/10/2022,09:43:45,225.6,224.9,100,225.5,50,700,1026750
NIFTY20OCT2217100PE.NFO,13/10/2022,09:43:47,225.25,224.5,50,225.15,50,200,1026750
NIFTY20OCT2217100PE.NFO,13/10/2022,09:43:49,225.2,224.55,650,225.2,150,3550,1026750
NIFTY20OCT2217100PE.NFO,13/10/2022,09:43:50,223.35,223.3,450,223.9,50,3150,1026750
NIFTY20OCT2217100PE.NFO,13/10/2022,09:43:52,223.7,223.1,400,223.7,50,3200,1026750
NIFTY20OCT2217100PE.NFO,13/10/2022,09:43:54,223.2,223.45,400,223.95,50,650,1026750
NIFTY20OCT2217100PE.NFO,13/10/2022,09:43:55,224.6,224.55,100,225,550,650,1026750
NIFTY20OCT2217100PE.NFO,13/10/2022,09:43:57,225.25,225.2,50,225.85,50,750,1026750
NIFTY20OCT2217100PE.NFO,13/10/2022,09:43:59,225.25,224.85,50,225.5,250,400,1026750
NIFTY20OCT2217100PE.NFO,13/10/2022,09:44:00,224.9,224.1,500,224.75,50,50,1026750
NIFTY20OCT2217100PE.NFO,13/10/2022,09:44:02,224.2,224.05,400,224.75,50,250,1026750
NIFTY20OCT2217100PE.NFO,13/10/2022,09:44:04,223.65,223,500,223.75,50,150,1026750
NIFTY20OCT2217100PE.NFO,13/10/2022,09:44:05,223.8,223.25,400,223.8,100,800,1026750
NIFTY20OCT2217100PE.NFO,13/10/2022,09:44:07,223.3,223,100,223.65,200,1150,1026750
NIFTY20OCT2217100PE.NFO,13/10/2022,09:44:09,223,222.4,400,223,1700,550,1026750
NIFTY20OCT2217100PE.NFO,13/10/2022,09:44:10,222.75,222.3,750,222.95,100,650,1026750
NIFTY20OCT2217100PE.NFO,13/10/2022,09:44:12,222.35,222.2,50,222.9,50,400,1026750
NIFTY20OCT2217100PE.NFO,13/10/2022,09:44:14,223.05,223.05,500,223.8,100,2450,1026750
NIFTY20OCT2217100PE.NFO,13/10/2022,09:44:15,223.3,222.9,100,223.6,300,1050,1026750
NIFTY20OCT2217100PE.NFO,13/10/2022,09:44:17,223.5,222.8,150,223.6,500,200,1026750
NIFTY20OCT2217100PE.NFO,13/10/2022,09:44:19,222.9,222.4,250,222.9,350,1300,1026750
NIFTY20OCT2217100PE.NFO,13/10/2022,09:44:20,222.65,222,1200,222.75,750,150,1026750
NIFTY20OCT2217100PE.NFO,13/10/2022,09:44:22,222.7,222.05,100,222.75,1050,50,1026750
NIFTY20OCT2217100PE.NFO,13/10/2022,09:44:24,222.9,222.45,50,222.9,400,850,1026750
NIFTY20OCT2217100PE.NFO,13/10/2022,09:44:25,222,222,500,222.55,100,1150,1026750
NIFTY20OCT2217100PE.NFO,13/10/2022,09:44:27,222,222,450,222.6,350,1200,1026750
NIFTY20OCT2217100PE.NFO,13/10/2022,09:44:29,221.85,221.85,300,222.55,50,950,1026750
NIFTY20OCT2217100PE.NFO,13/10/2022,09:44:30,221,221,350,221.45,400,1600,1026750
NIFTY20OCT2217100PE.NFO,13/10/2022,09:44:32,219.85,219.7,150,220.55,450,3300,1026750
NIFTY20OCT2217100PE.NFO,13/10/2022,09:44:34,220.6,220,300,220.55,150,950,1026750
NIFTY20OCT2217100PE.NFO,13/10/2022,09:44:35,220.55,219.85,50,220.55,50,1000,1026750
NIFTY20OCT2217100PE.NFO,13/10/2022,09:44:37,221.2,220.4,500,221.1,450,600,1026750
NIFTY20OCT2217100PE.NFO,13/10/2022,09:44:39,221.4,220.65,50,221.3,100,450,1026750
NIFTY20OCT2217100PE.NFO,13/10/2022,09:44:40,220.85,221,50,221.5,500,1050,1026750
NIFTY20OCT2217100PE.NFO,13/10/2022,09:44:42,220.65,220.55,50,221.15,50,150,1026750
NIFTY20OCT2217100PE.NFO,13/10/2022,09:44:44,220.65,220.35,350,220.9,150,0,1026750
NIFTY20OCT2217100PE.NFO,13/10/2022,09:44:45,221.65,221.05,100,221.5,50,1550,1042350
NIFTY20OCT2217100PE.NFO,13/10/2022,09:44:47,222.35,221.75,50,222.5,300,600,1042350
NIFTY20OCT2217100PE.NFO,13/10/2022,09:44:49,222.4,222.4,50,222.95,400,1850,1042350
NIFTY20OCT2217100PE.NFO,13/10/2022,09:44:50,223.6,223.25,150,223.95,450,1300,1042350
NIFTY20OCT2217100PE.NFO,13/10/2022,09:44:52,223.6,223.75,400,224.4,300,300,1042350
NIFTY20OCT2217100PE.NFO,13/10/2022,09:44:54,224.65,224.55,350,225.1,50,1950,1042350
NIFTY20OCT2217100PE.NFO,13/10/2022,09:44:56,225,224.85,50,225.2,50,250,1042350
NIFTY20OCT2217100PE.NFO,13/10/2022,09:44:57,225.4,224.7,400,225.4,50,350,1042350
NIFTY20OCT2217100PE.NFO,13/10/2022,09:44:59,224.4,223.7,50,224.25,50,550,1042350
NIFTY20OCT2217100PE.NFO,13/10/2022,09:45:01,224.45,224,50,224.65,150,2200,1042350
NIFTY20OCT2217100PE.NFO,13/10/2022,09:45:02,225,224.45,50,225.1,150,300,1042350
NIFTY20OCT2217100PE.NFO,13/10/2022,09:45:04,226,225.25,100,226,2050,1300,1042350
NIFTY20OCT2217100PE.NFO,13/10/2022,09:45:06,225.35,224.75,100,225.5,700,600,1042350
NIFTY20OCT2217100PE.NFO,13/10/2022,09:45:07,225.05,224.5,50,225,100,400,1042350
NIFTY20OCT2217100PE.NFO,13/10/2022,09:45:09,225.15,224.9,100,225.6,400,650,1042350
NIFTY20OCT2217100PE.NFO,13/10/2022,09:45:11,225.4,225.15,50,225.6,150,200,1042350
NIFTY20OCT2217100PE.NFO,13/10/2022,09:45:12,226.35,226,100,226.7,600,1200,1042350
NIFTY20OCT2217100PE.NFO,13/10/2022,09:45:14,225.75,225.25,100,225.8,400,1950,1042350
NIFTY20OCT2217100PE.NFO,13/10/2022,09:45:15,225.95,225.7,50,226.3,300,1200,1042350
NIFTY20OCT2217100PE.NFO,13/10/2022,09:45:17,226.5,225.7,50,226.25,100,450,1042350
NIFTY20OCT2217100PE.NFO,13/10/2022,09:45:19,226.05,225.55,100,226.05,500,650,1042350
NIFTY20OCT2217100PE.NFO,13/10/2022,09:45:20,225.95,225.7,250,226.4,550,2900,1042350
NIFTY20OCT2217100PE.NFO,13/10/2022,09:45:22,226.05,225.7,50,226.25,500,2000,1042350
NIFTY20OCT2217100PE.NFO,13/10/2022,09:45:24,225.7,225.3,50,225.8,500,2450,1042350
NIFTY20OCT2217100PE.NFO,13/10/2022,09:45:25,225.9,225.55,150,226.1,500,350,1042350
NIFTY20OCT2217100PE.NFO,13/10/2022,09:45:27,225.6,225.35,100,225.8,500,650,1042350
NIFTY20OCT2217100PE.NFO,13/10/2022,09:45:29,225.8,225.5,50,225.9,500,2050,1042350
NIFTY20OCT2217100PE.NFO,13/10/2022,09:45:30,225.9,225.3,100,225.75,50,900,1042350
NIFTY20OCT2217100PE.NFO,13/10/2022,09:45:32,226.25,225.75,100,226.3,50,1000,1042350
NIFTY20OCT2217100PE.NFO,13/10/2022,09:45:34,225.85,225.4,50,225.85,500,400,1042350
NIFTY20OCT2217100PE.NFO,13/10/2022,09:45:35,225.9,225.5,550,225.95,500,2550,1042350
NIFTY20OCT2217100PE.NFO,13/10/2022,09:45:37,225.9,225.3,50,225.7,100,4550,1042350
NIFTY20OCT2217100PE.NFO,13/10/2022,09:45:39,225.7,225.3,50,225.8,500,2900,1042350
NIFTY20OCT2217100PE.NFO,13/10/2022,09:45:40,225.05,225.05,50,225.45,500,1200,1042350
NIFTY20OCT2217100PE.NFO,13/10/2022,09:45:42,225,224.9,50,225.45,200,900,1042350
NIFTY20OCT2217100PE.NFO,13/10/2022,09:45:44,225,224.65,100,225,50,200,1042350
NIFTY20OCT2217100PE.NFO,13/10/2022,09:45:45,224.9,224.45,50,224.95,200,1150,1042350
NIFTY20OCT2217100PE.NFO,13/10/2022,09:45:47,224.6,224.65,50,225,400,700,1042350
NIFTY20OCT2217100PE.NFO,13/10/2022,09:45:49,224.75,224.2,50,224.65,500,500,1042350
NIFTY20OCT2217100PE.NFO,13/10/2022,09:45:50,224.75,224.3,100,224.8,250,1150,1042350
NIFTY20OCT2217100PE.NFO,13/10/2022,09:45:52,224.85,224.2,50,224.65,500,1150,1042350
NIFTY20OCT2217100PE.NFO,13/10/2022,09:45:54,224.2,224,250,224.55,500,150,1042350
NIFTY20OCT2217100PE.NFO,13/10/2022,09:45:55,224.35,224.1,200,224.35,500,350,1042350
NIFTY20OCT2217100PE.NFO,13/10/2022,09:45:57,224.75,224.1,50,224.45,500,1850,1042350
NIFTY20OCT2217100PE.NFO,13/10/2022,09:45:59,224.2,224.3,50,224.85,500,200,1042350
NIFTY20OCT2217100PE.NFO,13/10/2022,09:46:00,225.15,224.85,50,225.15,100,2500,1042350
NIFTY20OCT2217100PE.NFO,13/10/2022,09:46:02,225.55,225.2,50,225.7,550,3850,1042350
NIFTY20OCT2217100PE.NFO,13/10/2022,09:46:04,225.6,225.3,50,225.6,500,550,1042350
NIFTY20OCT2217100PE.NFO,13/10/2022,09:46:05,225.5,225.6,50,226,2750,300,1042350
NIFTY20OCT2217100PE.NFO,13/10/2022,09:46:07,226,225.8,50,226,2450,700,1042350
NIFTY20OCT2217100PE.NFO,13/10/2022,09:46:09,226.65,226.2,50,226.7,50,3000,1042350
NIFTY20OCT2217100PE.NFO,13/10/2022,09:46:10,227,226.55,50,227,600,500,1042350
NIFTY20OCT2217100PE.NFO,13/10/2022,09:46:12,227.45,226.9,100,227.5,350,800,1042350
NIFTY20OCT2217100PE.NFO,13/10/2022,09:46:14,227.3,227.65,50,228,950,250,1042350
NIFTY20OCT2217100PE.NFO,13/10/2022,09:46:15,227.7,227.3,50,227.8,100,750,1042350
NIFTY20OCT2217100PE.NFO,13/10/2022,09:46:17,227.7,227.25,50,227.7,700,550,1042350
NIFTY20OCT2217100PE.NFO,13/10/2022,09:46:19,227.7,226.85,200,227.5,100,900,1042350
NIFTY20OCT2217100PE.NFO,13/10/2022,09:46:20,227,226.25,150,226.85,600,800,1042350
NIFTY20OCT2217100PE.NFO,13/10/2022,09:46:22,226.2,225.7,450,226.5,100,1700,1042350
NIFTY20OCT2217100PE.NFO,13/10/2022,09:46:24,226.2,226,150,226.55,100,1100,1042350
NIFTY20OCT2217100PE.NFO,13/10/2022,09:46:25,226,225.6,50,226.1,50,1450,1042350
NIFTY20OCT2217100PE.NFO,13/10/2022,09:46:27,225.5,225.6,50,226.1,50,2350,1042350
NIFTY20OCT2217100PE.NFO,13/10/2022,09:46:29,225.95,225.9,200,226.4,50,1550,1042350
NIFTY20OCT2217100PE.NFO,13/10/2022,09:46:30,225.8,225.6,500,226.2,500,600,1042350
NIFTY20OCT2217100PE.NFO,13/10/2022,09:46:32,226.35,226,400,226.35,50,300,1042350
NIFTY20OCT2217100PE.NFO,13/10/2022,09:46:34,225.6,225.05,450,225.6,500,200,1042350
NIFTY20OCT2217100PE.NFO,13/10/2022,09:46:35,225,225.05,150,225.45,500,550,1042350
NIFTY20OCT2217100PE.NFO,13/10/2022,09:46:37,225.7,225.25,50,225.85,500,600,1042350
NIFTY20OCT2217100PE.NFO,13/10/2022,09:46:39,225.8,225.3,50,225.8,500,2150,1042350
NIFTY20OCT2217100PE.NFO,13/10/2022,09:46:40,225.6,225.05,50,225.6,500,700,1042350
NIFTY20OCT2217100PE.NFO,13/10/2022,09:46:42,225.9,225.2,50,225.6,500,150,1042350
NIFTY20OCT2217100PE.NFO,13/10/2022,09:46:44,225.3,225.25,50,225.8,550,350,1042350
NIFTY20OCT2217100PE.NFO,13/10/2022,09:46:45,225.9,225.5,450,226,1400,700,1042350
NIFTY20OCT2217100PE.NFO,13/10/2022,09:46:47,225.7,225.7,50,226,700,1800,1042350
NIFTY20OCT2217100PE.NFO,13/10/2022,09:46:49,225.4,225.3,100,225.55,500,850,1042350
NIFTY20OCT2217100PE.NFO,13/10/2022,09:46:50,225.55,225.35,100,225.55,500,250,1042350
NIFTY20OCT2217100PE.NFO,13/10/2022,09:46:52,225.05,224.8,50,225.4,100,1350,1042350
NIFTY20OCT2217100PE.NFO,13/10/2022,09:46:54,224.15,224.05,50,224.55,250,1600,1042350
NIFTY20OCT2217100PE.NFO,13/10/2022,09:46:55,224,223.65,50,224.2,500,2250,1042350
NIFTY20OCT2217100PE.NFO,13/10/2022,09:46:57,224.4,223.75,500,224.4,850,550,1042350
NIFTY20OCT2217100PE.NFO,13/10/2022,09:46:59,224.4,223.6,250,224.15,300,100,1042350
NIFTY20OCT2217100PE.NFO,13/10/2022,09:47:01,224.2,223.95,50,224.55,950,1000,1042350
NIFTY20OCT2217100PE.NFO,13/10/2022,09:47:02,224.35,224.9,50,225.45,600,450,1042350
NIFTY20OCT2217100PE.NFO,13/10/2022,09:47:04,224.85,224.6,600,225.15,500,200,1042350
NIFTY20OCT2217100PE.NFO,13/10/2022,09:47:06,225.65,225,600,225.55,500,150,1042350
NIFTY20OCT2217100PE.NFO,13/10/2022,09:47:07,224.85,225,750,225.55,500,50,1042350
NIFTY20OCT2217100PE.NFO,13/10/2022,09:47:09,225.75,225.3,100,225.9,450,200,1042350
NIFTY20OCT2217100PE.NFO,13/10/2022,09:47:11,225.75,225.35,100,225.8,50,0,1042350
NIFTY20OCT2217100PE.NFO,13/10/2022,09:47:12,226,225.35,150,225.9,350,50,1042350
NIFTY20OCT2217100PE.NFO,13/10/2022,09:47:14,225.35,225,1000,225.65,550,100,1042350
NIFTY20OCT2217100PE.NFO,13/10/2022,09:47:16,224.85,224.4,400,224.95,500,900,1042350
NIFTY20OCT2217100PE.NFO,13/10/2022,09:47:17,224.85,224.85,800,225.45,800,300,1042350
NIFTY20OCT2217100PE.NFO,13/10/2022,09:47:19,225.1,224.85,800,225.15,500,150,1042350
NIFTY20OCT2217100PE.NFO,13/10/2022,09:47:21,224.55,224.15,100,224.65,500,1350,1042350
NIFTY20OCT2217100PE.NFO,13/10/2022,09:47:22,224.7,224.1,1600,224.75,150,1000,1042350
NIFTY20OCT2217100PE.NFO,13/10/2022,09:47:24,225,224.55,400,225.15,550,100,1042350
NIFTY20OCT2217100PE.NFO,13/10/2022,09:47:26,224.1,224.1,350,224.65,700,750,1042350
NIFTY20OCT2217100PE.NFO,13/10/2022,09:47:27,223.65,223.8,450,224.35,500,1000,1042350
NIFTY20OCT2217100PE.NFO,13/10/2022,09:47:29,223.95,223.35,200,223.95,500,1950,1042350
NIFTY20OCT2217100PE.NFO,13/10/2022,09:47:31,223.35,223.2,1000,223.65,500,1250,1042350
NIFTY20OCT2217100PE.NFO,13/10/2022,09:47:32,223.85,223.85,150,224.15,500,2800,1042350
NIFTY20OCT2217100PE.NFO,13/10/2022,09:47:34,223.3,223.8,200,224.35,500,1550,1042350
NIFTY20OCT2217100PE.NFO,13/10/2022,09:47:36,223.2,223,50,223.25,500,1150,1042350
