Ticker,Date,Time,LTP,BuyPrice,BuyQty,SellPrice,SellQty,LTQ,OpenInterest
NIFTY20OCT2217100CE.NFO,13/10/2022,09:15:00,188,160.85,400,183.75,400,50,1000950
NIFTY20OCT2217100CE.NFO,13/10/2022,09:15:00,188,160.85,400,183.75,400,0,1000950
NIFTY20OCT2217100CE.NFO,13/10/2022,09:15:00,188,160.85,400,183.75,400,0,1000950
NIFTY20OCT2217100CE.NFO,13/10/2022,09:15:00,188,160.85,400,183.75,400,0,1000950
NIFTY20OCT2217100CE.NFO,13/10/2022,09:15:01,174.05,170.1,400,174.6,50,950,1000950
NIFTY20OCT2217100CE.NFO,13/10/2022,09:15:01,171.7,170.1,400,174.6,50,0,1000950
NIFTY20OCT2217100CE.NFO,13/10/2022,09:15:03,175.4,174.25,100,178.65,400,2900,1000950
NIFTY20OCT2217100CE.NFO,13/10/2022,09:15:05,174.95,174.95,250,176.85,400,2600,1000950
NIFTY20OCT2217100CE.NFO,13/10/2022,09:15:06,176.3,174.1,400,176.3,800,1050,1000950
NIFTY20OCT2217100CE.NFO,13/10/2022,09:15:08,176.4,176.35,50,179.25,300,3650,1000950
NIFTY20OCT2217100CE.NFO,13/10/2022,09:15:10,181.4,180,500,181.5,450,2300,1000950
NIFTY20OCT2217100CE.NFO,13/10/2022,09:15:11,180.9,179.8,400,180.9,150,3650,1000950
NIFTY20OCT2217100CE.NFO,13/10/2022,09:15:13,179.95,178.25,400,179.95,300,1150,1000950
NIFTY20OCT2217100CE.NFO,13/10/2022,09:15:15,178.4,178.4,400,180.55,500,2750,1000950
NIFTY20OCT2217100CE.NFO,13/10/2022,09:15:16,179.35,178.4,450,179.3,250,4250,1000950
NIFTY20OCT2217100CE.NFO,13/10/2022,09:15:18,180.9,180.2,50,180.9,550,3250,1000950
NIFTY20OCT2217100CE.NFO,13/10/2022,09:15:19,182.1,182.15,50,182.9,50,2700,1000950
NIFTY20OCT2217100CE.NFO,13/10/2022,09:15:21,183.25,183,400,183.6,100,4050,1000950
NIFTY20OCT2217100CE.NFO,13/10/2022,09:15:23,184.8,183.85,400,185,100,1950,1000950
NIFTY20OCT2217100CE.NFO,13/10/2022,09:15:24,186.95,186.25,100,186.95,400,1800,1000950
NIFTY20OCT2217100CE.NFO,13/10/2022,09:15:26,186.4,186.2,800,186.8,50,2000,1000950
NIFTY20OCT2217100CE.NFO,13/10/2022,09:15:28,185.95,185.1,50,185.9,50,2600,1000950
NIFTY20OCT2217100CE.NFO,13/10/2022,09:15:29,185.8,185.15,50,185.95,350,1650,1000950
NIFTY20OCT2217100CE.NFO,13/10/2022,09:15:31,185,185.2,500,185.6,50,2100,1000950
NIFTY20OCT2217100CE.NFO,13/10/2022,09:15:33,186.1,185.2,50,186,250,6800,1000950
NIFTY20OCT2217100CE.NFO,13/10/2022,09:15:34,185.9,185.95,50,186.55,50,2550,1000950
NIFTY20OCT2217100CE.NFO,13/10/2022,09:15:36,185.4,185.4,50,186.1,450,3000,1000950
NIFTY20OCT2217100CE.NFO,13/10/2022,09:15:38,185.95,185.25,400,185.95,300,2950,1000950
NIFTY20OCT2217100CE.NFO,13/10/2022,09:15:39,185.4,185.05,400,185.6,350,1100,1000950
NIFTY20OCT2217100CE.NFO,13/10/2022,09:15:41,185,184.4,50,185,100,7100,1000950
NIFTY20OCT2217100CE.NFO,13/10/2022,09:15:43,183.05,183,50,183.2,100,3250,1000950
NIFTY20OCT2217100CE.NFO,13/10/2022,09:15:44,181.65,181.05,400,181.65,250,4150,1000950
NIFTY20OCT2217100CE.NFO,13/10/2022,09:15:46,181.35,180.7,50,181.35,150,2150,1000950
NIFTY20OCT2217100CE.NFO,13/10/2022,09:15:48,182.35,181.55,50,182.25,300,6100,1000950
NIFTY20OCT2217100CE.NFO,13/10/2022,09:15:49,180.05,180.15,400,180.75,50,1700,1000950
NIFTY20OCT2217100CE.NFO,13/10/2022,09:15:51,178.95,178.85,100,179.25,50,4300,1000950
NIFTY20OCT2217100CE.NFO,13/10/2022,09:15:53,178.7,178.25,400,178.8,550,2450,1000950
NIFTY20OCT2217100CE.NFO,13/10/2022,09:15:54,178.05,178.1,50,178.65,200,3150,1000950
NIFTY20OCT2217100CE.NFO,13/10/2022,09:15:56,177.85,176.95,400,177.5,200,1400,1000950
NIFTY20OCT2217100CE.NFO,13/10/2022,09:15:58,177.65,177.05,400,177.7,400,1350,1000950
NIFTY20OCT2217100CE.NFO,13/10/2022,09:15:59,177.1,176.6,50,177.15,350,1550,1000950
NIFTY20OCT2217100CE.NFO,13/10/2022,09:16:01,175.6,175,1300,175.4,200,6000,1000950
NIFTY20OCT2217100CE.NFO,13/10/2022,09:16:03,176.25,175.95,400,176.4,150,3300,1000950
NIFTY20OCT2217100CE.NFO,13/10/2022,09:16:05,176.35,175.9,150,176.35,250,3800,1000950
NIFTY20OCT2217100CE.NFO,13/10/2022,09:16:06,175,175,100,175.1,300,1900,1000950
NIFTY20OCT2217100CE.NFO,13/10/2022,09:16:08,174.55,174.25,150,174.75,150,3750,1000950
NIFTY20OCT2217100CE.NFO,13/10/2022,09:16:10,176.1,175.7,150,176.1,150,1650,1000950
NIFTY20OCT2217100CE.NFO,13/10/2022,09:16:11,176.3,175.85,150,176.3,100,2350,1000950
NIFTY20OCT2217100CE.NFO,13/10/2022,09:16:13,175.4,175.4,400,175.95,150,1500,1000950
NIFTY20OCT2217100CE.NFO,13/10/2022,09:16:15,175.65,175.6,50,176.05,750,1900,1000950
NIFTY20OCT2217100CE.NFO,13/10/2022,09:16:16,175.3,175.25,150,175.8,350,1550,1000950
NIFTY20OCT2217100CE.NFO,13/10/2022,09:16:18,175.5,175.4,550,175.95,100,800,1000950
NIFTY20OCT2217100CE.NFO,13/10/2022,09:16:20,175.9,175.35,150,175.85,250,2300,1000950
NIFTY20OCT2217100CE.NFO,13/10/2022,09:16:21,175.85,175.6,50,175.95,300,300,1000950
NIFTY20OCT2217100CE.NFO,13/10/2022,09:16:23,175.35,175.1,150,175.65,150,1050,1000950
NIFTY20OCT2217100CE.NFO,13/10/2022,09:16:25,176.8,176.35,150,176.75,50,3850,1000950
NIFTY20OCT2217100CE.NFO,13/10/2022,09:16:26,176.7,176.3,150,176.75,350,2600,1000950
NIFTY20OCT2217100CE.NFO,13/10/2022,09:16:28,177.45,177,50,177.35,150,1900,1000950
NIFTY20OCT2217100CE.NFO,13/10/2022,09:16:30,176.55,176.6,400,177.05,250,3750,1000950
NIFTY20OCT2217100CE.NFO,13/10/2022,09:16:31,178.5,178.6,100,178.8,250,3550,1000950
NIFTY20OCT2217100CE.NFO,13/10/2022,09:16:33,179.45,178.95,150,179.25,200,2050,1000950
NIFTY20OCT2217100CE.NFO,13/10/2022,09:16:35,178.85,178.55,500,179.05,100,4050,1000950
NIFTY20OCT2217100CE.NFO,13/10/2022,09:16:36,180,179.4,50,179.85,100,150,1000950
NIFTY20OCT2217100CE.NFO,13/10/2022,09:16:38,178.25,177.4,100,178.05,350,1150,1000950
NIFTY20OCT2217100CE.NFO,13/10/2022,09:16:40,177.95,177.85,100,177.95,200,1150,1000950
NIFTY20OCT2217100CE.NFO,13/10/2022,09:16:41,176.55,176.35,100,176.7,50,2250,1000950
NIFTY20OCT2217100CE.NFO,13/10/2022,09:16:43,177.2,177,50,177.2,100,950,1000950
NIFTY20OCT2217100CE.NFO,13/10/2022,09:16:45,177.95,177.65,100,177.95,1750,1650,1000950
NIFTY20OCT2217100CE.NFO,13/10/2022,09:16:46,178.85,178.35,100,178.95,750,3100,1000950
NIFTY20OCT2217100CE.NFO,13/10/2022,09:16:48,179.65,179.2,300,179.75,100,2300,1000950
NIFTY20OCT2217100CE.NFO,13/10/2022,09:16:50,180.35,179.85,100,180.35,100,2100,1000950
NIFTY20OCT2217100CE.NFO,13/10/2022,09:16:51,179.7,179.55,100,179.7,250,800,1000950
NIFTY20OCT2217100CE.NFO,13/10/2022,09:16:53,180.95,180.55,100,181.15,100,1850,1000950
NIFTY20OCT2217100CE.NFO,13/10/2022,09:16:55,181.35,180.85,100,181.6,50,1700,1000950
NIFTY20OCT2217100CE.NFO,13/10/2022,09:16:56,180.35,180.25,150,180.55,100,2600,1000950
NIFTY20OCT2217100CE.NFO,13/10/2022,09:16:58,180.8,180.6,50,180.85,100,2500,1000950
NIFTY20OCT2217100CE.NFO,13/10/2022,09:17:00,180.75,180.25,300,180.9,350,2100,1000950
NIFTY20OCT2217100CE.NFO,13/10/2022,09:17:01,180.3,180.15,50,180.6,100,3300,1000950
NIFTY20OCT2217100CE.NFO,13/10/2022,09:17:03,179.8,179.8,50,179.95,50,4050,1000950
NIFTY20OCT2217100CE.NFO,13/10/2022,09:17:05,180.85,180.6,150,181.05,50,4550,1000950
NIFTY20OCT2217100CE.NFO,13/10/2022,09:17:06,180.75,180.6,150,181.15,150,1550,1000950
NIFTY20OCT2217100CE.NFO,13/10/2022,09:17:08,181.4,180.9,100,181.35,350,4450,1000950
NIFTY20OCT2217100CE.NFO,13/10/2022,09:17:10,181.9,181.6,50,181.95,350,4350,1000950
NIFTY20OCT2217100CE.NFO,13/10/2022,09:17:11,181,180.95,150,181.45,500,850,1000950
NIFTY20OCT2217100CE.NFO,13/10/2022,09:17:13,179.35,179.05,150,179.3,50,3050,1000950
NIFTY20OCT2217100CE.NFO,13/10/2022,09:17:15,179.5,179.05,150,179.45,200,1100,1000950
NIFTY20OCT2217100CE.NFO,13/10/2022,09:17:16,180.35,179.95,200,180.4,600,1000,1000950
NIFTY20OCT2217100CE.NFO,13/10/2022,09:17:18,180.1,180.25,350,180.55,50,2800,1000950
NIFTY20OCT2217100CE.NFO,13/10/2022,09:17:20,180.6,180.25,300,180.65,700,900,1000950
NIFTY20OCT2217100CE.NFO,13/10/2022,09:17:21,180.35,180.35,100,180.6,350,2050,1000950
NIFTY20OCT2217100CE.NFO,13/10/2022,09:17:23,180,179.95,250,180.35,950,2000,1000950
NIFTY20OCT2217100CE.NFO,13/10/2022,09:17:25,179.45,179.35,150,179.8,900,2250,1000950
NIFTY20OCT2217100CE.NFO,13/10/2022,09:17:26,178.5,178.5,350,178.85,800,7650,1000950
NIFTY20OCT2217100CE.NFO,13/10/2022,09:17:28,179.05,178.7,50,179.05,100,1300,1000950
NIFTY20OCT2217100CE.NFO,13/10/2022,09:17:30,178.65,178.2,150,178.7,150,1350,1000950
NIFTY20OCT2217100CE.NFO,13/10/2022,09:17:31,179,178.55,50,179,650,350,1000950
NIFTY20OCT2217100CE.NFO,13/10/2022,09:17:33,180.8,180.6,150,180.95,450,1750,1000950
NIFTY20OCT2217100CE.NFO,13/10/2022,09:17:35,181.9,181.6,150,181.95,50,1200,1000950
NIFTY20OCT2217100CE.NFO,13/10/2022,09:17:36,181.6,181.9,50,182,550,550,1000950
NIFTY20OCT2217100CE.NFO,13/10/2022,09:17:38,182.95,182.4,600,182.85,50,2800,1000950
NIFTY20OCT2217100CE.NFO,13/10/2022,09:17:40,183.55,183.55,150,183.95,150,3000,1000950
NIFTY20OCT2217100CE.NFO,13/10/2022,09:17:41,183.8,183.25,450,183.9,350,1100,1000950
NIFTY20OCT2217100CE.NFO,13/10/2022,09:17:43,183.15,182.8,100,183.2,1150,1050,1000950
NIFTY20OCT2217100CE.NFO,13/10/2022,09:17:45,182.35,181.7,50,182.35,250,1950,1069200
NIFTY20OCT2217100CE.NFO,13/10/2022,09:17:46,181.95,181.5,200,181.95,150,1750,1069200
NIFTY20OCT2217100CE.NFO,13/10/2022,09:17:48,182.35,182.2,150,182.7,600,2250,1069200
NIFTY20OCT2217100CE.NFO,13/10/2022,09:17:50,181.95,181.75,200,181.95,50,800,1069200
NIFTY20OCT2217100CE.NFO,13/10/2022,09:17:51,181.6,181,200,181.5,50,4250,1069200
NIFTY20OCT2217100CE.NFO,13/10/2022,09:17:53,181.8,181.4,150,181.9,100,2600,1069200
NIFTY20OCT2217100CE.NFO,13/10/2022,09:17:55,182.2,181.65,500,182.2,400,600,1069200
NIFTY20OCT2217100CE.NFO,13/10/2022,09:17:56,182.2,181.9,50,182.4,1550,600,1069200
NIFTY20OCT2217100CE.NFO,13/10/2022,09:17:58,180.8,180.8,450,181,750,2850,1069200
NIFTY20OCT2217100CE.NFO,13/10/2022,09:18:00,180,180,150,180.4,500,2250,1069200
NIFTY20OCT2217100CE.NFO,13/10/2022,09:18:01,181.1,180.6,100,181,350,1150,1069200
NIFTY20OCT2217100CE.NFO,13/10/2022,09:18:03,181.25,180.7,100,181.05,550,1450,1069200
NIFTY20OCT2217100CE.NFO,13/10/2022,09:18:05,178.85,178.35,50,178.9,50,8950,1069200
NIFTY20OCT2217100CE.NFO,13/10/2022,09:18:06,179.35,179.25,50,179.65,50,2000,1069200
NIFTY20OCT2217100CE.NFO,13/10/2022,09:18:08,179.55,178.8,50,179.55,750,2300,1069200
NIFTY20OCT2217100CE.NFO,13/10/2022,09:18:10,179.35,179.05,150,179.35,300,850,1069200
NIFTY20OCT2217100CE.NFO,13/10/2022,09:18:11,177.5,177.5,100,178.05,150,2750,1069200
NIFTY20OCT2217100CE.NFO,13/10/2022,09:18:13,178.5,178.05,150,178.45,100,10850,1069200
NIFTY20OCT2217100CE.NFO,13/10/2022,09:18:14,176.05,176,150,176.4,350,1600,1069200
NIFTY20OCT2217100CE.NFO,13/10/2022,09:18:16,175.85,175.75,200,176.25,150,2350,1069200
NIFTY20OCT2217100CE.NFO,13/10/2022,09:18:18,175.2,175.15,50,175.5,150,350,1069200
NIFTY20OCT2217100CE.NFO,13/10/2022,09:18:20,176.4,176.15,200,176.65,150,1050,1069200
NIFTY20OCT2217100CE.NFO,13/10/2022,09:18:21,176,175.85,100,176.2,50,1300,1069200
NIFTY20OCT2217100CE.NFO,13/10/2022,09:18:23,175.8,175.2,450,175.7,1150,1600,1069200
NIFTY20OCT2217100CE.NFO,13/10/2022,09:18:25,174.3,174.4,150,174.75,400,4600,1069200
NIFTY20OCT2217100CE.NFO,13/10/2022,09:18:26,174.95,174.4,150,174.8,50,1700,1069200
NIFTY20OCT2217100CE.NFO,13/10/2022,09:18:28,174.65,174.3,150,174.7,350,1550,1069200
NIFTY20OCT2217100CE.NFO,13/10/2022,09:18:30,174.1,173.65,150,174.1,450,2100,1069200
NIFTY20OCT2217100CE.NFO,13/10/2022,09:18:31,173.15,172.65,300,173.15,50,1150,1069200
NIFTY20OCT2217100CE.NFO,13/10/2022,09:18:33,172.55,172.15,200,172.55,750,450,1069200
NIFTY20OCT2217100CE.NFO,13/10/2022,09:18:35,172.5,172.15,250,172.5,150,1700,1069200
NIFTY20OCT2217100CE.NFO,13/10/2022,09:18:36,172.15,172.15,50,172.6,550,1300,1069200
NIFTY20OCT2217100CE.NFO,13/10/2022,09:18:38,173.45,173,250,173.5,100,1550,1069200
NIFTY20OCT2217100CE.NFO,13/10/2022,09:18:40,174.75,174.4,50,174.8,350,1800,1069200
NIFTY20OCT2217100CE.NFO,13/10/2022,09:18:41,175.85,175.6,50,176.1,1000,4550,1069200
NIFTY20OCT2217100CE.NFO,13/10/2022,09:18:43,176.3,176,250,176.35,400,1150,1069200
NIFTY20OCT2217100CE.NFO,13/10/2022,09:18:45,177.75,177.45,100,177.9,200,1150,1069200
NIFTY20OCT2217100CE.NFO,13/10/2022,09:18:46,176.4,176,200,176.55,200,1250,1069200
NIFTY20OCT2217100CE.NFO,13/10/2022,09:18:48,176.5,176.05,200,176.5,200,2450,1069200
NIFTY20OCT2217100CE.NFO,13/10/2022,09:18:50,176.65,176.3,100,176.7,50,3400,1069200
NIFTY20OCT2217100CE.NFO,13/10/2022,09:18:51,176.15,175.9,50,176.15,100,3000,1069200
NIFTY20OCT2217100CE.NFO,13/10/2022,09:18:53,177.05,177,100,177.4,200,3200,1069200
NIFTY20OCT2217100CE.NFO,13/10/2022,09:18:55,177.75,177.45,200,177.85,150,800,1069200
NIFTY20OCT2217100CE.NFO,13/10/2022,09:18:56,180,179.95,50,180.3,50,1500,1069200
NIFTY20OCT2217100CE.NFO,13/10/2022,09:18:58,180.7,180.4,1350,180.85,200,550,1069200
NIFTY20OCT2217100CE.NFO,13/10/2022,09:19:00,180.95,180.55,50,180.95,150,2050,1069200
NIFTY20OCT2217100CE.NFO,13/10/2022,09:19:01,179.4,178.95,150,179.2,50,1700,1069200
NIFTY20OCT2217100CE.NFO,13/10/2022,09:19:03,179.35,179.15,200,179.4,50,1300,1069200
NIFTY20OCT2217100CE.NFO,13/10/2022,09:19:05,178.25,178.15,250,178.6,100,1150,1069200
NIFTY20OCT2217100CE.NFO,13/10/2022,09:19:06,179.2,178.75,100,179.3,250,1150,1069200
NIFTY20OCT2217100CE.NFO,13/10/2022,09:19:08,179.55,179.05,100,179.5,50,3300,1069200
NIFTY20OCT2217100CE.NFO,13/10/2022,09:19:10,179.4,179.05,100,179.4,300,600,1069200
NIFTY20OCT2217100CE.NFO,13/10/2022,09:19:11,179,178.55,100,178.9,50,1400,1069200
NIFTY20OCT2217100CE.NFO,13/10/2022,09:19:13,178.5,178.3,100,178.65,50,1400,1069200
NIFTY20OCT2217100CE.NFO,13/10/2022,09:19:14,177.8,177.25,150,177.8,300,3650,1069200
NIFTY20OCT2217100CE.NFO,13/10/2022,09:19:16,175.05,174.75,50,175.2,50,10200,1069200
NIFTY20OCT2217100CE.NFO,13/10/2022,09:19:18,174.85,174.55,100,174.95,150,3850,1069200
NIFTY20OCT2217100CE.NFO,13/10/2022,09:19:19,175.4,175.5,50,175.55,50,250,1069200
NIFTY20OCT2217100CE.NFO,13/10/2022,09:19:21,175.7,175.5,50,175.9,450,600,1069200
NIFTY20OCT2217100CE.NFO,13/10/2022,09:19:23,177,177.05,50,177.25,800,3600,1069200
NIFTY20OCT2217100CE.NFO,13/10/2022,09:19:24,177.5,177.55,50,177.6,200,1800,1069200
NIFTY20OCT2217100CE.NFO,13/10/2022,09:19:26,176.85,176.45,50,176.85,500,750,1069200
NIFTY20OCT2217100CE.NFO,13/10/2022,09:19:28,175.75,175.5,50,175.85,450,300,1069200
NIFTY20OCT2217100CE.NFO,13/10/2022,09:19:29,175.45,175.45,500,175.8,100,1750,1069200
NIFTY20OCT2217100CE.NFO,13/10/2022,09:19:31,175.9,175.4,100,175.7,900,1000,1069200
NIFTY20OCT2217100CE.NFO,13/10/2022,09:19:33,174.75,174.25,150,174.7,100,1900,1069200
NIFTY20OCT2217100CE.NFO,13/10/2022,09:19:34,173.95,174,200,174.4,100,3950,1069200
NIFTY20OCT2217100CE.NFO,13/10/2022,09:19:36,173.65,173,1600,173.45,100,1150,1069200
NIFTY20OCT2217100CE.NFO,13/10/2022,09:19:38,173.7,173.55,50,173.85,100,2600,1069200
NIFTY20OCT2217100CE.NFO,13/10/2022,09:19:39,173.1,173.15,100,173.5,100,1650,1069200
NIFTY20OCT2217100CE.NFO,13/10/2022,09:19:41,173,172.75,150,173.1,100,1550,1069200
NIFTY20OCT2217100CE.NFO,13/10/2022,09:19:43,172.6,172.4,50,172.6,450,1050,1069200
NIFTY20OCT2217100CE.NFO,13/10/2022,09:19:44,171.9,172.15,50,172.35,800,4500,1069200
NIFTY20OCT2217100CE.NFO,13/10/2022,09:19:46,172.15,171.9,300,172.3,150,2550,1069200
NIFTY20OCT2217100CE.NFO,13/10/2022,09:19:46,171.5,171.9,300,172.3,150,0,1069200
NIFTY20OCT2217100CE.NFO,13/10/2022,09:19:48,171.75,171.4,500,171.85,100,1200,1069200
NIFTY20OCT2217100CE.NFO,13/10/2022,09:19:48,171.45,171.4,500,171.85,100,0,1069200
NIFTY20OCT2217100CE.NFO,13/10/2022,09:19:49,172.35,172.25,100,172.5,50,2050,1069200
NIFTY20OCT2217100CE.NFO,13/10/2022,09:19:51,173.35,173.3,50,173.5,1150,1800,1069200
NIFTY20OCT2217100CE.NFO,13/10/2022,09:19:53,175.1,174.7,50,175,50,1150,1069200
NIFTY20OCT2217100CE.NFO,13/10/2022,09:19:54,176.25,176.05,50,176.3,100,1500,1069200
NIFTY20OCT2217100CE.NFO,13/10/2022,09:19:56,175,174.65,100,175,50,1200,1069200
NIFTY20OCT2217100CE.NFO,13/10/2022,09:19:58,174.75,174.55,100,174.95,100,1600,1069200
NIFTY20OCT2217100CE.NFO,13/10/2022,09:19:59,174.8,174.05,50,174.35,100,1200,1069200
NIFTY20OCT2217100CE.NFO,13/10/2022,09:20:01,174,173.55,100,173.95,100,5650,1069200
NIFTY20OCT2217100CE.NFO,13/10/2022,09:20:03,172.55,172.55,50,172.9,50,1800,1069200
NIFTY20OCT2217100CE.NFO,13/10/2022,09:20:04,174,174.4,100,174.75,50,950,1069200
NIFTY20OCT2217100CE.NFO,13/10/2022,09:20:06,174.75,174.1,100,174.75,600,1400,1069200
NIFTY20OCT2217100CE.NFO,13/10/2022,09:20:08,173.4,173,600,173.55,50,3150,1069200
NIFTY20OCT2217100CE.NFO,13/10/2022,09:20:09,171.8,171.45,200,171.95,200,1650,1069200
NIFTY20OCT2217100CE.NFO,13/10/2022,09:20:11,171.4,171.05,50,171.4,400,1600,1069200
NIFTY20OCT2217100CE.NFO,13/10/2022,09:20:11,171.2,171.05,50,171.4,400,0,1069200
NIFTY20OCT2217100CE.NFO,13/10/2022,09:20:13,171.95,171.85,50,172.2,500,3050,1069200
NIFTY20OCT2217100CE.NFO,13/10/2022,09:20:14,172.7,172.15,50,172.65,1200,2000,1069200
NIFTY20OCT2217100CE.NFO,13/10/2022,09:20:16,172.3,171.95,100,172.3,50,3900,1069200
NIFTY20OCT2217100CE.NFO,13/10/2022,09:20:18,172.35,172.45,50,172.7,150,1200,1069200
NIFTY20OCT2217100CE.NFO,13/10/2022,09:20:19,172.3,172.2,50,172.6,50,1450,1069200
NIFTY20OCT2217100CE.NFO,13/10/2022,09:20:21,172.5,172.4,50,172.8,500,650,1069200
NIFTY20OCT2217100CE.NFO,13/10/2022,09:20:23,173.25,172.7,50,173.15,300,3700,1069200
NIFTY20OCT2217100CE.NFO,13/10/2022,09:20:24,172.5,172.5,400,172.7,50,1600,1069200
NIFTY20OCT2217100CE.NFO,13/10/2022,09:20:26,172.65,172.7,50,173,2800,1900,1069200
NIFTY20OCT2217100CE.NFO,13/10/2022,09:20:28,174.35,173.95,50,174.35,50,6700,1069200
NIFTY20OCT2217100CE.NFO,13/10/2022,09:20:29,174.8,174.8,500,175,2100,3850,1069200
NIFTY20OCT2217100CE.NFO,13/10/2022,09:20:31,173.9,173.25,50,173.65,400,850,1069200
NIFTY20OCT2217100CE.NFO,13/10/2022,09:20:33,173.45,173,1050,173.5,500,5100,1069200
NIFTY20OCT2217100CE.NFO,13/10/2022,09:20:35,173.15,173.05,100,173.4,150,500,1069200
NIFTY20OCT2217100CE.NFO,13/10/2022,09:20:36,173.5,173.2,50,173.5,100,3700,1069200
NIFTY20OCT2217100CE.NFO,13/10/2022,09:20:38,174.65,174.05,200,174.55,550,450,1069200
NIFTY20OCT2217100CE.NFO,13/10/2022,09:20:40,173.9,173.6,1050,174.15,500,500,1069200
NIFTY20OCT2217100CE.NFO,13/10/2022,09:20:41,173.95,173.85,100,174.05,2300,50,1139700
NIFTY20OCT2217100CE.NFO,13/10/2022,09:20:43,174.1,173.65,200,174.1,150,4200,1139700
NIFTY20OCT2217100CE.NFO,13/10/2022,09:20:45,174.95,174.55,50,174.95,150,1100,1139700
NIFTY20OCT2217100CE.NFO,13/10/2022,09:20:46,174.95,174.05,50,174.45,50,250,1139700
NIFTY20OCT2217100CE.NFO,13/10/2022,09:20:48,174.8,174.5,350,174.9,150,1050,1139700
NIFTY20OCT2217100CE.NFO,13/10/2022,09:20:50,174.6,174.35,550,174.75,50,1550,1139700
NIFTY20OCT2217100CE.NFO,13/10/2022,09:20:51,173.7,173.9,150,174.3,400,4350,1139700
NIFTY20OCT2217100CE.NFO,13/10/2022,09:20:53,174.15,173.85,450,174.35,50,1300,1139700
NIFTY20OCT2217100CE.NFO,13/10/2022,09:20:55,173.05,172.8,150,173.1,50,1300,1139700
NIFTY20OCT2217100CE.NFO,13/10/2022,09:20:56,173.05,172.75,50,173.05,50,700,1139700
NIFTY20OCT2217100CE.NFO,13/10/2022,09:20:58,172.5,172.55,400,172.6,300,1750,1139700
NIFTY20OCT2217100CE.NFO,13/10/2022,09:21:00,172.75,172.75,150,173.25,400,2350,1139700
NIFTY20OCT2217100CE.NFO,13/10/2022,09:21:01,173.2,172.8,700,173.2,100,550,1139700
NIFTY20OCT2217100CE.NFO,13/10/2022,09:21:03,173.15,172.65,150,173.05,200,1450,1139700
NIFTY20OCT2217100CE.NFO,13/10/2022,09:21:05,172.15,172,200,172.15,50,3100,1139700
NIFTY20OCT2217100CE.NFO,13/10/2022,09:21:06,172.1,171.6,150,171.95,100,800,1139700
NIFTY20OCT2217100CE.NFO,13/10/2022,09:21:08,172.6,172.35,200,172.65,150,6450,1139700
NIFTY20OCT2217100CE.NFO,13/10/2022,09:21:10,173.5,172.8,400,173.25,150,50,1139700
NIFTY20OCT2217100CE.NFO,13/10/2022,09:21:11,174.15,173.5,100,173.85,150,1100,1139700
NIFTY20OCT2217100CE.NFO,13/10/2022,09:21:13,173.65,173.35,250,173.6,50,3400,1139700
NIFTY20OCT2217100CE.NFO,13/10/2022,09:21:15,173.55,173.15,150,173.35,50,350,1139700
NIFTY20OCT2217100CE.NFO,13/10/2022,09:21:16,173.85,173.5,150,173.9,50,300,1139700
NIFTY20OCT2217100CE.NFO,13/10/2022,09:21:18,173.95,173.7,200,174,300,850,1139700
NIFTY20OCT2217100CE.NFO,13/10/2022,09:21:20,174.2,174,100,174.4,500,1150,1139700
NIFTY20OCT2217100CE.NFO,13/10/2022,09:21:21,173.5,173.2,150,173.5,100,1850,1139700
NIFTY20OCT2217100CE.NFO,13/10/2022,09:21:23,174.15,173.8,100,174.2,350,250,1139700
NIFTY20OCT2217100CE.NFO,13/10/2022,09:21:25,174.35,174.5,200,174.85,150,200,1139700
NIFTY20OCT2217100CE.NFO,13/10/2022,09:21:26,174.85,174.45,100,174.8,350,200,1139700
NIFTY20OCT2217100CE.NFO,13/10/2022,09:21:28,174.7,174.3,250,174.75,150,900,1139700
NIFTY20OCT2217100CE.NFO,13/10/2022,09:21:30,175.65,175.95,250,176,1000,2200,1139700
NIFTY20OCT2217100CE.NFO,13/10/2022,09:21:31,175.75,175.35,100,175.75,150,3000,1139700
NIFTY20OCT2217100CE.NFO,13/10/2022,09:21:33,174.55,174.45,200,174.85,50,750,1139700
NIFTY20OCT2217100CE.NFO,13/10/2022,09:21:35,175.35,174.65,550,175.1,350,400,1139700
NIFTY20OCT2217100CE.NFO,13/10/2022,09:21:36,174.3,174.05,50,174.35,50,1150,1139700
NIFTY20OCT2217100CE.NFO,13/10/2022,09:21:38,174.05,173.7,350,174.05,800,3200,1139700
NIFTY20OCT2217100CE.NFO,13/10/2022,09:21:40,173.7,173.6,100,173.85,1050,3450,1139700
NIFTY20OCT2217100CE.NFO,13/10/2022,09:21:41,175.15,174.75,50,175.15,950,1150,1139700
NIFTY20OCT2217100CE.NFO,13/10/2022,09:21:43,174.2,173.85,50,174.2,950,900,1139700
NIFTY20OCT2217100CE.NFO,13/10/2022,09:21:45,172.65,172.55,150,172.65,400,5350,1139700
NIFTY20OCT2217100CE.NFO,13/10/2022,09:21:46,172.55,172.4,50,172.55,900,2950,1139700
NIFTY20OCT2217100CE.NFO,13/10/2022,09:21:48,172.35,172.2,1500,172.55,50,5750,1139700
NIFTY20OCT2217100CE.NFO,13/10/2022,09:21:50,172.6,172.6,50,173,200,5250,1139700
NIFTY20OCT2217100CE.NFO,13/10/2022,09:21:51,172,171.5,100,171.8,150,1850,1139700
NIFTY20OCT2217100CE.NFO,13/10/2022,09:21:53,172,171.6,800,171.9,200,350,1139700
NIFTY20OCT2217100CE.NFO,13/10/2022,09:21:55,171.7,171.45,50,171.8,150,3850,1139700
NIFTY20OCT2217100CE.NFO,13/10/2022,09:21:55,170.85,171.45,50,171.8,150,0,1139700
NIFTY20OCT2217100CE.NFO,13/10/2022,09:21:56,171.5,171.45,350,171.9,150,3400,1139700
NIFTY20OCT2217100CE.NFO,13/10/2022,09:21:58,171.9,171.5,150,171.95,100,1100,1139700
NIFTY20OCT2217100CE.NFO,13/10/2022,09:22:00,171.75,171.85,1000,172.1,100,1250,1139700
NIFTY20OCT2217100CE.NFO,13/10/2022,09:22:01,170.65,170.65,350,171.05,150,900,1139700
NIFTY20OCT2217100CE.NFO,13/10/2022,09:22:01,170.5,170.65,350,171.05,150,0,1139700
NIFTY20OCT2217100CE.NFO,13/10/2022,09:22:03,170.6,170.15,150,170.6,50,1350,1139700
NIFTY20OCT2217100CE.NFO,13/10/2022,09:22:03,170.05,170.15,150,170.6,50,0,1139700
NIFTY20OCT2217100CE.NFO,13/10/2022,09:22:05,168.75,168.7,100,169.05,50,11500,1139700
NIFTY20OCT2217100CE.NFO,13/10/2022,09:22:05,168.75,168.7,100,169.05,50,0,1139700
NIFTY20OCT2217100CE.NFO,13/10/2022,09:22:06,168.35,168.35,50,168.55,550,1450,1139700
NIFTY20OCT2217100CE.NFO,13/10/2022,09:22:06,168,168.35,50,168.55,550,0,1139700
NIFTY20OCT2217100CE.NFO,13/10/2022,09:22:08,169.55,169.55,150,169.8,50,2500,1139700
NIFTY20OCT2217100CE.NFO,13/10/2022,09:22:10,168.6,168.5,400,168.65,50,3150,1139700
NIFTY20OCT2217100CE.NFO,13/10/2022,09:22:11,169,168.75,350,169.2,100,1700,1139700
NIFTY20OCT2217100CE.NFO,13/10/2022,09:22:13,169.95,169.85,250,170.25,100,3700,1139700
NIFTY20OCT2217100CE.NFO,13/10/2022,09:22:14,169.2,169.25,100,169.65,250,1450,1139700
NIFTY20OCT2217100CE.NFO,13/10/2022,09:22:16,169.3,168.95,100,169.35,150,1850,1139700
NIFTY20OCT2217100CE.NFO,13/10/2022,09:22:18,168.75,169.1,100,169.3,50,50,1139700
NIFTY20OCT2217100CE.NFO,13/10/2022,09:22:19,171.25,171.1,50,171.5,100,1850,1139700
NIFTY20OCT2217100CE.NFO,13/10/2022,09:22:21,170.3,170,50,170.35,50,3100,1139700
NIFTY20OCT2217100CE.NFO,13/10/2022,09:22:23,170.4,170.15,50,170.2,50,300,1139700
NIFTY20OCT2217100CE.NFO,13/10/2022,09:22:24,170.1,169.5,50,169.8,250,1100,1139700
NIFTY20OCT2217100CE.NFO,13/10/2022,09:22:26,169.85,169.85,50,170.1,350,900,1139700
NIFTY20OCT2217100CE.NFO,13/10/2022,09:22:28,169.2,169.2,700,169.55,250,2050,1139700
NIFTY20OCT2217100CE.NFO,13/10/2022,09:22:29,169.4,169.15,50,169.25,50,5300,1139700
NIFTY20OCT2217100CE.NFO,13/10/2022,09:22:31,168.8,169.2,50,169.45,150,550,1139700
NIFTY20OCT2217100CE.NFO,13/10/2022,09:22:33,169.25,169,50,169.25,50,450,1139700
NIFTY20OCT2217100CE.NFO,13/10/2022,09:22:34,169.8,169.5,100,169.8,50,1050,1139700
NIFTY20OCT2217100CE.NFO,13/10/2022,09:22:36,169.55,169.55,100,169.95,200,650,1139700
NIFTY20OCT2217100CE.NFO,13/10/2022,09:22:38,170.75,170.6,150,171,50,2500,1139700
NIFTY20OCT2217100CE.NFO,13/10/2022,09:22:40,170.85,170.35,100,170.7,100,250,1139700
NIFTY20OCT2217100CE.NFO,13/10/2022,09:22:41,170.25,170.2,250,170.55,50,1850,1139700
NIFTY20OCT2217100CE.NFO,13/10/2022,09:22:43,170.65,170.75,500,171,250,900,1139700
NIFTY20OCT2217100CE.NFO,13/10/2022,09:22:45,170.7,170.15,350,170.55,150,900,1139700
NIFTY20OCT2217100CE.NFO,13/10/2022,09:22:46,170.4,170.1,1800,170.5,50,2300,1139700
NIFTY20OCT2217100CE.NFO,13/10/2022,09:22:48,170.45,170.55,250,171,100,1600,1139700
NIFTY20OCT2217100CE.NFO,13/10/2022,09:22:50,170.7,170.55,1350,171,350,200,1139700
NIFTY20OCT2217100CE.NFO,13/10/2022,09:22:51,171.05,171,50,171.35,100,1400,1139700
NIFTY20OCT2217100CE.NFO,13/10/2022,09:22:53,172.95,172.65,200,173.15,100,2400,1139700
NIFTY20OCT2217100CE.NFO,13/10/2022,09:22:55,172.8,172.8,100,173,50,250,1139700
NIFTY20OCT2217100CE.NFO,13/10/2022,09:22:56,174,173.95,1950,174.3,50,450,1139700
NIFTY20OCT2217100CE.NFO,13/10/2022,09:22:58,174.55,174.1,450,174.45,100,1450,1139700
NIFTY20OCT2217100CE.NFO,13/10/2022,09:23:00,172.95,173.1,50,173.5,100,1950,1139700
NIFTY20OCT2217100CE.NFO,13/10/2022,09:23:01,173.55,173.75,600,173.95,400,1450,1139700
NIFTY20OCT2217100CE.NFO,13/10/2022,09:23:03,174.35,173.85,1200,174.35,150,1550,1139700
NIFTY20OCT2217100CE.NFO,13/10/2022,09:23:05,174,174.15,950,174.4,50,650,1139700
NIFTY20OCT2217100CE.NFO,13/10/2022,09:23:06,174,173.75,250,174.25,200,1500,1139700
NIFTY20OCT2217100CE.NFO,13/10/2022,09:23:08,173.2,173.2,100,173.6,50,4500,1139700
NIFTY20OCT2217100CE.NFO,13/10/2022,09:23:10,173.15,173.1,600,173.45,50,1650,1139700
NIFTY20OCT2217100CE.NFO,13/10/2022,09:23:11,174.05,174.1,200,174.55,200,2600,1139700
NIFTY20OCT2217100CE.NFO,13/10/2022,09:23:13,174,174,600,174.1,50,8950,1139700
NIFTY20OCT2217100CE.NFO,13/10/2022,09:23:15,174.15,174,300,174.35,200,3350,1139700
NIFTY20OCT2217100CE.NFO,13/10/2022,09:23:16,175.6,175.15,200,175.55,50,2250,1139700
NIFTY20OCT2217100CE.NFO,13/10/2022,09:23:18,175.6,175.15,200,175.45,450,600,1139700
NIFTY20OCT2217100CE.NFO,13/10/2022,09:23:20,175.55,175.6,900,176,900,3150,1139700
NIFTY20OCT2217100CE.NFO,13/10/2022,09:23:21,175.3,175.35,600,175.6,50,2150,1139700
NIFTY20OCT2217100CE.NFO,13/10/2022,09:23:23,174.65,174.3,550,174.6,50,1550,1139700
NIFTY20OCT2217100CE.NFO,13/10/2022,09:23:25,175.05,174.85,300,175.15,200,750,1139700
NIFTY20OCT2217100CE.NFO,13/10/2022,09:23:26,175.15,174.75,350,175.15,200,750,1139700
NIFTY20OCT2217100CE.NFO,13/10/2022,09:23:28,174.8,174.35,200,174.8,100,3600,1139700
NIFTY20OCT2217100CE.NFO,13/10/2022,09:23:30,175.05,174.8,200,175.15,200,1150,1139700
NIFTY20OCT2217100CE.NFO,13/10/2022,09:23:31,175.85,175.95,50,176.3,150,3550,1139700
NIFTY20OCT2217100CE.NFO,13/10/2022,09:23:33,177.2,177.1,350,177.5,200,2950,1139700
NIFTY20OCT2217100CE.NFO,13/10/2022,09:23:35,176.7,176.65,300,177.05,200,1750,1139700
NIFTY20OCT2217100CE.NFO,13/10/2022,09:23:36,177.3,177.25,150,177.65,200,1350,1139700
NIFTY20OCT2217100CE.NFO,13/10/2022,09:23:38,177.75,177.2,150,177.6,200,7400,1139700
NIFTY20OCT2217100CE.NFO,13/10/2022,09:23:40,175.65,175.65,50,176.1,100,5300,1139700
NIFTY20OCT2217100CE.NFO,13/10/2022,09:23:41,177.1,176.65,150,177.05,150,1600,1139700
NIFTY20OCT2217100CE.NFO,13/10/2022,09:23:43,176.35,176.05,400,176.45,50,2900,1224400
NIFTY20OCT2217100CE.NFO,13/10/2022,09:23:45,175.55,175.55,400,175.9,50,450,1224400
NIFTY20OCT2217100CE.NFO,13/10/2022,09:23:46,175.45,175.4,350,175.45,50,1750,1224400
NIFTY20OCT2217100CE.NFO,13/10/2022,09:23:48,175.95,175.95,300,176.25,150,2150,1224400
NIFTY20OCT2217100CE.NFO,13/10/2022,09:23:50,176.3,176.25,350,176.4,100,550,1224400
NIFTY20OCT2217100CE.NFO,13/10/2022,09:23:51,176.55,176.6,50,176.95,150,1950,1224400
NIFTY20OCT2217100CE.NFO,13/10/2022,09:23:53,177.15,177.15,200,177.45,50,2300,1224400
NIFTY20OCT2217100CE.NFO,13/10/2022,09:23:55,177.7,177.6,800,177.95,150,600,1224400
NIFTY20OCT2217100CE.NFO,13/10/2022,09:23:56,177.95,178,900,178.45,200,4250,1224400
NIFTY20OCT2217100CE.NFO,13/10/2022,09:23:58,178.7,178.55,50,178.8,150,3250,1224400
NIFTY20OCT2217100CE.NFO,13/10/2022,09:24:00,178.65,178.6,50,178.85,250,7200,1224400
NIFTY20OCT2217100CE.NFO,13/10/2022,09:24:01,179.25,178.9,50,179.25,350,1000,1224400
NIFTY20OCT2217100CE.NFO,13/10/2022,09:24:03,178.9,178.65,300,178.9,50,3300,1224400
NIFTY20OCT2217100CE.NFO,13/10/2022,09:24:05,179.25,179.1,50,179.25,600,1600,1224400
NIFTY20OCT2217100CE.NFO,13/10/2022,09:24:06,178.8,178.4,600,178.8,50,2650,1224400
NIFTY20OCT2217100CE.NFO,13/10/2022,09:24:08,179,178.8,300,179,200,2200,1224400
NIFTY20OCT2217100CE.NFO,13/10/2022,09:24:10,178.85,178.9,50,179,200,2000,1224400
NIFTY20OCT2217100CE.NFO,13/10/2022,09:24:11,178.4,178.2,150,178.4,300,3200,1224400
NIFTY20OCT2217100CE.NFO,13/10/2022,09:24:13,178.1,178.05,750,178.5,50,3650,1224400
NIFTY20OCT2217100CE.NFO,13/10/2022,09:24:14,178,178.05,50,178.4,50,2100,1224400
NIFTY20OCT2217100CE.NFO,13/10/2022,09:24:16,178.4,178.2,400,178.45,100,1350,1224400
NIFTY20OCT2217100CE.NFO,13/10/2022,09:24:18,177.95,177.6,1200,177.95,150,1700,1224400
NIFTY20OCT2217100CE.NFO,13/10/2022,09:24:19,177.75,177.1,400,177.45,50,1900,1224400
NIFTY20OCT2217100CE.NFO,13/10/2022,09:24:21,176.9,176.8,900,177.15,150,1200,1224400
NIFTY20OCT2217100CE.NFO,13/10/2022,09:24:23,176.8,176.4,800,176.75,100,1400,1224400
NIFTY20OCT2217100CE.NFO,13/10/2022,09:24:24,175.4,175.35,50,175.7,150,4200,1224400
NIFTY20OCT2217100CE.NFO,13/10/2022,09:24:26,176.05,176.05,50,176.4,200,3100,1224400
NIFTY20OCT2217100CE.NFO,13/10/2022,09:24:28,177.4,177.4,50,177.85,150,1150,1224400
NIFTY20OCT2217100CE.NFO,13/10/2022,09:24:29,177.5,177.35,50,177.8,550,4100,1224400
NIFTY20OCT2217100CE.NFO,13/10/2022,09:24:31,177.7,177.75,50,178,50,750,1224400
NIFTY20OCT2217100CE.NFO,13/10/2022,09:24:33,178.05,178,300,178.45,100,750,1224400
NIFTY20OCT2217100CE.NFO,13/10/2022,09:24:34,178.8,178.45,50,178.5,100,600,1224400
NIFTY20OCT2217100CE.NFO,13/10/2022,09:24:36,178.65,178.3,850,178.55,50,450,1224400
NIFTY20OCT2217100CE.NFO,13/10/2022,09:24:38,178.75,178.55,50,178.8,2550,450,1224400
NIFTY20OCT2217100CE.NFO,13/10/2022,09:24:39,179,178.9,100,179,1350,3100,1224400
NIFTY20OCT2217100CE.NFO,13/10/2022,09:24:41,179.9,179.85,100,179.9,50,6800,1224400
NIFTY20OCT2217100CE.NFO,13/10/2022,09:24:43,180.2,180.15,150,180.6,50,5850,1224400
NIFTY20OCT2217100CE.NFO,13/10/2022,09:24:44,180.55,180.05,100,180.55,150,1350,1224400
NIFTY20OCT2217100CE.NFO,13/10/2022,09:24:46,180.55,180.55,200,180.95,100,1850,1224400
NIFTY20OCT2217100CE.NFO,13/10/2022,09:24:48,180.65,180.65,100,181,50,3400,1224400
NIFTY20OCT2217100CE.NFO,13/10/2022,09:24:49,181.6,181.6,1100,182,3700,3550,1224400
NIFTY20OCT2217100CE.NFO,13/10/2022,09:24:51,181.9,181.45,900,181.95,100,6100,1224400
NIFTY20OCT2217100CE.NFO,13/10/2022,09:24:53,181.05,181.15,400,181.55,100,2800,1224400
NIFTY20OCT2217100CE.NFO,13/10/2022,09:24:54,180.1,180.2,550,180.55,100,3900,1224400
NIFTY20OCT2217100CE.NFO,13/10/2022,09:24:56,180.4,180.05,50,180.45,100,2800,1224400
NIFTY20OCT2217100CE.NFO,13/10/2022,09:24:58,181.1,180.7,100,181.1,50,3750,1224400
NIFTY20OCT2217100CE.NFO,13/10/2022,09:25:00,181.5,181.2,900,181.7,350,2100,1224400
NIFTY20OCT2217100CE.NFO,13/10/2022,09:25:01,181.15,181.15,50,181.55,100,2750,1224400
NIFTY20OCT2217100CE.NFO,13/10/2022,09:25:03,180.95,180.6,150,181.1,450,800,1224400
NIFTY20OCT2217100CE.NFO,13/10/2022,09:25:05,181.2,180.7,850,181.1,150,1900,1224400
NIFTY20OCT2217100CE.NFO,13/10/2022,09:25:06,180.35,180.45,850,180.9,100,2350,1224400
NIFTY20OCT2217100CE.NFO,13/10/2022,09:25:08,179.5,179.45,600,179.75,150,4400,1224400
NIFTY20OCT2217100CE.NFO,13/10/2022,09:25:10,178.4,178.4,50,178.75,350,2000,1224400
NIFTY20OCT2217100CE.NFO,13/10/2022,09:25:11,179.4,179.45,50,179.85,150,3350,1224400
NIFTY20OCT2217100CE.NFO,13/10/2022,09:25:13,178.9,178.8,600,179.25,150,1800,1224400
NIFTY20OCT2217100CE.NFO,13/10/2022,09:25:15,179.8,179.7,400,180.15,150,1050,1224400
NIFTY20OCT2217100CE.NFO,13/10/2022,09:25:16,179.5,179.35,350,179.7,150,1700,1224400
NIFTY20OCT2217100CE.NFO,13/10/2022,09:25:18,179.65,179.6,250,179.95,150,2200,1224400
NIFTY20OCT2217100CE.NFO,13/10/2022,09:25:20,180.05,179.6,850,180.05,100,750,1224400
NIFTY20OCT2217100CE.NFO,13/10/2022,09:25:21,179.35,179.35,100,179.6,200,1050,1224400
NIFTY20OCT2217100CE.NFO,13/10/2022,09:25:23,179.6,179.25,600,179.6,150,1500,1224400
NIFTY20OCT2217100CE.NFO,13/10/2022,09:25:25,179.8,179.8,150,180.2,50,1100,1224400
NIFTY20OCT2217100CE.NFO,13/10/2022,09:25:26,180.35,180.45,100,180.85,200,850,1224400
NIFTY20OCT2217100CE.NFO,13/10/2022,09:25:28,181.5,181.7,150,182,750,3700,1224400
NIFTY20OCT2217100CE.NFO,13/10/2022,09:25:30,182.05,182,550,182.5,300,3800,1224400
NIFTY20OCT2217100CE.NFO,13/10/2022,09:25:31,181.45,181.4,900,181.75,150,1850,1224400
NIFTY20OCT2217100CE.NFO,13/10/2022,09:25:33,182,181.85,950,182.3,50,20200,1224400
NIFTY20OCT2217100CE.NFO,13/10/2022,09:25:35,181.75,181.65,1950,181.95,200,4950,1224400
NIFTY20OCT2217100CE.NFO,13/10/2022,09:25:36,182.1,182.1,800,182.55,300,1300,1224400
NIFTY20OCT2217100CE.NFO,13/10/2022,09:25:38,182.75,182.25,650,182.75,200,2900,1224400
NIFTY20OCT2217100CE.NFO,13/10/2022,09:25:40,182.65,182.25,1100,182.65,200,2400,1224400
NIFTY20OCT2217100CE.NFO,13/10/2022,09:25:41,182.5,182.5,50,182.9,250,1150,1224400
NIFTY20OCT2217100CE.NFO,13/10/2022,09:25:43,182.95,182.85,50,183,250,850,1224400
NIFTY20OCT2217100CE.NFO,13/10/2022,09:25:45,182.7,182.7,150,183.05,250,1350,1224400
NIFTY20OCT2217100CE.NFO,13/10/2022,09:25:46,183,182.7,300,183.15,50,5000,1224400
NIFTY20OCT2217100CE.NFO,13/10/2022,09:25:48,182.95,182.9,100,183.3,200,3450,1224400
NIFTY20OCT2217100CE.NFO,13/10/2022,09:25:50,182.95,183.05,450,183.55,300,2200,1224400
NIFTY20OCT2217100CE.NFO,13/10/2022,09:25:51,181.65,181.6,250,181.85,100,3250,1224400
NIFTY20OCT2217100CE.NFO,13/10/2022,09:25:53,181.9,181.9,450,182.3,50,1600,1224400
NIFTY20OCT2217100CE.NFO,13/10/2022,09:25:55,182.7,182.4,900,182.9,550,1800,1224400
NIFTY20OCT2217100CE.NFO,13/10/2022,09:25:56,183.15,183.15,50,183.25,250,1850,1224400
NIFTY20OCT2217100CE.NFO,13/10/2022,09:25:58,182.8,182.5,250,182.9,50,1100,1224400
NIFTY20OCT2217100CE.NFO,13/10/2022,09:26:00,182.45,182,50,182.3,50,1100,1224400
NIFTY20OCT2217100CE.NFO,13/10/2022,09:26:01,181.25,181.1,600,181.5,250,2600,1224400
NIFTY20OCT2217100CE.NFO,13/10/2022,09:26:03,180.45,180.45,100,180.8,50,4700,1224400
NIFTY20OCT2217100CE.NFO,13/10/2022,09:26:05,181.45,181.45,750,181.9,50,2450,1224400
NIFTY20OCT2217100CE.NFO,13/10/2022,09:26:06,181.95,181.5,200,181.95,50,3450,1224400
NIFTY20OCT2217100CE.NFO,13/10/2022,09:26:08,181.4,181.35,150,181.85,100,450,1224400
NIFTY20OCT2217100CE.NFO,13/10/2022,09:26:10,181.85,181.75,200,182.15,100,50,1224400
NIFTY20OCT2217100CE.NFO,13/10/2022,09:26:11,180.2,180.5,150,180.9,50,1200,1224400
NIFTY20OCT2217100CE.NFO,13/10/2022,09:26:13,180.9,180.45,150,180.9,100,2850,1224400
NIFTY20OCT2217100CE.NFO,13/10/2022,09:26:15,179.65,179.65,150,180,3000,2550,1224400
NIFTY20OCT2217100CE.NFO,13/10/2022,09:26:16,179.85,179.35,150,179.65,100,50,1224400
NIFTY20OCT2217100CE.NFO,13/10/2022,09:26:18,179,179,300,179.3,150,2100,1224400
NIFTY20OCT2217100CE.NFO,13/10/2022,09:26:20,180,180,1000,180.2,50,3850,1224400
NIFTY20OCT2217100CE.NFO,13/10/2022,09:26:21,180.25,179.85,1000,180.25,100,2250,1224400
NIFTY20OCT2217100CE.NFO,13/10/2022,09:26:23,180,179.85,750,180,150,850,1224400
NIFTY20OCT2217100CE.NFO,13/10/2022,09:26:25,180.55,180.1,250,180.55,200,800,1224400
NIFTY20OCT2217100CE.NFO,13/10/2022,09:26:26,180.25,180,200,180.5,450,1950,1224400
NIFTY20OCT2217100CE.NFO,13/10/2022,09:26:28,180.05,180.2,200,180.7,150,5000,1224400
NIFTY20OCT2217100CE.NFO,13/10/2022,09:26:30,180.25,179.9,300,180.35,150,1150,1224400
NIFTY20OCT2217100CE.NFO,13/10/2022,09:26:31,180.1,179.85,200,180.3,450,2100,1224400
NIFTY20OCT2217100CE.NFO,13/10/2022,09:26:33,179.85,179.55,150,179.95,150,900,1224400
NIFTY20OCT2217100CE.NFO,13/10/2022,09:26:35,179.95,179.3,150,179.8,100,1850,1224400
NIFTY20OCT2217100CE.NFO,13/10/2022,09:26:36,179.5,179.3,100,179.75,50,1150,1224400
NIFTY20OCT2217100CE.NFO,13/10/2022,09:26:38,179.85,179.4,950,179.85,50,500,1224400
NIFTY20OCT2217100CE.NFO,13/10/2022,09:26:40,180.1,179.6,1000,180.05,100,1050,1224400
NIFTY20OCT2217100CE.NFO,13/10/2022,09:26:41,179.3,179.1,800,179.55,150,3650,1302050
NIFTY20OCT2217100CE.NFO,13/10/2022,09:26:43,179.6,179.4,100,179.6,150,300,1302050
NIFTY20OCT2217100CE.NFO,13/10/2022,09:26:45,178.45,178.55,50,178.95,100,2950,1302050
NIFTY20OCT2217100CE.NFO,13/10/2022,09:26:46,178,177.5,300,178,850,4200,1302050
NIFTY20OCT2217100CE.NFO,13/10/2022,09:26:48,177.1,177.1,100,177.5,50,5000,1302050
NIFTY20OCT2217100CE.NFO,13/10/2022,09:26:50,177.45,177.5,50,177.85,100,6150,1302050
NIFTY20OCT2217100CE.NFO,13/10/2022,09:26:51,177.6,177.05,100,177.55,400,5550,1302050
NIFTY20OCT2217100CE.NFO,13/10/2022,09:26:53,176.5,176.15,150,176.65,400,350,1302050
NIFTY20OCT2217100CE.NFO,13/10/2022,09:26:55,176.85,176.9,100,177.3,50,2250,1302050
NIFTY20OCT2217100CE.NFO,13/10/2022,09:26:56,176.8,176.65,600,176.8,100,250,1302050
NIFTY20OCT2217100CE.NFO,13/10/2022,09:26:58,175.9,175.9,50,176.35,100,1800,1302050
NIFTY20OCT2217100CE.NFO,13/10/2022,09:27:00,176.6,176.25,100,176.6,300,700,1302050
NIFTY20OCT2217100CE.NFO,13/10/2022,09:27:01,174.85,174.95,100,175.4,100,3550,1302050
NIFTY20OCT2217100CE.NFO,13/10/2022,09:27:03,174.7,174.8,200,175.3,150,4100,1302050
NIFTY20OCT2217100CE.NFO,13/10/2022,09:27:05,175.3,175,400,175.45,50,1200,1302050
NIFTY20OCT2217100CE.NFO,13/10/2022,09:27:06,174.85,174.55,100,174.9,150,1650,1302050
NIFTY20OCT2217100CE.NFO,13/10/2022,09:27:08,174.55,174.1,100,174.55,100,750,1302050
NIFTY20OCT2217100CE.NFO,13/10/2022,09:27:10,173.15,172.6,50,173.1,50,7850,1302050
NIFTY20OCT2217100CE.NFO,13/10/2022,09:27:11,171.1,171.05,1450,171.55,50,6400,1302050
NIFTY20OCT2217100CE.NFO,13/10/2022,09:27:13,171.7,171.1,50,171.55,300,4850,1302050
NIFTY20OCT2217100CE.NFO,13/10/2022,09:27:15,173.4,173.4,50,173.8,50,4400,1302050
NIFTY20OCT2217100CE.NFO,13/10/2022,09:27:17,172.75,172.25,50,172.7,150,3100,1302050
NIFTY20OCT2217100CE.NFO,13/10/2022,09:27:18,171.85,171.4,50,171.85,100,850,1302050
NIFTY20OCT2217100CE.NFO,13/10/2022,09:27:20,171.55,171.1,50,171.5,450,5650,1302050
NIFTY20OCT2217100CE.NFO,13/10/2022,09:27:22,171.2,171.1,50,171.5,200,2150,1302050
NIFTY20OCT2217100CE.NFO,13/10/2022,09:27:23,171.6,171.75,50,172.25,500,6400,1302050
NIFTY20OCT2217100CE.NFO,13/10/2022,09:27:25,171.7,171.35,150,171.9,750,550,1302050
NIFTY20OCT2217100CE.NFO,13/10/2022,09:27:27,171.6,171.05,150,171.5,350,700,1302050
NIFTY20OCT2217100CE.NFO,13/10/2022,09:27:28,171.25,170.85,50,171,2800,5250,1302050
NIFTY20OCT2217100CE.NFO,13/10/2022,09:27:30,170.8,170.65,50,171,1800,1300,1302050
NIFTY20OCT2217100CE.NFO,13/10/2022,09:27:32,171,170.65,400,171,1350,1100,1302050
NIFTY20OCT2217100CE.NFO,13/10/2022,09:27:33,170.6,170.15,150,170.6,50,4350,1302050
NIFTY20OCT2217100CE.NFO,13/10/2022,09:27:35,170.95,170.45,50,170.8,50,6200,1302050
NIFTY20OCT2217100CE.NFO,13/10/2022,09:27:37,170.7,170.35,150,170.75,150,5250,1302050
NIFTY20OCT2217100CE.NFO,13/10/2022,09:27:38,170.75,170.75,50,171,1150,500,1302050
NIFTY20OCT2217100CE.NFO,13/10/2022,09:27:40,170.15,170.15,100,170.55,50,2100,1302050
NIFTY20OCT2217100CE.NFO,13/10/2022,09:27:42,170.1,170.05,150,170.1,1950,1550,1302050
NIFTY20OCT2217100CE.NFO,13/10/2022,09:27:43,170.55,170.45,1450,170.85,50,5000,1302050
NIFTY20OCT2217100CE.NFO,13/10/2022,09:27:45,170.85,170.35,150,170.75,150,1450,1302050
NIFTY20OCT2217100CE.NFO,13/10/2022,09:27:47,170.4,170.4,150,170.5,350,1800,1302050
NIFTY20OCT2217100CE.NFO,13/10/2022,09:27:48,170.25,170.4,150,170.85,200,2850,1302050
NIFTY20OCT2217100CE.NFO,13/10/2022,09:27:50,170.5,170.45,200,170.9,200,2200,1302050
NIFTY20OCT2217100CE.NFO,13/10/2022,09:27:52,170.5,170.05,150,170.5,300,450,1302050
NIFTY20OCT2217100CE.NFO,13/10/2022,09:27:53,170.05,170,4300,170.05,2700,650,1302050
NIFTY20OCT2217100CE.NFO,13/10/2022,09:27:55,170,170,4350,170.4,150,3100,1302050
NIFTY20OCT2217100CE.NFO,13/10/2022,09:27:57,170.25,170.2,300,170.7,550,3350,1302050
NIFTY20OCT2217100CE.NFO,13/10/2022,09:27:58,170.4,170.4,300,170.75,150,1050,1302050
NIFTY20OCT2217100CE.NFO,13/10/2022,09:28:00,170.35,170.35,50,170.8,50,1800,1302050
NIFTY20OCT2217100CE.NFO,13/10/2022,09:28:02,170.95,170.5,150,170.9,50,850,1302050
NIFTY20OCT2217100CE.NFO,13/10/2022,09:28:03,172,172.3,100,172.4,50,1550,1302050
NIFTY20OCT2217100CE.NFO,13/10/2022,09:28:05,173.25,172.75,50,173.1,200,250,1302050
NIFTY20OCT2217100CE.NFO,13/10/2022,09:28:07,173.4,173.25,350,173.6,50,1000,1302050
NIFTY20OCT2217100CE.NFO,13/10/2022,09:28:08,172.8,172.35,50,172.75,150,750,1302050
NIFTY20OCT2217100CE.NFO,13/10/2022,09:28:10,172.4,171.9,50,172.35,50,2650,1302050
NIFTY20OCT2217100CE.NFO,13/10/2022,09:28:12,172.05,171.6,50,172.05,50,400,1302050
NIFTY20OCT2217100CE.NFO,13/10/2022,09:28:13,172.8,172.35,150,172.75,250,2250,1302050
NIFTY20OCT2217100CE.NFO,13/10/2022,09:28:15,172.6,172.15,50,172.55,250,3650,1302050
NIFTY20OCT2217100CE.NFO,13/10/2022,09:28:17,172.95,172.8,50,172.95,1900,1250,1302050
NIFTY20OCT2217100CE.NFO,13/10/2022,09:28:18,173.35,173.3,50,173.35,150,2650,1302050
NIFTY20OCT2217100CE.NFO,13/10/2022,09:28:20,174.4,174.15,50,174.55,50,1400,1302050
NIFTY20OCT2217100CE.NFO,13/10/2022,09:28:22,175.3,174.65,50,175.1,50,600,1302050
NIFTY20OCT2217100CE.NFO,13/10/2022,09:28:23,174.45,174.5,50,174.95,700,2050,1302050
NIFTY20OCT2217100CE.NFO,13/10/2022,09:28:25,172.9,172.85,50,173.2,50,900,1302050
NIFTY20OCT2217100CE.NFO,13/10/2022,09:28:27,174.15,174.05,50,174.4,50,200,1302050
NIFTY20OCT2217100CE.NFO,13/10/2022,09:28:28,174.4,174.25,50,174.75,400,50,1302050
NIFTY20OCT2217100CE.NFO,13/10/2022,09:28:30,174.45,174.35,50,174.75,300,900,1302050
NIFTY20OCT2217100CE.NFO,13/10/2022,09:28:32,173.9,173.45,50,173.9,50,950,1302050
NIFTY20OCT2217100CE.NFO,13/10/2022,09:28:33,173.95,173.85,50,174.3,400,2000,1302050
NIFTY20OCT2217100CE.NFO,13/10/2022,09:28:35,174.5,173.8,100,174.2,150,500,1302050
NIFTY20OCT2217100CE.NFO,13/10/2022,09:28:37,174.65,174.3,100,174.7,50,250,1302050
NIFTY20OCT2217100CE.NFO,13/10/2022,09:28:38,173.4,173.45,300,173.95,250,1000,1302050
NIFTY20OCT2217100CE.NFO,13/10/2022,09:28:40,173.7,173.2,100,173.7,600,250,1302050
NIFTY20OCT2217100CE.NFO,13/10/2022,09:28:42,172.6,172.6,100,172.95,50,700,1302050
NIFTY20OCT2217100CE.NFO,13/10/2022,09:28:43,173.25,172.4,100,172.75,50,1800,1302050
NIFTY20OCT2217100CE.NFO,13/10/2022,09:28:45,172.65,172.25,100,172.65,50,450,1302050
NIFTY20OCT2217100CE.NFO,13/10/2022,09:28:47,171.75,171.45,50,171.8,50,700,1302050
NIFTY20OCT2217100CE.NFO,13/10/2022,09:28:48,171.75,171.6,450,171.95,50,350,1302050
NIFTY20OCT2217100CE.NFO,13/10/2022,09:28:50,172.45,172.55,850,172.9,350,1550,1302050
NIFTY20OCT2217100CE.NFO,13/10/2022,09:28:52,172.65,172.55,950,173,150,650,1302050
NIFTY20OCT2217100CE.NFO,13/10/2022,09:28:53,172.3,172.35,50,172.85,300,250,1302050
NIFTY20OCT2217100CE.NFO,13/10/2022,09:28:55,174.25,173.65,100,174.15,350,650,1302050
NIFTY20OCT2217100CE.NFO,13/10/2022,09:28:57,173.7,173.7,50,174.05,150,200,1302050
NIFTY20OCT2217100CE.NFO,13/10/2022,09:28:58,173.4,173.4,250,173.85,100,250,1302050
NIFTY20OCT2217100CE.NFO,13/10/2022,09:29:00,172.9,172.9,150,173.25,100,600,1302050
NIFTY20OCT2217100CE.NFO,13/10/2022,09:29:02,173.7,173.8,50,174.2,100,1100,1302050
NIFTY20OCT2217100CE.NFO,13/10/2022,09:29:03,174.65,174.3,50,174.7,100,150,1302050
NIFTY20OCT2217100CE.NFO,13/10/2022,09:29:05,175,175,100,175.05,50,700,1302050
NIFTY20OCT2217100CE.NFO,13/10/2022,09:29:07,174.2,174.1,100,174.55,150,500,1302050
NIFTY20OCT2217100CE.NFO,13/10/2022,09:29:08,174,173.85,100,174.3,100,1800,1302050
NIFTY20OCT2217100CE.NFO,13/10/2022,09:29:10,173.75,173.3,100,173.7,400,400,1302050
NIFTY20OCT2217100CE.NFO,13/10/2022,09:29:11,173.55,173.6,500,174.05,100,450,1302050
NIFTY20OCT2217100CE.NFO,13/10/2022,09:29:13,173.9,173.9,400,174.3,100,50,1302050
NIFTY20OCT2217100CE.NFO,13/10/2022,09:29:15,174.7,174.7,50,175,50,900,1302050
NIFTY20OCT2217100CE.NFO,13/10/2022,09:29:17,173.85,174.05,250,174.5,100,2550,1302050
NIFTY20OCT2217100CE.NFO,13/10/2022,09:29:18,174.05,174.05,50,174.3,100,800,1302050
NIFTY20OCT2217100CE.NFO,13/10/2022,09:29:20,173.95,173.9,650,174.1,100,100,1302050
NIFTY20OCT2217100CE.NFO,13/10/2022,09:29:22,174.65,174.3,100,174.65,100,400,1302050
NIFTY20OCT2217100CE.NFO,13/10/2022,09:29:23,174.1,174.1,650,174.5,150,1400,1302050
NIFTY20OCT2217100CE.NFO,13/10/2022,09:29:25,173.9,173.45,150,173.9,50,4600,1302050
NIFTY20OCT2217100CE.NFO,13/10/2022,09:29:27,174.05,173.55,100,173.75,2800,400,1302050
NIFTY20OCT2217100CE.NFO,13/10/2022,09:29:28,173.5,173.45,150,173.7,50,100,1302050
NIFTY20OCT2217100CE.NFO,13/10/2022,09:29:30,174.3,174.2,50,174.3,2200,800,1302050
NIFTY20OCT2217100CE.NFO,13/10/2022,09:29:32,174.2,173.95,100,174.2,100,2300,1302050
NIFTY20OCT2217100CE.NFO,13/10/2022,09:29:33,173.9,173.85,50,174.2,100,3650,1302050
NIFTY20OCT2217100CE.NFO,13/10/2022,09:29:35,174.55,174,900,174.55,450,1200,1302050
NIFTY20OCT2217100CE.NFO,13/10/2022,09:29:37,174,173.95,1150,174.45,100,950,1302050
NIFTY20OCT2217100CE.NFO,13/10/2022,09:29:38,174,173.65,150,174.05,850,400,1302050
NIFTY20OCT2217100CE.NFO,13/10/2022,09:29:40,173.95,173.45,100,173.7,200,3650,1376850
NIFTY20OCT2217100CE.NFO,13/10/2022,09:29:42,173.65,173.25,500,173.7,100,600,1376850
NIFTY20OCT2217100CE.NFO,13/10/2022,09:29:43,173.6,173.2,50,173.55,50,1300,1376850
NIFTY20OCT2217100CE.NFO,13/10/2022,09:29:45,173.5,173.45,100,173.75,50,850,1376850
NIFTY20OCT2217100CE.NFO,13/10/2022,09:29:47,173.5,173.4,150,173.75,50,0,1376850
NIFTY20OCT2217100CE.NFO,13/10/2022,09:29:48,173.2,173,100,173.45,100,200,1376850
NIFTY20OCT2217100CE.NFO,13/10/2022,09:29:50,172.9,172.9,950,173.3,150,250,1376850
NIFTY20OCT2217100CE.NFO,13/10/2022,09:29:52,172.35,172.05,100,172.5,400,1800,1376850
NIFTY20OCT2217100CE.NFO,13/10/2022,09:29:53,173,172.55,150,173,100,1450,1376850
NIFTY20OCT2217100CE.NFO,13/10/2022,09:29:55,173.6,173.15,50,173.5,150,650,1376850
NIFTY20OCT2217100CE.NFO,13/10/2022,09:29:57,172.95,172.7,100,173.15,150,150,1376850
NIFTY20OCT2217100CE.NFO,13/10/2022,09:29:58,172.85,172.55,100,173,50,900,1376850
NIFTY20OCT2217100CE.NFO,13/10/2022,09:30:00,174.35,174.3,50,174.65,100,2000,1376850
NIFTY20OCT2217100CE.NFO,13/10/2022,09:30:02,174.75,174.7,50,175.15,100,5750,1376850
NIFTY20OCT2217100CE.NFO,13/10/2022,09:30:03,174,174,450,174.45,100,1050,1376850
NIFTY20OCT2217100CE.NFO,13/10/2022,09:30:05,173.05,173,50,173.35,50,1500,1376850
NIFTY20OCT2217100CE.NFO,13/10/2022,09:30:07,173,172.65,100,172.95,100,700,1376850
NIFTY20OCT2217100CE.NFO,13/10/2022,09:30:08,172.85,172.2,50,172.55,400,650,1376850
NIFTY20OCT2217100CE.NFO,13/10/2022,09:30:10,171.15,170.95,100,171.1,50,6550,1376850
NIFTY20OCT2217100CE.NFO,13/10/2022,09:30:12,170.95,170.65,100,170.9,50,600,1376850
NIFTY20OCT2217100CE.NFO,13/10/2022,09:30:13,170.3,170.4,50,170.75,500,500,1376850
NIFTY20OCT2217100CE.NFO,13/10/2022,09:30:15,170.05,169.6,100,170.05,50,8000,1376850
NIFTY20OCT2217100CE.NFO,13/10/2022,09:30:17,169.55,169.75,50,170.05,200,1150,1376850
NIFTY20OCT2217100CE.NFO,13/10/2022,09:30:18,169.35,169.35,100,169.7,400,550,1376850
NIFTY20OCT2217100CE.NFO,13/10/2022,09:30:20,168.25,168.25,100,168.65,400,3300,1376850
NIFTY20OCT2217100CE.NFO,13/10/2022,09:30:22,167.45,167.1,300,167.45,250,5450,1376850
NIFTY20OCT2217100CE.NFO,13/10/2022,09:30:22,167,167.1,300,167.45,250,0,1376850
NIFTY20OCT2217100CE.NFO,13/10/2022,09:30:23,167.9,167.85,150,168.15,50,750,1376850
NIFTY20OCT2217100CE.NFO,13/10/2022,09:30:25,167.6,167.2,150,167.4,550,2450,1376850
NIFTY20OCT2217100CE.NFO,13/10/2022,09:30:27,167.45,167.45,400,167.8,50,1650,1376850
NIFTY20OCT2217100CE.NFO,13/10/2022,09:30:28,168.05,167.85,400,168.4,400,1200,1376850
NIFTY20OCT2217100CE.NFO,13/10/2022,09:30:30,168.1,167.75,400,168.05,150,1750,1376850
NIFTY20OCT2217100CE.NFO,13/10/2022,09:30:32,167.45,167.15,150,167.5,400,1450,1376850
NIFTY20OCT2217100CE.NFO,13/10/2022,09:30:33,168.1,167.75,200,168.15,500,500,1376850
NIFTY20OCT2217100CE.NFO,13/10/2022,09:30:35,168.2,168.45,150,168.75,50,650,1376850
NIFTY20OCT2217100CE.NFO,13/10/2022,09:30:37,168.4,168.2,100,168.55,400,500,1376850
NIFTY20OCT2217100CE.NFO,13/10/2022,09:30:38,168.15,168,800,168.4,100,1000,1376850
NIFTY20OCT2217100CE.NFO,13/10/2022,09:30:40,168.4,168.4,1350,168.5,200,200,1376850
NIFTY20OCT2217100CE.NFO,13/10/2022,09:30:42,169,168.55,400,168.95,100,4100,1376850
NIFTY20OCT2217100CE.NFO,13/10/2022,09:30:43,168.95,168.5,50,168.6,50,3350,1376850
NIFTY20OCT2217100CE.NFO,13/10/2022,09:30:45,168.55,168.5,50,168.55,400,1750,1376850
NIFTY20OCT2217100CE.NFO,13/10/2022,09:30:47,168.65,168.25,100,168.6,200,2300,1376850
NIFTY20OCT2217100CE.NFO,13/10/2022,09:30:48,167.9,167.55,550,167.95,50,600,1376850
NIFTY20OCT2217100CE.NFO,13/10/2022,09:30:50,167.1,167.1,450,167.3,350,950,1376850
NIFTY20OCT2217100CE.NFO,13/10/2022,09:30:52,166.8,166.65,300,167,100,2300,1376850
NIFTY20OCT2217100CE.NFO,13/10/2022,09:30:52,166.5,166.65,300,167,100,0,1376850
NIFTY20OCT2217100CE.NFO,13/10/2022,09:30:53,166.1,166.05,100,166.35,50,800,1376850
NIFTY20OCT2217100CE.NFO,13/10/2022,09:30:53,166.05,166.05,100,166.35,50,0,1376850
NIFTY20OCT2217100CE.NFO,13/10/2022,09:30:55,166.2,166.1,1150,166.55,100,2500,1376850
NIFTY20OCT2217100CE.NFO,13/10/2022,09:30:57,166.35,166.1,50,166.4,50,1400,1376850
NIFTY20OCT2217100CE.NFO,13/10/2022,09:30:58,166.15,166.35,50,166.55,50,1950,1376850
NIFTY20OCT2217100CE.NFO,13/10/2022,09:30:58,166,166.35,50,166.55,50,0,1376850
NIFTY20OCT2217100CE.NFO,13/10/2022,09:31:00,167.6,167.2,150,167.5,400,1900,1376850
NIFTY20OCT2217100CE.NFO,13/10/2022,09:31:02,168,167.75,100,168.1,400,600,1376850
NIFTY20OCT2217100CE.NFO,13/10/2022,09:31:03,168.85,168.8,100,169.15,500,800,1376850
NIFTY20OCT2217100CE.NFO,13/10/2022,09:31:05,170.4,170.1,50,170.4,50,2850,1376850
NIFTY20OCT2217100CE.NFO,13/10/2022,09:31:07,169.95,170.65,50,170.9,350,4100,1376850
NIFTY20OCT2217100CE.NFO,13/10/2022,09:31:08,172.5,172,150,172.35,50,850,1376850
NIFTY20OCT2217100CE.NFO,13/10/2022,09:31:10,172.75,172.45,50,172.75,50,950,1376850
NIFTY20OCT2217100CE.NFO,13/10/2022,09:31:11,172.2,171.75,200,172.15,650,2000,1376850
NIFTY20OCT2217100CE.NFO,13/10/2022,09:31:13,172.15,172.3,400,172.65,50,1200,1376850
NIFTY20OCT2217100CE.NFO,13/10/2022,09:31:15,172.85,173.25,50,173.6,50,2450,1376850
NIFTY20OCT2217100CE.NFO,13/10/2022,09:31:16,173.45,173.05,450,173.4,450,850,1376850
NIFTY20OCT2217100CE.NFO,13/10/2022,09:31:18,173.9,173.55,250,173.8,100,2500,1376850
NIFTY20OCT2217100CE.NFO,13/10/2022,09:31:20,174.3,173.95,50,174.3,350,1400,1376850
NIFTY20OCT2217100CE.NFO,13/10/2022,09:31:21,175.6,175.45,50,175.8,50,3200,1376850
NIFTY20OCT2217100CE.NFO,13/10/2022,09:31:23,177.4,177.05,50,177.55,450,2750,1376850
NIFTY20OCT2217100CE.NFO,13/10/2022,09:31:25,178.55,178.3,550,178.7,50,5100,1376850
NIFTY20OCT2217100CE.NFO,13/10/2022,09:31:27,177.7,177.8,100,178.25,50,1650,1376850
NIFTY20OCT2217100CE.NFO,13/10/2022,09:31:28,179.15,178.8,100,179.25,50,10200,1376850
NIFTY20OCT2217100CE.NFO,13/10/2022,09:31:30,178.8,178.6,50,179,50,3800,1376850
NIFTY20OCT2217100CE.NFO,13/10/2022,09:31:32,179.5,179.05,50,179.5,350,4750,1376850
NIFTY20OCT2217100CE.NFO,13/10/2022,09:31:33,179.4,179.4,50,179.75,50,5550,1376850
NIFTY20OCT2217100CE.NFO,13/10/2022,09:31:35,179.6,179.65,100,180,50,2950,1376850
NIFTY20OCT2217100CE.NFO,13/10/2022,09:31:37,178.9,178.65,400,179.05,200,4750,1376850
NIFTY20OCT2217100CE.NFO,13/10/2022,09:31:38,177,176.75,100,177.05,50,3350,1376850
NIFTY20OCT2217100CE.NFO,13/10/2022,09:31:40,177.95,178.05,150,178.45,50,4250,1376850
NIFTY20OCT2217100CE.NFO,13/10/2022,09:31:42,178,177.9,50,178.35,450,1600,1376850
NIFTY20OCT2217100CE.NFO,13/10/2022,09:31:43,178.45,178.4,800,178.8,50,1000,1376850
NIFTY20OCT2217100CE.NFO,13/10/2022,09:31:45,179.1,179.1,150,179.3,50,7700,1376850
NIFTY20OCT2217100CE.NFO,13/10/2022,09:31:47,178.6,178.75,50,179.2,400,550,1376850
NIFTY20OCT2217100CE.NFO,13/10/2022,09:31:48,178.95,178.95,50,179.35,450,3700,1376850
NIFTY20OCT2217100CE.NFO,13/10/2022,09:31:50,177.95,178,50,178.35,50,3750,1376850
NIFTY20OCT2217100CE.NFO,13/10/2022,09:31:52,178.65,178.7,50,179.1,50,4400,1376850
NIFTY20OCT2217100CE.NFO,13/10/2022,09:31:53,179,179.05,400,179.45,50,2850,1376850
NIFTY20OCT2217100CE.NFO,13/10/2022,09:31:55,179.05,178.75,100,179.05,100,250,1376850
NIFTY20OCT2217100CE.NFO,13/10/2022,09:31:57,179.25,179,450,179.45,400,2950,1376850
NIFTY20OCT2217100CE.NFO,13/10/2022,09:31:58,179,178.95,50,179.35,400,550,1376850
NIFTY20OCT2217100CE.NFO,13/10/2022,09:32:00,179.35,179.05,50,179.45,400,2650,1376850
NIFTY20OCT2217100CE.NFO,13/10/2022,09:32:02,179.5,179.5,400,179.95,500,6150,1376850
NIFTY20OCT2217100CE.NFO,13/10/2022,09:32:03,180.5,180.4,800,180.8,50,2950,1376850
NIFTY20OCT2217100CE.NFO,13/10/2022,09:32:05,179.2,178.7,50,179.05,400,4050,1376850
NIFTY20OCT2217100CE.NFO,13/10/2022,09:32:07,178.85,178.75,200,179.2,50,1000,1376850
NIFTY20OCT2217100CE.NFO,13/10/2022,09:32:08,178.25,178.05,150,178.35,50,1000,1376850
NIFTY20OCT2217100CE.NFO,13/10/2022,09:32:10,178.6,178.75,150,179.15,100,200,1376850
NIFTY20OCT2217100CE.NFO,13/10/2022,09:32:12,179,178.55,200,179,450,100,1376850
NIFTY20OCT2217100CE.NFO,13/10/2022,09:32:13,178.95,178.2,300,178.65,450,150,1376850
NIFTY20OCT2217100CE.NFO,13/10/2022,09:32:15,178.3,178.2,300,178.6,50,50,1376850
NIFTY20OCT2217100CE.NFO,13/10/2022,09:32:17,178.55,178.4,50,178.75,50,400,1376850
NIFTY20OCT2217100CE.NFO,13/10/2022,09:32:18,177.95,177.6,100,178,100,1100,1376850
NIFTY20OCT2217100CE.NFO,13/10/2022,09:32:20,177.15,177,150,177.3,50,450,1376850
NIFTY20OCT2217100CE.NFO,13/10/2022,09:32:22,176,175.95,150,176.25,50,1750,1376850
NIFTY20OCT2217100CE.NFO,13/10/2022,09:32:23,176.45,176.55,50,176.75,50,1900,1376850
NIFTY20OCT2217100CE.NFO,13/10/2022,09:32:25,176.4,176.4,450,176.7,50,600,1376850
NIFTY20OCT2217100CE.NFO,13/10/2022,09:32:27,176.55,176,400,176.35,50,50,1376850
NIFTY20OCT2217100CE.NFO,13/10/2022,09:32:28,176.15,176.2,50,176.6,50,150,1376850
NIFTY20OCT2217100CE.NFO,13/10/2022,09:32:30,175.3,175,1050,175.4,50,6400,1376850
NIFTY20OCT2217100CE.NFO,13/10/2022,09:32:32,176.2,175.8,50,176.25,200,1450,1376850
NIFTY20OCT2217100CE.NFO,13/10/2022,09:32:33,175.4,175.3,350,175.7,50,500,1376850
NIFTY20OCT2217100CE.NFO,13/10/2022,09:32:35,175.85,175,1150,175.35,450,100,1376850
NIFTY20OCT2217100CE.NFO,13/10/2022,09:32:37,175.5,175.1,50,175.25,100,1450,1376850
NIFTY20OCT2217100CE.NFO,13/10/2022,09:32:38,175.3,174.5,100,174.9,700,200,1376850
NIFTY20OCT2217100CE.NFO,13/10/2022,09:32:40,174.55,174.65,400,175,650,2400,1376850
NIFTY20OCT2217100CE.NFO,13/10/2022,09:32:42,173.95,173.7,900,174.15,600,1900,1382550
NIFTY20OCT2217100CE.NFO,13/10/2022,09:32:43,174.4,173.7,400,174.05,50,1750,1382550
NIFTY20OCT2217100CE.NFO,13/10/2022,09:32:45,174.1,174.15,150,174.5,100,750,1382550
NIFTY20OCT2217100CE.NFO,13/10/2022,09:32:47,174.05,174,50,174.35,50,900,1382550
NIFTY20OCT2217100CE.NFO,13/10/2022,09:32:48,175,174.85,50,175.25,100,350,1382550
NIFTY20OCT2217100CE.NFO,13/10/2022,09:32:50,174.75,174.35,150,174.8,100,100,1382550
NIFTY20OCT2217100CE.NFO,13/10/2022,09:32:52,174.9,174.7,50,175.05,100,750,1382550
NIFTY20OCT2217100CE.NFO,13/10/2022,09:32:53,174.95,174.55,350,174.95,50,600,1382550
NIFTY20OCT2217100CE.NFO,13/10/2022,09:32:55,175.2,175.35,50,175.7,50,400,1382550
NIFTY20OCT2217100CE.NFO,13/10/2022,09:32:57,175.1,175.1,450,175.55,100,450,1382550
NIFTY20OCT2217100CE.NFO,13/10/2022,09:32:58,175.55,175.6,50,176,300,500,1382550
NIFTY20OCT2217100CE.NFO,13/10/2022,09:33:00,175.45,175.4,50,175.75,150,700,1382550
NIFTY20OCT2217100CE.NFO,13/10/2022,09:33:02,175,174.4,50,174.8,150,750,1382550
NIFTY20OCT2217100CE.NFO,13/10/2022,09:33:03,174.35,174.05,450,174.4,50,650,1382550
NIFTY20OCT2217100CE.NFO,13/10/2022,09:33:05,173.65,173.5,350,173.6,50,1050,1382550
NIFTY20OCT2217100CE.NFO,13/10/2022,09:33:07,174,173.9,100,174.3,50,250,1382550
NIFTY20OCT2217100CE.NFO,13/10/2022,09:33:08,174.45,174,200,174.4,400,300,1382550
NIFTY20OCT2217100CE.NFO,13/10/2022,09:33:10,174.35,174.4,50,174.85,500,1150,1382550
NIFTY20OCT2217100CE.NFO,13/10/2022,09:33:11,174.7,174.3,50,174.65,400,1900,1382550
NIFTY20OCT2217100CE.NFO,13/10/2022,09:33:13,174.6,174.2,300,174.55,50,50,1382550
NIFTY20OCT2217100CE.NFO,13/10/2022,09:33:15,174.5,174.2,350,174.6,900,800,1382550
NIFTY20OCT2217100CE.NFO,13/10/2022,09:33:16,175.45,175,200,175.45,100,200,1382550
NIFTY20OCT2217100CE.NFO,13/10/2022,09:33:18,176.4,176.3,50,176.6,100,700,1382550
NIFTY20OCT2217100CE.NFO,13/10/2022,09:33:20,176.2,176.35,100,176.75,100,700,1382550
NIFTY20OCT2217100CE.NFO,13/10/2022,09:33:21,176.4,176.35,50,176.75,400,150,1382550
NIFTY20OCT2217100CE.NFO,13/10/2022,09:33:23,175.5,175.1,100,175.55,100,2050,1382550
NIFTY20OCT2217100CE.NFO,13/10/2022,09:33:25,174.75,174.65,50,175.05,50,650,1382550
NIFTY20OCT2217100CE.NFO,13/10/2022,09:33:26,175.1,174.75,250,175.15,50,150,1382550
NIFTY20OCT2217100CE.NFO,13/10/2022,09:33:28,174.3,174.3,100,174.5,50,400,1382550
NIFTY20OCT2217100CE.NFO,13/10/2022,09:33:30,175,174.95,50,175.35,400,200,1382550
NIFTY20OCT2217100CE.NFO,13/10/2022,09:33:31,175,175,1300,175.4,50,0,1382550
NIFTY20OCT2217100CE.NFO,13/10/2022,09:33:33,175.45,175.5,100,175.95,150,2750,1382550
NIFTY20OCT2217100CE.NFO,13/10/2022,09:33:35,175.45,175.2,650,175.55,150,350,1382550
NIFTY20OCT2217100CE.NFO,13/10/2022,09:33:36,175.85,175.5,100,175.95,200,450,1382550
NIFTY20OCT2217100CE.NFO,13/10/2022,09:33:38,176.2,176,150,176.35,50,100,1382550
NIFTY20OCT2217100CE.NFO,13/10/2022,09:33:40,175.05,175.25,100,175.5,150,50,1382550
NIFTY20OCT2217100CE.NFO,13/10/2022,09:33:41,174.65,174.65,50,175,50,2450,1382550
NIFTY20OCT2217100CE.NFO,13/10/2022,09:33:43,175.5,175.05,50,175.45,150,200,1382550
NIFTY20OCT2217100CE.NFO,13/10/2022,09:33:45,175.75,175.35,300,175.75,50,550,1382550
NIFTY20OCT2217100CE.NFO,13/10/2022,09:33:46,175.8,175.35,200,175.8,100,350,1382550
NIFTY20OCT2217100CE.NFO,13/10/2022,09:33:48,175.6,175.15,50,175.5,50,250,1382550
NIFTY20OCT2217100CE.NFO,13/10/2022,09:33:50,174.7,174.3,1400,174.65,50,250,1382550
NIFTY20OCT2217100CE.NFO,13/10/2022,09:33:52,174.95,175.15,50,175.55,50,250,1382550
NIFTY20OCT2217100CE.NFO,13/10/2022,09:33:53,175.35,175.05,750,175.45,200,400,1382550
NIFTY20OCT2217100CE.NFO,13/10/2022,09:33:55,175.75,175.3,50,175.75,150,150,1382550
NIFTY20OCT2217100CE.NFO,13/10/2022,09:33:57,175,174.65,200,175.1,400,950,1382550
NIFTY20OCT2217100CE.NFO,13/10/2022,09:33:58,174.95,175,150,175.45,150,350,1382550
NIFTY20OCT2217100CE.NFO,13/10/2022,09:34:00,175,174.95,50,175.15,200,300,1382550
NIFTY20OCT2217100CE.NFO,13/10/2022,09:34:02,174.6,174.45,150,174.85,50,700,1382550
NIFTY20OCT2217100CE.NFO,13/10/2022,09:34:03,175.7,175.65,100,176.1,150,1000,1382550
NIFTY20OCT2217100CE.NFO,13/10/2022,09:34:05,174.95,174.85,450,175.3,450,300,1382550
NIFTY20OCT2217100CE.NFO,13/10/2022,09:34:07,174,174.15,50,174.35,100,1150,1382550
NIFTY20OCT2217100CE.NFO,13/10/2022,09:34:08,174.65,174.1,50,174.55,400,300,1382550
NIFTY20OCT2217100CE.NFO,13/10/2022,09:34:10,176,175.6,100,176,850,400,1382550
NIFTY20OCT2217100CE.NFO,13/10/2022,09:34:12,175.9,175.45,100,175.85,500,400,1382550
NIFTY20OCT2217100CE.NFO,13/10/2022,09:34:13,174.7,174.6,100,174.65,350,1000,1382550
NIFTY20OCT2217100CE.NFO,13/10/2022,09:34:15,175.45,175.2,100,175.6,200,450,1382550
NIFTY20OCT2217100CE.NFO,13/10/2022,09:34:17,174.1,174.1,100,174.45,150,950,1382550
NIFTY20OCT2217100CE.NFO,13/10/2022,09:34:18,174.1,174.05,100,174.5,400,300,1382550
NIFTY20OCT2217100CE.NFO,13/10/2022,09:34:20,173.45,173.65,100,174.05,50,1200,1382550
NIFTY20OCT2217100CE.NFO,13/10/2022,09:34:22,173.7,173.65,1300,174.05,200,550,1382550
NIFTY20OCT2217100CE.NFO,13/10/2022,09:34:23,173.75,173.45,250,173.8,100,750,1382550
NIFTY20OCT2217100CE.NFO,13/10/2022,09:34:25,173.7,173.15,50,173.55,400,2250,1382550
NIFTY20OCT2217100CE.NFO,13/10/2022,09:34:27,173,173,250,173.2,50,950,1382550
NIFTY20OCT2217100CE.NFO,13/10/2022,09:34:28,172,171.8,100,172.15,200,3600,1382550
NIFTY20OCT2217100CE.NFO,13/10/2022,09:34:30,171.6,171.35,100,171.7,50,900,1382550
NIFTY20OCT2217100CE.NFO,13/10/2022,09:34:32,171.25,170.9,350,171.25,100,1950,1382550
NIFTY20OCT2217100CE.NFO,13/10/2022,09:34:33,170.7,170.7,450,170.95,200,2600,1382550
NIFTY20OCT2217100CE.NFO,13/10/2022,09:34:35,169.8,169.5,400,169.9,450,19100,1382550
NIFTY20OCT2217100CE.NFO,13/10/2022,09:34:37,171.05,170.6,400,171.05,100,2400,1382550
NIFTY20OCT2217100CE.NFO,13/10/2022,09:34:38,170.6,170.8,400,171.15,150,4200,1382550
NIFTY20OCT2217100CE.NFO,13/10/2022,09:34:40,171.5,171.35,50,171.65,400,1200,1382550
NIFTY20OCT2217100CE.NFO,13/10/2022,09:34:42,171,170.85,250,171.3,600,1800,1382550
NIFTY20OCT2217100CE.NFO,13/10/2022,09:34:43,170.85,170.9,150,171.3,150,600,1382550
NIFTY20OCT2217100CE.NFO,13/10/2022,09:34:45,170.7,170.7,150,171,500,1200,1382550
NIFTY20OCT2217100CE.NFO,13/10/2022,09:34:47,171.15,170.65,400,170.95,50,2750,1382550
NIFTY20OCT2217100CE.NFO,13/10/2022,09:34:48,171.15,170.75,150,171.05,50,100,1382550
NIFTY20OCT2217100CE.NFO,13/10/2022,09:34:50,170.65,170.95,400,171.3,150,550,1382550
NIFTY20OCT2217100CE.NFO,13/10/2022,09:34:52,171.35,171,400,171.45,200,2000,1382550
NIFTY20OCT2217100CE.NFO,13/10/2022,09:34:53,170.9,170.55,200,170.9,300,750,1382550
NIFTY20OCT2217100CE.NFO,13/10/2022,09:34:55,170.45,170.15,200,170.5,100,650,1382550
NIFTY20OCT2217100CE.NFO,13/10/2022,09:34:57,170,169.75,200,170.05,50,2050,1382550
NIFTY20OCT2217100CE.NFO,13/10/2022,09:34:58,171.75,171.85,150,172.25,150,8850,1382550
NIFTY20OCT2217100CE.NFO,13/10/2022,09:35:00,170.9,170.9,50,170.95,50,5200,1382550
NIFTY20OCT2217100CE.NFO,13/10/2022,09:35:02,170.55,170.25,100,170.65,450,2100,1382550
NIFTY20OCT2217100CE.NFO,13/10/2022,09:35:03,169.85,169.8,50,170.1,250,2550,1382550
NIFTY20OCT2217100CE.NFO,13/10/2022,09:35:05,169.8,169.45,450,169.85,450,1700,1382550
NIFTY20OCT2217100CE.NFO,13/10/2022,09:35:07,170.9,170.5,450,170.9,350,2700,1382550
NIFTY20OCT2217100CE.NFO,13/10/2022,09:35:08,170.25,169.8,50,169.95,50,1150,1382550
NIFTY20OCT2217100CE.NFO,13/10/2022,09:35:10,170,169.7,50,170.15,50,300,1382550
NIFTY20OCT2217100CE.NFO,13/10/2022,09:35:12,169.95,169.75,900,170,1800,50,1382550
NIFTY20OCT2217100CE.NFO,13/10/2022,09:35:13,168.7,168.55,50,168.95,400,1100,1382550
NIFTY20OCT2217100CE.NFO,13/10/2022,09:35:15,169.4,169.35,400,169.75,50,2350,1382550
NIFTY20OCT2217100CE.NFO,13/10/2022,09:35:17,168.85,168.95,400,169.3,100,1800,1382550
NIFTY20OCT2217100CE.NFO,13/10/2022,09:35:18,168.7,168.6,50,168.95,50,350,1382550
NIFTY20OCT2217100CE.NFO,13/10/2022,09:35:20,169,168.6,50,168.9,700,3900,1382550
NIFTY20OCT2217100CE.NFO,13/10/2022,09:35:22,168.55,168.5,50,168.8,100,1550,1382550
NIFTY20OCT2217100CE.NFO,13/10/2022,09:35:23,168.3,168.25,100,168.45,50,4000,1382550
NIFTY20OCT2217100CE.NFO,13/10/2022,09:35:25,168,167.75,50,167.95,50,3950,1382550
NIFTY20OCT2217100CE.NFO,13/10/2022,09:35:27,167,167.05,400,167.35,300,1250,1382550
NIFTY20OCT2217100CE.NFO,13/10/2022,09:35:28,166.2,166.15,250,166.6,100,3800,1382550
NIFTY20OCT2217100CE.NFO,13/10/2022,09:35:30,166.55,166.65,100,167,400,1300,1382550
NIFTY20OCT2217100CE.NFO,13/10/2022,09:35:32,167,167,450,167.4,50,3700,1382550
NIFTY20OCT2217100CE.NFO,13/10/2022,09:35:33,168.5,167.75,300,168.2,450,300,1382550
NIFTY20OCT2217100CE.NFO,13/10/2022,09:35:35,167.65,167.75,50,168.15,600,200,1382550
NIFTY20OCT2217100CE.NFO,13/10/2022,09:35:37,167.7,167.15,100,167.6,400,550,1382550
NIFTY20OCT2217100CE.NFO,13/10/2022,09:35:38,167.7,167.35,400,167.6,150,700,1382550
NIFTY20OCT2217100CE.NFO,13/10/2022,09:35:40,167.15,167.6,50,167.7,50,2750,1382550
NIFTY20OCT2217100CE.NFO,13/10/2022,09:35:42,168.05,167.45,50,167.85,50,900,1382550
NIFTY20OCT2217100CE.NFO,13/10/2022,09:35:43,167.7,167.6,500,167.75,50,1800,1439300
NIFTY20OCT2217100CE.NFO,13/10/2022,09:35:45,167.05,167,800,167.25,150,1450,1439300
NIFTY20OCT2217100CE.NFO,13/10/2022,09:35:47,167.4,167.9,50,168.25,50,2900,1439300
NIFTY20OCT2217100CE.NFO,13/10/2022,09:35:48,167.85,167.85,200,168.25,50,300,1439300
NIFTY20OCT2217100CE.NFO,13/10/2022,09:35:50,167.55,167.65,550,167.85,150,200,1439300
NIFTY20OCT2217100CE.NFO,13/10/2022,09:35:52,167.3,167.25,50,167.6,50,400,1439300
NIFTY20OCT2217100CE.NFO,13/10/2022,09:35:53,167.8,167.15,50,167.5,400,1750,1439300
NIFTY20OCT2217100CE.NFO,13/10/2022,09:35:55,166.6,166.55,400,166.9,50,1250,1439300
NIFTY20OCT2217100CE.NFO,13/10/2022,09:35:57,166.7,166.5,200,166.9,450,2000,1439300
NIFTY20OCT2217100CE.NFO,13/10/2022,09:35:58,166.9,166.7,100,167.1,150,850,1439300
NIFTY20OCT2217100CE.NFO,13/10/2022,09:36:00,166.5,166.35,50,166.75,400,3100,1439300
NIFTY20OCT2217100CE.NFO,13/10/2022,09:36:02,166,165.8,250,166,50,3850,1439300
NIFTY20OCT2217100CE.NFO,13/10/2022,09:36:03,166.3,166,50,166.35,100,4150,1439300
NIFTY20OCT2217100CE.NFO,13/10/2022,09:36:03,165.8,166,50,166.35,100,0,1439300
NIFTY20OCT2217100CE.NFO,13/10/2022,09:36:05,165.75,165.5,50,165.9,550,1000,1439300
NIFTY20OCT2217100CE.NFO,13/10/2022,09:36:05,165.6,165.5,50,165.9,550,0,1439300
NIFTY20OCT2217100CE.NFO,13/10/2022,09:36:07,166.05,165.7,100,166.1,500,1400,1439300
NIFTY20OCT2217100CE.NFO,13/10/2022,09:36:08,165.7,165.55,50,165.6,50,450,1439300
NIFTY20OCT2217100CE.NFO,13/10/2022,09:36:08,165.1,165.55,50,165.6,50,0,1439300
NIFTY20OCT2217100CE.NFO,13/10/2022,09:36:10,166.15,165.7,500,166.15,800,2950,1439300
NIFTY20OCT2217100CE.NFO,13/10/2022,09:36:12,165.45,165.45,100,165.8,400,3450,1439300
NIFTY20OCT2217100CE.NFO,13/10/2022,09:36:13,165.7,165.3,300,165.7,400,650,1439300
NIFTY20OCT2217100CE.NFO,13/10/2022,09:36:15,165.3,165.25,300,165.6,200,650,1439300
NIFTY20OCT2217100CE.NFO,13/10/2022,09:36:17,165.85,165.8,300,166.15,400,2150,1439300
NIFTY20OCT2217100CE.NFO,13/10/2022,09:36:18,165.85,165.8,50,166.15,400,250,1439300
NIFTY20OCT2217100CE.NFO,13/10/2022,09:36:20,165.95,166,100,166.3,200,200,1439300
NIFTY20OCT2217100CE.NFO,13/10/2022,09:36:22,166.8,166.1,50,166.45,100,3950,1439300
NIFTY20OCT2217100CE.NFO,13/10/2022,09:36:23,166.1,166,250,166.1,150,700,1439300
NIFTY20OCT2217100CE.NFO,13/10/2022,09:36:25,166.2,166.05,50,166.2,400,500,1439300
NIFTY20OCT2217100CE.NFO,13/10/2022,09:36:27,166.1,166.1,400,166.45,50,450,1439300
NIFTY20OCT2217100CE.NFO,13/10/2022,09:36:28,167.35,167.6,50,167.9,100,1450,1439300
NIFTY20OCT2217100CE.NFO,13/10/2022,09:36:30,167.7,167.2,50,167.6,400,150,1439300
NIFTY20OCT2217100CE.NFO,13/10/2022,09:36:32,167.25,166.75,50,167.2,400,350,1439300
NIFTY20OCT2217100CE.NFO,13/10/2022,09:36:33,167.55,167.7,200,168.1,400,400,1439300
NIFTY20OCT2217100CE.NFO,13/10/2022,09:36:35,168.35,168.3,150,168.65,400,1600,1439300
NIFTY20OCT2217100CE.NFO,13/10/2022,09:36:37,168.5,168.2,150,168.55,550,150,1439300
NIFTY20OCT2217100CE.NFO,13/10/2022,09:36:38,169.05,169.05,1250,169.45,550,1200,1439300
NIFTY20OCT2217100CE.NFO,13/10/2022,09:36:40,169.65,169.3,700,169.7,100,1550,1439300
NIFTY20OCT2217100CE.NFO,13/10/2022,09:36:42,170,170,450,170.4,150,1450,1439300
NIFTY20OCT2217100CE.NFO,13/10/2022,09:36:43,169.25,169.2,100,169.55,100,450,1439300
NIFTY20OCT2217100CE.NFO,13/10/2022,09:36:45,169.65,169.15,400,169.5,100,1000,1439300
NIFTY20OCT2217100CE.NFO,13/10/2022,09:36:47,168.25,168.1,50,168.4,450,3300,1439300
NIFTY20OCT2217100CE.NFO,13/10/2022,09:36:48,168.4,168.45,50,168.85,150,300,1439300
NIFTY20OCT2217100CE.NFO,13/10/2022,09:36:50,168.7,168.45,150,168.7,50,1400,1439300
NIFTY20OCT2217100CE.NFO,13/10/2022,09:36:52,169.1,168.85,50,169.25,400,700,1439300
NIFTY20OCT2217100CE.NFO,13/10/2022,09:36:53,169,168.9,900,169.3,150,300,1439300
NIFTY20OCT2217100CE.NFO,13/10/2022,09:36:55,169.55,169.25,50,169.65,150,350,1439300
NIFTY20OCT2217100CE.NFO,13/10/2022,09:36:57,169.9,169.75,50,169.95,50,550,1439300
NIFTY20OCT2217100CE.NFO,13/10/2022,09:36:58,169.7,169.45,150,169.85,150,400,1439300
NIFTY20OCT2217100CE.NFO,13/10/2022,09:37:00,169.2,168.8,150,169.1,50,300,1439300
NIFTY20OCT2217100CE.NFO,13/10/2022,09:37:02,168.1,168,200,168.1,50,1100,1439300
NIFTY20OCT2217100CE.NFO,13/10/2022,09:37:03,168,167.9,400,168.35,400,1250,1439300
NIFTY20OCT2217100CE.NFO,13/10/2022,09:37:05,168.85,168.6,50,168.8,150,900,1439300
NIFTY20OCT2217100CE.NFO,13/10/2022,09:37:07,168.15,167.7,50,168.1,50,1500,1439300
NIFTY20OCT2217100CE.NFO,13/10/2022,09:37:08,168.25,168.05,50,168.35,400,1800,1439300
NIFTY20OCT2217100CE.NFO,13/10/2022,09:37:10,168.2,168.25,150,168.6,200,950,1439300
NIFTY20OCT2217100CE.NFO,13/10/2022,09:37:12,168.2,168.25,250,168.6,150,50,1439300
NIFTY20OCT2217100CE.NFO,13/10/2022,09:37:13,168,167.7,50,168,150,500,1439300
NIFTY20OCT2217100CE.NFO,13/10/2022,09:37:15,168.1,167.85,100,168.2,100,100,1439300
NIFTY20OCT2217100CE.NFO,13/10/2022,09:37:17,168.35,167.7,50,168,50,150,1439300
NIFTY20OCT2217100CE.NFO,13/10/2022,09:37:18,167.05,167.05,100,167.45,550,800,1439300
NIFTY20OCT2217100CE.NFO,13/10/2022,09:37:20,167.5,167.85,50,167.95,200,100,1439300
NIFTY20OCT2217100CE.NFO,13/10/2022,09:37:22,167.75,167.35,50,167.75,50,250,1439300
NIFTY20OCT2217100CE.NFO,13/10/2022,09:37:23,167.15,167.1,600,167.45,400,1500,1439300
NIFTY20OCT2217100CE.NFO,13/10/2022,09:37:25,166.95,167.15,100,167.5,400,800,1439300
NIFTY20OCT2217100CE.NFO,13/10/2022,09:37:27,167,166.8,150,167.1,400,300,1439300
NIFTY20OCT2217100CE.NFO,13/10/2022,09:37:28,167.2,167.4,150,167.75,150,400,1439300
NIFTY20OCT2217100CE.NFO,13/10/2022,09:37:30,167.25,167.5,100,167.9,100,250,1439300
NIFTY20OCT2217100CE.NFO,13/10/2022,09:37:32,168.35,168.35,200,168.7,400,2550,1439300
NIFTY20OCT2217100CE.NFO,13/10/2022,09:37:33,168.95,168.6,100,168.95,400,2200,1439300
NIFTY20OCT2217100CE.NFO,13/10/2022,09:37:35,168.75,168,250,168.35,400,400,1439300
NIFTY20OCT2217100CE.NFO,13/10/2022,09:37:37,166.75,166.5,50,166.8,50,1650,1439300
NIFTY20OCT2217100CE.NFO,13/10/2022,09:37:38,167.2,167.05,50,167.4,150,1750,1439300
NIFTY20OCT2217100CE.NFO,13/10/2022,09:37:40,167.25,167.35,100,167.75,150,600,1439300
NIFTY20OCT2217100CE.NFO,13/10/2022,09:37:42,167.05,166.4,50,166.75,100,350,1439300
NIFTY20OCT2217100CE.NFO,13/10/2022,09:37:43,166.65,166.45,250,166.85,50,400,1439300
NIFTY20OCT2217100CE.NFO,13/10/2022,09:37:45,166,165.8,200,166,750,3850,1439300
NIFTY20OCT2217100CE.NFO,13/10/2022,09:37:47,165.5,165.5,50,165.8,50,550,1439300
NIFTY20OCT2217100CE.NFO,13/10/2022,09:37:48,165.8,165.5,50,165.9,50,3550,1439300
NIFTY20OCT2217100CE.NFO,13/10/2022,09:37:50,165,165,8200,165.4,100,3400,1439300
NIFTY20OCT2217100CE.NFO,13/10/2022,09:37:50,165,165,8200,165.4,100,0,1439300
NIFTY20OCT2217100CE.NFO,13/10/2022,09:37:52,165.2,165.3,450,165.7,100,3000,1439300
NIFTY20OCT2217100CE.NFO,13/10/2022,09:37:53,165.5,165.65,150,166.05,50,1300,1439300
NIFTY20OCT2217100CE.NFO,13/10/2022,09:37:55,166.85,166.6,400,166.95,50,4350,1439300
NIFTY20OCT2217100CE.NFO,13/10/2022,09:37:57,166.2,166.2,400,166.55,450,3050,1439300
NIFTY20OCT2217100CE.NFO,13/10/2022,09:37:58,166.55,166.35,100,166.75,50,1050,1439300
NIFTY20OCT2217100CE.NFO,13/10/2022,09:38:00,166.25,166.15,100,166.55,50,2300,1439300
NIFTY20OCT2217100CE.NFO,13/10/2022,09:38:02,166.2,165.85,400,166.15,50,550,1439300
NIFTY20OCT2217100CE.NFO,13/10/2022,09:38:03,166.3,166.2,350,166.65,450,3600,1439300
NIFTY20OCT2217100CE.NFO,13/10/2022,09:38:05,166.05,166.05,750,166.45,50,600,1439300
NIFTY20OCT2217100CE.NFO,13/10/2022,09:38:07,165.7,165.65,100,166.05,150,2550,1439300
NIFTY20OCT2217100CE.NFO,13/10/2022,09:38:09,165.95,165.75,50,166.1,400,2900,1439300
NIFTY20OCT2217100CE.NFO,13/10/2022,09:38:10,166.3,165.9,100,166.3,50,650,1439300
NIFTY20OCT2217100CE.NFO,13/10/2022,09:38:12,166.1,165.6,200,166,400,300,1439300
NIFTY20OCT2217100CE.NFO,13/10/2022,09:38:14,166,165.9,450,166.3,500,1650,1439300
NIFTY20OCT2217100CE.NFO,13/10/2022,09:38:15,166,166.3,50,166.7,100,0,1439300
NIFTY20OCT2217100CE.NFO,13/10/2022,09:38:17,166.4,166,50,166.35,100,800,1439300
NIFTY20OCT2217100CE.NFO,13/10/2022,09:38:19,166,165.85,50,166.2,50,200,1439300
NIFTY20OCT2217100CE.NFO,13/10/2022,09:38:20,165.65,165.15,200,165.6,900,3100,1439300
NIFTY20OCT2217100CE.NFO,13/10/2022,09:38:22,165,165,3600,165.3,50,5050,1439300
NIFTY20OCT2217100CE.NFO,13/10/2022,09:38:24,164.7,164.55,450,164.85,100,4400,1439300
NIFTY20OCT2217100CE.NFO,13/10/2022,09:38:24,164.55,164.55,450,164.85,100,0,1439300
NIFTY20OCT2217100CE.NFO,13/10/2022,09:38:25,164,164.05,50,164.3,350,2900,1439300
NIFTY20OCT2217100CE.NFO,13/10/2022,09:38:25,164,164.05,50,164.3,350,0,1439300
NIFTY20OCT2217100CE.NFO,13/10/2022,09:38:27,164.6,164.65,200,164.95,100,3600,1439300
NIFTY20OCT2217100CE.NFO,13/10/2022,09:38:27,163.85,164.65,200,164.95,100,0,1439300
NIFTY20OCT2217100CE.NFO,13/10/2022,09:38:29,164.45,164.4,300,164.65,100,1950,1439300
NIFTY20OCT2217100CE.NFO,13/10/2022,09:38:30,165,165.15,50,165.55,100,3400,1439300
NIFTY20OCT2217100CE.NFO,13/10/2022,09:38:32,165.85,165.6,100,166,1500,800,1439300
NIFTY20OCT2217100CE.NFO,13/10/2022,09:38:34,165.45,165.2,850,165.55,450,300,1439300
NIFTY20OCT2217100CE.NFO,13/10/2022,09:38:35,164.85,165.1,50,165.55,600,450,1439300
NIFTY20OCT2217100CE.NFO,13/10/2022,09:38:37,165.95,165.6,1250,165.95,50,1750,1439300
NIFTY20OCT2217100CE.NFO,13/10/2022,09:38:39,165.6,165.6,150,165.85,50,550,1439300
NIFTY20OCT2217100CE.NFO,13/10/2022,09:38:40,165.75,165.8,100,166,850,150,1439300
NIFTY20OCT2217100CE.NFO,13/10/2022,09:38:42,166.25,166.4,50,166.8,150,1150,1476950
NIFTY20OCT2217100CE.NFO,13/10/2022,09:38:44,166.45,166.2,350,166.55,150,1500,1476950
NIFTY20OCT2217100CE.NFO,13/10/2022,09:38:45,166.15,165.9,500,166.2,50,2650,1476950
NIFTY20OCT2217100CE.NFO,13/10/2022,09:38:47,166.7,166.05,50,166.4,400,350,1476950
NIFTY20OCT2217100CE.NFO,13/10/2022,09:38:49,166,166,100,166.45,550,350,1476950
NIFTY20OCT2217100CE.NFO,13/10/2022,09:38:50,166.35,166,500,166.35,50,400,1476950
NIFTY20OCT2217100CE.NFO,13/10/2022,09:38:52,166.65,166,250,166.15,100,950,1476950
NIFTY20OCT2217100CE.NFO,13/10/2022,09:38:54,166.7,166.4,550,166.75,350,3300,1476950
NIFTY20OCT2217100CE.NFO,13/10/2022,09:38:55,166.2,166.4,50,166.75,400,1550,1476950
NIFTY20OCT2217100CE.NFO,13/10/2022,09:38:57,166,165.7,100,166.1,50,450,1476950
NIFTY20OCT2217100CE.NFO,13/10/2022,09:38:59,166.2,165.7,150,166,400,750,1476950
NIFTY20OCT2217100CE.NFO,13/10/2022,09:39:00,165,165,2550,165.3,50,1600,1476950
NIFTY20OCT2217100CE.NFO,13/10/2022,09:39:02,164.9,164.6,50,164.95,50,2850,1476950
NIFTY20OCT2217100CE.NFO,13/10/2022,09:39:04,164.8,164.75,200,165.05,400,1950,1476950
NIFTY20OCT2217100CE.NFO,13/10/2022,09:39:05,165.45,164.8,100,165.2,450,500,1476950
NIFTY20OCT2217100CE.NFO,13/10/2022,09:39:07,164.55,164.25,50,164.7,600,2650,1476950
NIFTY20OCT2217100CE.NFO,13/10/2022,09:39:09,163.55,163.5,50,163.75,450,4050,1476950
NIFTY20OCT2217100CE.NFO,13/10/2022,09:39:09,163.55,163.5,50,163.75,450,0,1476950
NIFTY20OCT2217100CE.NFO,13/10/2022,09:39:10,163.8,163.6,50,163.95,400,350,1476950
NIFTY20OCT2217100CE.NFO,13/10/2022,09:39:10,163.35,163.6,50,163.95,400,0,1476950
NIFTY20OCT2217100CE.NFO,13/10/2022,09:39:12,163.35,163.45,400,163.85,450,4550,1476950
NIFTY20OCT2217100CE.NFO,13/10/2022,09:39:14,163.3,163,2200,163.35,50,2700,1476950
NIFTY20OCT2217100CE.NFO,13/10/2022,09:39:14,163.3,163,2200,163.35,50,0,1476950
NIFTY20OCT2217100CE.NFO,13/10/2022,09:39:15,163.1,163.1,50,163.45,400,900,1476950
NIFTY20OCT2217100CE.NFO,13/10/2022,09:39:15,163.1,163.1,50,163.45,400,0,1476950
NIFTY20OCT2217100CE.NFO,13/10/2022,09:39:17,163.4,163.35,450,163.75,100,1900,1476950
NIFTY20OCT2217100CE.NFO,13/10/2022,09:39:19,163.9,163.6,50,163.85,100,2450,1476950
NIFTY20OCT2217100CE.NFO,13/10/2022,09:39:20,164.4,164.1,50,164.55,500,1900,1476950
NIFTY20OCT2217100CE.NFO,13/10/2022,09:39:22,164.5,163.95,100,164.35,400,600,1476950
NIFTY20OCT2217100CE.NFO,13/10/2022,09:39:24,163.65,163.45,150,163.85,450,600,1476950
NIFTY20OCT2217100CE.NFO,13/10/2022,09:39:25,163.25,163.25,450,163.6,100,3900,1476950
NIFTY20OCT2217100CE.NFO,13/10/2022,09:39:27,163.5,163.2,500,163.6,200,4050,1476950
NIFTY20OCT2217100CE.NFO,13/10/2022,09:39:29,163.3,163.3,400,163.65,550,3050,1476950
NIFTY20OCT2217100CE.NFO,13/10/2022,09:39:29,162.95,163.3,400,163.65,550,0,1476950
NIFTY20OCT2217100CE.NFO,13/10/2022,09:39:30,163.4,163.5,400,163.9,50,400,1476950
NIFTY20OCT2217100CE.NFO,13/10/2022,09:39:32,163.95,163.55,450,163.9,350,250,1476950
NIFTY20OCT2217100CE.NFO,13/10/2022,09:39:34,164.15,164.1,400,164.5,400,3900,1476950
NIFTY20OCT2217100CE.NFO,13/10/2022,09:39:35,163.65,163.7,50,164.05,150,1550,1476950
NIFTY20OCT2217100CE.NFO,13/10/2022,09:39:37,164.1,164.05,50,164.5,550,900,1476950
NIFTY20OCT2217100CE.NFO,13/10/2022,09:39:39,164.25,164.1,150,164.45,150,150,1476950
NIFTY20OCT2217100CE.NFO,13/10/2022,09:39:40,163.95,164.05,400,164.4,100,2100,1476950
NIFTY20OCT2217100CE.NFO,13/10/2022,09:39:42,164.2,163.95,50,164.4,400,4750,1476950
NIFTY20OCT2217100CE.NFO,13/10/2022,09:39:44,164.05,163.85,400,164.2,50,500,1476950
NIFTY20OCT2217100CE.NFO,13/10/2022,09:39:45,163.8,163.65,400,163.95,1450,1200,1476950
NIFTY20OCT2217100CE.NFO,13/10/2022,09:39:47,164.25,164.4,100,164.65,150,2150,1476950
NIFTY20OCT2217100CE.NFO,13/10/2022,09:39:49,164.1,164.25,500,164.55,200,1450,1476950
NIFTY20OCT2217100CE.NFO,13/10/2022,09:39:50,163.65,163.8,450,164.15,350,550,1476950
NIFTY20OCT2217100CE.NFO,13/10/2022,09:39:52,163.2,163.3,400,163.6,50,500,1476950
NIFTY20OCT2217100CE.NFO,13/10/2022,09:39:54,163.05,163,2300,163.35,50,850,1476950
NIFTY20OCT2217100CE.NFO,13/10/2022,09:39:55,162.55,162.6,50,162.95,150,3050,1476950
NIFTY20OCT2217100CE.NFO,13/10/2022,09:39:55,162.55,162.6,50,162.95,150,0,1476950
NIFTY20OCT2217100CE.NFO,13/10/2022,09:39:57,162.3,162.05,900,162.3,50,1200,1476950
NIFTY20OCT2217100CE.NFO,13/10/2022,09:39:57,162.05,162.05,900,162.3,50,0,1476950
NIFTY20OCT2217100CE.NFO,13/10/2022,09:39:59,162.85,162.05,350,162.4,850,1500,1476950
NIFTY20OCT2217100CE.NFO,13/10/2022,09:39:59,162,162.05,350,162.4,850,0,1476950
NIFTY20OCT2217100CE.NFO,13/10/2022,09:40:00,161.65,161.55,450,161.95,400,1100,1476950
NIFTY20OCT2217100CE.NFO,13/10/2022,09:40:00,161.55,161.55,450,161.95,400,0,1476950
NIFTY20OCT2217100CE.NFO,13/10/2022,09:40:02,161.65,161.35,300,161.65,150,11000,1476950
NIFTY20OCT2217100CE.NFO,13/10/2022,09:40:02,160.65,161.35,300,161.65,150,0,1476950
NIFTY20OCT2217100CE.NFO,13/10/2022,09:40:04,160,159.65,50,160.05,50,16550,1476950
NIFTY20OCT2217100CE.NFO,13/10/2022,09:40:04,158.9,159.65,50,160.05,50,0,1476950
NIFTY20OCT2217100CE.NFO,13/10/2022,09:40:05,159,159,150,159.4,50,4400,1476950
NIFTY20OCT2217100CE.NFO,13/10/2022,09:40:07,158.8,158.25,500,158.6,50,3350,1476950
NIFTY20OCT2217100CE.NFO,13/10/2022,09:40:07,158.65,158.25,500,158.6,50,0,1476950
NIFTY20OCT2217100CE.NFO,13/10/2022,09:40:09,158.9,158.35,150,158.7,50,6550,1476950
NIFTY20OCT2217100CE.NFO,13/10/2022,09:40:09,157.3,158.35,150,158.7,50,0,1476950
NIFTY20OCT2217100CE.NFO,13/10/2022,09:40:10,158.15,157.7,100,158.1,50,2950,1476950
NIFTY20OCT2217100CE.NFO,13/10/2022,09:40:12,158.4,158.4,300,158.65,50,3450,1476950
NIFTY20OCT2217100CE.NFO,13/10/2022,09:40:14,158,158,400,158.4,50,1700,1476950
NIFTY20OCT2217100CE.NFO,13/10/2022,09:40:15,158.6,158.4,50,158.8,500,2300,1476950
NIFTY20OCT2217100CE.NFO,13/10/2022,09:40:17,158.55,158.65,50,159,50,1400,1476950
NIFTY20OCT2217100CE.NFO,13/10/2022,09:40:19,159.35,159.3,50,159.75,400,4550,1476950
NIFTY20OCT2217100CE.NFO,13/10/2022,09:40:20,159.9,159.65,50,159.95,400,750,1476950
NIFTY20OCT2217100CE.NFO,13/10/2022,09:40:22,159.8,159.45,50,159.7,50,1450,1476950
NIFTY20OCT2217100CE.NFO,13/10/2022,09:40:24,159.4,159.2,450,159.6,50,6400,1476950
NIFTY20OCT2217100CE.NFO,13/10/2022,09:40:25,159.5,159.1,50,159.5,200,2150,1476950
NIFTY20OCT2217100CE.NFO,13/10/2022,09:40:27,160.8,160.45,50,160.9,1300,2350,1476950
NIFTY20OCT2217100CE.NFO,13/10/2022,09:40:29,161,160.75,50,161,50,450,1476950
NIFTY20OCT2217100CE.NFO,13/10/2022,09:40:30,160.3,160,400,160.35,50,1250,1476950
NIFTY20OCT2217100CE.NFO,13/10/2022,09:40:32,159.65,159.4,400,159.8,300,1100,1476950
NIFTY20OCT2217100CE.NFO,13/10/2022,09:40:34,159.7,159.35,200,159.7,500,1800,1476950
NIFTY20OCT2217100CE.NFO,13/10/2022,09:40:35,159.35,159,200,159.25,400,1000,1476950
NIFTY20OCT2217100CE.NFO,13/10/2022,09:40:37,158.9,158.8,100,159.1,50,3200,1476950
NIFTY20OCT2217100CE.NFO,13/10/2022,09:40:39,159.05,158.6,100,158.85,50,550,1476950
NIFTY20OCT2217100CE.NFO,13/10/2022,09:40:40,158.7,158.9,400,159.2,50,600,1476950
NIFTY20OCT2217100CE.NFO,13/10/2022,09:40:42,159.45,159.1,100,159.4,50,1100,1476950
NIFTY20OCT2217100CE.NFO,13/10/2022,09:40:44,159.2,158.7,50,159.05,400,1800,1476950
NIFTY20OCT2217100CE.NFO,13/10/2022,09:40:45,159.1,158.9,100,159.25,350,1800,1476950
NIFTY20OCT2217100CE.NFO,13/10/2022,09:40:47,159.15,158.85,50,158.95,50,4750,1476950
NIFTY20OCT2217100CE.NFO,13/10/2022,09:40:49,158.95,158.9,100,159.3,450,5600,1476950
NIFTY20OCT2217100CE.NFO,13/10/2022,09:40:50,159.3,159,850,159.3,100,1950,1476950
NIFTY20OCT2217100CE.NFO,13/10/2022,09:40:52,159.2,158.85,100,159.2,400,850,1476950
NIFTY20OCT2217100CE.NFO,13/10/2022,09:40:54,159,158.7,150,159.1,350,1450,1476950
NIFTY20OCT2217100CE.NFO,13/10/2022,09:40:55,159.2,159.25,100,159.55,100,850,1476950
NIFTY20OCT2217100CE.NFO,13/10/2022,09:40:57,159.3,158.9,50,159.2,300,1650,1476950
NIFTY20OCT2217100CE.NFO,13/10/2022,09:40:59,159.2,158.95,50,159.3,50,2050,1476950
NIFTY20OCT2217100CE.NFO,13/10/2022,09:41:00,159.3,158.8,150,159.25,550,350,1476950
NIFTY20OCT2217100CE.NFO,13/10/2022,09:41:02,159.3,158.8,100,159.15,400,950,1476950
NIFTY20OCT2217100CE.NFO,13/10/2022,09:41:04,159.15,159,400,159.2,2200,350,1476950
NIFTY20OCT2217100CE.NFO,13/10/2022,09:41:05,159.6,159.65,250,159.9,400,3750,1476950
NIFTY20OCT2217100CE.NFO,13/10/2022,09:41:07,159.65,159.25,850,159.65,200,600,1476950
NIFTY20OCT2217100CE.NFO,13/10/2022,09:41:09,159.15,159.1,50,159.35,150,2150,1476950
NIFTY20OCT2217100CE.NFO,13/10/2022,09:41:10,159.7,159.35,50,159.7,100,2050,1476950
NIFTY20OCT2217100CE.NFO,13/10/2022,09:41:12,159.65,159.35,200,159.65,1400,600,1476950
NIFTY20OCT2217100CE.NFO,13/10/2022,09:41:14,159.95,159.65,450,159.95,1300,3450,1476950
NIFTY20OCT2217100CE.NFO,13/10/2022,09:41:15,159.95,159.7,450,159.95,1000,1850,1476950
NIFTY20OCT2217100CE.NFO,13/10/2022,09:41:17,160.5,160.45,50,160.8,1650,4200,1476950
NIFTY20OCT2217100CE.NFO,13/10/2022,09:41:19,160.2,160.25,50,160.6,250,1500,1476950
NIFTY20OCT2217100CE.NFO,13/10/2022,09:41:20,160.8,160.6,150,160.8,1450,750,1476950
NIFTY20OCT2217100CE.NFO,13/10/2022,09:41:22,160.75,160.5,100,160.8,1450,150,1476950
NIFTY20OCT2217100CE.NFO,13/10/2022,09:41:24,160.45,160.5,50,160.8,1400,550,1476950
NIFTY20OCT2217100CE.NFO,13/10/2022,09:41:25,160.8,160.65,50,160.8,3050,300,1476950
NIFTY20OCT2217100CE.NFO,13/10/2022,09:41:27,160.8,160.8,400,161.15,50,4900,1476950
NIFTY20OCT2217100CE.NFO,13/10/2022,09:41:29,161.5,161.45,150,161.6,50,450,1476950
NIFTY20OCT2217100CE.NFO,13/10/2022,09:41:30,161.8,161.8,400,162,100,1450,1476950
NIFTY20OCT2217100CE.NFO,13/10/2022,09:41:32,161.65,161.75,500,161.9,100,5600,1476950
NIFTY20OCT2217100CE.NFO,13/10/2022,09:41:34,162.3,161.6,150,162,900,1600,1476950
NIFTY20OCT2217100CE.NFO,13/10/2022,09:41:35,161.6,161.6,150,161.95,50,650,1476950
NIFTY20OCT2217100CE.NFO,13/10/2022,09:41:37,161.45,161.4,150,161.8,350,1100,1476950
NIFTY20OCT2217100CE.NFO,13/10/2022,09:41:39,161,161.1,400,161.4,50,1000,1476950
NIFTY20OCT2217100CE.NFO,13/10/2022,09:41:40,161.6,161.3,100,161.65,50,2850,1476950
NIFTY20OCT2217100CE.NFO,13/10/2022,09:41:42,162,161.5,150,161.9,50,150,1521100
NIFTY20OCT2217100CE.NFO,13/10/2022,09:41:44,161.95,161.5,150,161.85,400,1000,1521100
NIFTY20OCT2217100CE.NFO,13/10/2022,09:41:45,161.75,161.65,50,161.95,100,1550,1521100
NIFTY20OCT2217100CE.NFO,13/10/2022,09:41:47,161.7,161.2,400,161.65,150,800,1521100
NIFTY20OCT2217100CE.NFO,13/10/2022,09:41:49,161.95,161.5,100,161.9,50,1750,1521100
NIFTY20OCT2217100CE.NFO,13/10/2022,09:41:50,161.6,161.6,650,161.95,50,150,1521100
NIFTY20OCT2217100CE.NFO,13/10/2022,09:41:52,162,161.5,850,161.95,150,550,1521100
NIFTY20OCT2217100CE.NFO,13/10/2022,09:41:54,162,161.65,400,162,1700,700,1521100
NIFTY20OCT2217100CE.NFO,13/10/2022,09:41:55,161.95,161.65,50,162,1350,1850,1521100
NIFTY20OCT2217100CE.NFO,13/10/2022,09:41:57,161.3,161.25,250,161.6,150,900,1521100
NIFTY20OCT2217100CE.NFO,13/10/2022,09:41:59,161.4,161.15,250,161.5,50,450,1521100
NIFTY20OCT2217100CE.NFO,13/10/2022,09:42:00,160,160,1050,160.05,50,6250,1521100
NIFTY20OCT2217100CE.NFO,13/10/2022,09:42:02,160.65,160.55,150,160.9,100,1650,1521100
NIFTY20OCT2217100CE.NFO,13/10/2022,09:42:04,161.2,160.8,300,161.2,150,950,1521100
NIFTY20OCT2217100CE.NFO,13/10/2022,09:42:05,160.55,160.35,50,160.7,400,600,1521100
NIFTY20OCT2217100CE.NFO,13/10/2022,09:42:07,160.05,160.05,150,160.45,150,3100,1521100
NIFTY20OCT2217100CE.NFO,13/10/2022,09:42:09,160,160,750,160.4,150,1650,1521100
NIFTY20OCT2217100CE.NFO,13/10/2022,09:42:10,159.8,159.45,100,159.8,400,1300,1521100
NIFTY20OCT2217100CE.NFO,13/10/2022,09:42:12,159.55,159.6,100,159.9,100,1050,1521100
NIFTY20OCT2217100CE.NFO,13/10/2022,09:42:14,160,159.85,250,160.2,150,3100,1521100
NIFTY20OCT2217100CE.NFO,13/10/2022,09:42:15,159.85,160.2,500,160.5,50,1850,1521100
NIFTY20OCT2217100CE.NFO,13/10/2022,09:42:17,160.25,160.2,650,160.6,150,200,1521100
NIFTY20OCT2217100CE.NFO,13/10/2022,09:42:19,160.15,159.85,350,160.2,50,1600,1521100
NIFTY20OCT2217100CE.NFO,13/10/2022,09:42:20,159.95,159.85,150,160.25,400,2350,1521100
NIFTY20OCT2217100CE.NFO,13/10/2022,09:42:22,160.1,160,100,160.15,50,450,1521100
NIFTY20OCT2217100CE.NFO,13/10/2022,09:42:24,160,159.9,200,160.3,50,300,1521100
NIFTY20OCT2217100CE.NFO,13/10/2022,09:42:25,160.2,160.2,100,160.45,1250,500,1521100
NIFTY20OCT2217100CE.NFO,13/10/2022,09:42:27,160,159.85,50,160,550,150,1521100
NIFTY20OCT2217100CE.NFO,13/10/2022,09:42:29,160.45,159.9,450,160.3,750,650,1521100
NIFTY20OCT2217100CE.NFO,13/10/2022,09:42:30,159.8,159.8,100,160.15,350,250,1521100
NIFTY20OCT2217100CE.NFO,13/10/2022,09:42:32,160,160.15,50,160.4,100,300,1521100
NIFTY20OCT2217100CE.NFO,13/10/2022,09:42:34,160.3,159.95,150,160.35,300,900,1521100
NIFTY20OCT2217100CE.NFO,13/10/2022,09:42:35,159.6,159.75,50,160.15,200,300,1521100
NIFTY20OCT2217100CE.NFO,13/10/2022,09:42:37,160.1,159.7,400,160.1,150,700,1521100
NIFTY20OCT2217100CE.NFO,13/10/2022,09:42:39,159.55,159.55,400,159.9,150,400,1521100
NIFTY20OCT2217100CE.NFO,13/10/2022,09:42:41,160.1,159.65,250,160.05,100,1300,1521100
NIFTY20OCT2217100CE.NFO,13/10/2022,09:42:42,159.5,159.15,50,159.5,550,600,1521100
NIFTY20OCT2217100CE.NFO,13/10/2022,09:42:44,159.4,159.05,50,159.4,400,1350,1521100
NIFTY20OCT2217100CE.NFO,13/10/2022,09:42:46,159.25,159.05,200,159.4,200,1700,1521100
NIFTY20OCT2217100CE.NFO,13/10/2022,09:42:47,159.1,159,400,159.3,50,850,1521100
NIFTY20OCT2217100CE.NFO,13/10/2022,09:42:49,158.65,158.65,200,159,400,1000,1521100
NIFTY20OCT2217100CE.NFO,13/10/2022,09:42:51,158,157.9,50,158.25,600,3450,1521100
NIFTY20OCT2217100CE.NFO,13/10/2022,09:42:52,157.6,157.85,50,158.2,200,800,1521100
NIFTY20OCT2217100CE.NFO,13/10/2022,09:42:54,157.85,157.95,50,158.2,50,1150,1521100
NIFTY20OCT2217100CE.NFO,13/10/2022,09:42:56,158.15,158,1050,158.35,550,600,1521100
NIFTY20OCT2217100CE.NFO,13/10/2022,09:42:57,159,158.8,50,159.1,50,750,1521100
NIFTY20OCT2217100CE.NFO,13/10/2022,09:42:59,158.8,158.75,50,159.1,200,200,1521100
NIFTY20OCT2217100CE.NFO,13/10/2022,09:43:01,158.45,158.05,50,158.45,200,1300,1521100
NIFTY20OCT2217100CE.NFO,13/10/2022,09:43:02,157.95,157.95,100,158.1,450,550,1521100
NIFTY20OCT2217100CE.NFO,13/10/2022,09:43:04,158.7,158.55,900,158.95,250,1300,1521100
NIFTY20OCT2217100CE.NFO,13/10/2022,09:43:06,158,157.85,850,158.2,50,400,1521100
NIFTY20OCT2217100CE.NFO,13/10/2022,09:43:07,158,157.7,100,158.1,450,1300,1521100
NIFTY20OCT2217100CE.NFO,13/10/2022,09:43:09,158.4,158.05,250,158.45,50,1100,1521100
NIFTY20OCT2217100CE.NFO,13/10/2022,09:43:11,158.25,158.05,50,158.35,50,2800,1521100
NIFTY20OCT2217100CE.NFO,13/10/2022,09:43:12,158.3,158.05,450,158.4,350,1050,1521100
NIFTY20OCT2217100CE.NFO,13/10/2022,09:43:14,158,157.8,550,158.2,350,500,1521100
NIFTY20OCT2217100CE.NFO,13/10/2022,09:43:15,158.55,158.2,400,158.55,50,550,1521100
NIFTY20OCT2217100CE.NFO,13/10/2022,09:43:17,159.5,159.15,400,159.55,100,900,1521100
NIFTY20OCT2217100CE.NFO,13/10/2022,09:43:19,159.05,158.9,50,159.25,350,1500,1521100
NIFTY20OCT2217100CE.NFO,13/10/2022,09:43:20,158.65,158.65,550,159.1,700,450,1521100
NIFTY20OCT2217100CE.NFO,13/10/2022,09:43:22,159.1,159.1,100,159.5,100,30450,1521100
NIFTY20OCT2217100CE.NFO,13/10/2022,09:43:24,160,160,8450,160.05,200,36900,1521100
NIFTY20OCT2217100CE.NFO,13/10/2022,09:43:25,160.2,160.2,50,160.5,100,1750,1521100
NIFTY20OCT2217100CE.NFO,13/10/2022,09:43:27,160,160,39400,160.1,50,1400,1521100
NIFTY20OCT2217100CE.NFO,13/10/2022,09:43:29,160,160,30200,160.05,1900,9700,1521100
NIFTY20OCT2217100CE.NFO,13/10/2022,09:43:30,160.7,160.45,450,160.8,2850,2800,1521100
NIFTY20OCT2217100CE.NFO,13/10/2022,09:43:32,160.2,160.25,400,160.6,50,700,1521100
NIFTY20OCT2217100CE.NFO,13/10/2022,09:43:34,160.8,160.8,50,161,350,3150,1521100
NIFTY20OCT2217100CE.NFO,13/10/2022,09:43:35,161.8,161.8,50,162.15,50,1750,1521100
NIFTY20OCT2217100CE.NFO,13/10/2022,09:43:37,161.8,161.65,400,162,50,1400,1521100
NIFTY20OCT2217100CE.NFO,13/10/2022,09:43:39,161.2,160.85,50,161.2,100,1300,1521100
NIFTY20OCT2217100CE.NFO,13/10/2022,09:43:40,160.75,160.6,50,161,200,750,1521100
NIFTY20OCT2217100CE.NFO,13/10/2022,09:43:42,160.6,161.05,400,161.4,350,450,1521100
NIFTY20OCT2217100CE.NFO,13/10/2022,09:43:44,162.1,161.95,400,162.4,50,32650,1521100
NIFTY20OCT2217100CE.NFO,13/10/2022,09:43:45,162.3,162.1,50,162.45,50,650,1521100
NIFTY20OCT2217100CE.NFO,13/10/2022,09:43:47,162.2,162.2,100,162.55,50,650,1521100
NIFTY20OCT2217100CE.NFO,13/10/2022,09:43:49,162.2,162.2,400,162.45,950,1700,1521100
NIFTY20OCT2217100CE.NFO,13/10/2022,09:43:50,163.05,163.05,50,163.45,50,850,1521100
NIFTY20OCT2217100CE.NFO,13/10/2022,09:43:52,163.15,162.75,2550,163.15,50,1000,1521100
NIFTY20OCT2217100CE.NFO,13/10/2022,09:43:54,163.05,162.75,50,162.9,50,1050,1521100
NIFTY20OCT2217100CE.NFO,13/10/2022,09:43:55,161.55,161.45,200,161.8,100,1750,1521100
NIFTY20OCT2217100CE.NFO,13/10/2022,09:43:57,161.4,161.3,50,161.55,50,700,1521100
NIFTY20OCT2217100CE.NFO,13/10/2022,09:43:59,161.65,161.45,50,161.8,50,900,1521100
NIFTY20OCT2217100CE.NFO,13/10/2022,09:44:00,161.8,161.65,50,161.95,400,200,1521100
NIFTY20OCT2217100CE.NFO,13/10/2022,09:44:02,162,161.8,50,162,1700,1250,1521100
NIFTY20OCT2217100CE.NFO,13/10/2022,09:44:04,162.35,162.45,450,162.85,50,3000,1521100
NIFTY20OCT2217100CE.NFO,13/10/2022,09:44:05,162.5,162.55,50,162.85,100,2350,1521100
NIFTY20OCT2217100CE.NFO,13/10/2022,09:44:07,163,162.7,150,163,50,3800,1521100
NIFTY20OCT2217100CE.NFO,13/10/2022,09:44:09,163.3,163.3,100,163.6,50,300,1521100
NIFTY20OCT2217100CE.NFO,13/10/2022,09:44:10,164,163.55,300,163.85,50,1150,1521100
NIFTY20OCT2217100CE.NFO,13/10/2022,09:44:12,163.6,163.5,50,163.8,300,300,1521100
NIFTY20OCT2217100CE.NFO,13/10/2022,09:44:14,163.35,163.05,100,163.3,50,1400,1521100
NIFTY20OCT2217100CE.NFO,13/10/2022,09:44:16,163.05,163,1650,163.35,50,2800,1521100
NIFTY20OCT2217100CE.NFO,13/10/2022,09:44:17,163.5,163.35,50,163.65,100,2400,1521100
NIFTY20OCT2217100CE.NFO,13/10/2022,09:44:19,163.35,163.5,50,163.7,50,500,1521100
NIFTY20OCT2217100CE.NFO,13/10/2022,09:44:21,163.8,163.65,50,163.95,100,3350,1521100
NIFTY20OCT2217100CE.NFO,13/10/2022,09:44:22,163.45,163.4,150,163.85,450,200,1521100
NIFTY20OCT2217100CE.NFO,13/10/2022,09:44:24,163.25,163.25,50,163.6,450,550,1521100
NIFTY20OCT2217100CE.NFO,13/10/2022,09:44:26,163.85,163.8,50,163.95,50,2300,1521100
NIFTY20OCT2217100CE.NFO,13/10/2022,09:44:27,164.2,163.85,100,164.2,50,1350,1521100
NIFTY20OCT2217100CE.NFO,13/10/2022,09:44:29,163.7,163.85,150,164,50,600,1521100
NIFTY20OCT2217100CE.NFO,13/10/2022,09:44:31,164.65,164.75,50,164.9,100,2100,1521100
NIFTY20OCT2217100CE.NFO,13/10/2022,09:44:32,164.55,164.5,100,164.8,50,2500,1521100
NIFTY20OCT2217100CE.NFO,13/10/2022,09:44:34,164.85,164.85,250,165.2,50,1750,1521100
NIFTY20OCT2217100CE.NFO,13/10/2022,09:44:36,164.2,164.4,200,164.8,100,800,1521100
NIFTY20OCT2217100CE.NFO,13/10/2022,09:44:37,164.35,164.05,100,164.4,50,2000,1521100
NIFTY20OCT2217100CE.NFO,13/10/2022,09:44:39,164.1,164,800,164.35,100,450,1521100
NIFTY20OCT2217100CE.NFO,13/10/2022,09:44:41,164.5,164.1,450,164.5,450,1450,1521100
NIFTY20OCT2217100CE.NFO,13/10/2022,09:44:42,164.6,164.45,100,164.8,50,500,1521100
NIFTY20OCT2217100CE.NFO,13/10/2022,09:44:44,164.4,164.4,550,164.8,100,1400,1587900
NIFTY20OCT2217100CE.NFO,13/10/2022,09:44:46,164,163.4,1200,163.85,100,1400,1587900
NIFTY20OCT2217100CE.NFO,13/10/2022,09:44:47,163.4,163.3,450,163.8,850,2750,1587900
NIFTY20OCT2217100CE.NFO,13/10/2022,09:44:49,163.5,163.25,500,163.5,250,1000,1587900
NIFTY20OCT2217100CE.NFO,13/10/2022,09:44:51,162.3,162.25,400,162.65,50,5300,1587900
NIFTY20OCT2217100CE.NFO,13/10/2022,09:44:52,162.45,162.05,300,162.4,250,2000,1587900
NIFTY20OCT2217100CE.NFO,13/10/2022,09:44:54,161.3,161.15,100,161.6,400,4150,1587900
NIFTY20OCT2217100CE.NFO,13/10/2022,09:44:56,160.75,161.05,450,161.4,100,400,1587900
NIFTY20OCT2217100CE.NFO,13/10/2022,09:44:57,160.85,161.1,150,161.45,50,350,1587900
NIFTY20OCT2217100CE.NFO,13/10/2022,09:44:59,161.8,161.95,100,162.25,50,450,1587900
NIFTY20OCT2217100CE.NFO,13/10/2022,09:45:01,161.65,161.65,150,162.05,50,450,1587900
NIFTY20OCT2217100CE.NFO,13/10/2022,09:45:02,161.3,161.25,100,161.7,100,500,1587900
NIFTY20OCT2217100CE.NFO,13/10/2022,09:45:04,160.95,161.1,150,161.45,100,1450,1587900
NIFTY20OCT2217100CE.NFO,13/10/2022,09:45:06,160.95,161.55,100,161.9,400,0,1587900
NIFTY20OCT2217100CE.NFO,13/10/2022,09:45:07,161.95,161.45,150,161.85,150,450,1587900
NIFTY20OCT2217100CE.NFO,13/10/2022,09:45:09,161.2,161.15,100,161.55,400,300,1587900
NIFTY20OCT2217100CE.NFO,13/10/2022,09:45:11,160.55,160.35,100,160.7,450,1900,1587900
NIFTY20OCT2217100CE.NFO,13/10/2022,09:45:12,160.3,160.55,50,160.85,50,1050,1587900
NIFTY20OCT2217100CE.NFO,13/10/2022,09:45:14,161.2,160.8,750,161.15,50,1550,1587900
NIFTY20OCT2217100CE.NFO,13/10/2022,09:45:16,160.95,160.8,100,161.15,100,250,1587900
NIFTY20OCT2217100CE.NFO,13/10/2022,09:45:17,160.6,160.55,100,160.95,100,300,1587900
NIFTY20OCT2217100CE.NFO,13/10/2022,09:45:19,161,161,200,161.4,550,800,1587900
NIFTY20OCT2217100CE.NFO,13/10/2022,09:45:21,161.35,160.85,700,161.35,750,3800,1587900
NIFTY20OCT2217100CE.NFO,13/10/2022,09:45:22,161.4,161.2,400,161.55,50,2700,1587900
NIFTY20OCT2217100CE.NFO,13/10/2022,09:45:24,161.65,161.3,100,161.65,250,3600,1587900
NIFTY20OCT2217100CE.NFO,13/10/2022,09:45:26,161.75,161.35,500,161.75,50,2050,1587900
NIFTY20OCT2217100CE.NFO,13/10/2022,09:45:27,161.65,161.6,50,161.95,300,950,1587900
NIFTY20OCT2217100CE.NFO,13/10/2022,09:45:29,161.45,161.35,100,161.45,150,2250,1587900
NIFTY20OCT2217100CE.NFO,13/10/2022,09:45:31,161.8,161.4,450,161.75,150,1300,1587900
NIFTY20OCT2217100CE.NFO,13/10/2022,09:45:32,161,161.15,100,161.55,200,1750,1587900
NIFTY20OCT2217100CE.NFO,13/10/2022,09:45:34,161.8,161.4,650,161.8,150,950,1587900
NIFTY20OCT2217100CE.NFO,13/10/2022,09:45:36,161,160.85,50,160.95,50,11150,1587900
NIFTY20OCT2217100CE.NFO,13/10/2022,09:45:37,161.65,161.25,150,161.65,100,7400,1587900
NIFTY20OCT2217100CE.NFO,13/10/2022,09:45:39,161.35,161.35,450,161.75,200,3150,1587900
NIFTY20OCT2217100CE.NFO,13/10/2022,09:45:41,162.3,161.9,350,162.3,150,1450,1587900
NIFTY20OCT2217100CE.NFO,13/10/2022,09:45:42,162.4,162.1,400,162.4,100,2850,1587900
NIFTY20OCT2217100CE.NFO,13/10/2022,09:45:44,162.35,162.3,900,162.7,150,550,1587900
NIFTY20OCT2217100CE.NFO,13/10/2022,09:45:46,162.1,162.05,50,162.35,100,1100,1587900
NIFTY20OCT2217100CE.NFO,13/10/2022,09:45:47,162.2,161.9,100,162.3,100,1250,1587900
NIFTY20OCT2217100CE.NFO,13/10/2022,09:45:49,162.4,162.35,50,162.55,150,650,1587900
NIFTY20OCT2217100CE.NFO,13/10/2022,09:45:51,162.15,162.15,400,162.55,50,2350,1587900
NIFTY20OCT2217100CE.NFO,13/10/2022,09:45:52,162,162.15,400,162.55,150,1850,1587900
NIFTY20OCT2217100CE.NFO,13/10/2022,09:45:54,162.55,162.1,150,162.55,50,400,1587900
NIFTY20OCT2217100CE.NFO,13/10/2022,09:45:56,162.35,162,100,162.35,500,950,1587900
NIFTY20OCT2217100CE.NFO,13/10/2022,09:45:57,162.35,162.35,50,162.65,450,1750,1587900
NIFTY20OCT2217100CE.NFO,13/10/2022,09:45:59,161.9,161.75,50,162.15,100,600,1587900
NIFTY20OCT2217100CE.NFO,13/10/2022,09:46:01,161.35,161.35,100,161.75,850,2600,1587900
NIFTY20OCT2217100CE.NFO,13/10/2022,09:46:02,161.25,161.1,200,161.45,300,2200,1587900
NIFTY20OCT2217100CE.NFO,13/10/2022,09:46:04,161,160.8,50,161.15,50,2250,1587900
NIFTY20OCT2217100CE.NFO,13/10/2022,09:46:06,160.8,160.8,700,161.15,50,2600,1587900
NIFTY20OCT2217100CE.NFO,13/10/2022,09:46:07,160.6,160.6,50,160.95,50,1650,1587900
NIFTY20OCT2217100CE.NFO,13/10/2022,09:46:09,160.5,160.5,100,160.85,200,650,1587900
NIFTY20OCT2217100CE.NFO,13/10/2022,09:46:11,160.2,160.1,500,160.5,400,400,1587900
NIFTY20OCT2217100CE.NFO,13/10/2022,09:46:12,160.05,160.05,550,160.3,1050,800,1587900
NIFTY20OCT2217100CE.NFO,13/10/2022,09:46:14,159.6,159.15,450,159.6,750,5400,1587900
NIFTY20OCT2217100CE.NFO,13/10/2022,09:46:16,159.65,159.35,50,159.75,550,2450,1587900
NIFTY20OCT2217100CE.NFO,13/10/2022,09:46:17,159.1,159.65,50,159.95,100,350,1587900
NIFTY20OCT2217100CE.NFO,13/10/2022,09:46:19,159.6,159.5,1100,159.85,150,100,1587900
NIFTY20OCT2217100CE.NFO,13/10/2022,09:46:21,160.2,160,100,160.4,450,1800,1587900
NIFTY20OCT2217100CE.NFO,13/10/2022,09:46:22,161.05,160.55,550,160.95,250,2950,1587900
NIFTY20OCT2217100CE.NFO,13/10/2022,09:46:24,161.25,160.6,200,161,200,400,1587900
NIFTY20OCT2217100CE.NFO,13/10/2022,09:46:26,161,160.8,250,161.2,200,50,1587900
NIFTY20OCT2217100CE.NFO,13/10/2022,09:46:27,161.3,160.9,200,161.3,350,3900,1587900
NIFTY20OCT2217100CE.NFO,13/10/2022,09:46:29,161.25,160.85,450,161.3,300,3750,1587900
NIFTY20OCT2217100CE.NFO,13/10/2022,09:46:31,161.8,161.05,50,161.4,750,1250,1587900
NIFTY20OCT2217100CE.NFO,13/10/2022,09:46:32,161.15,161.25,50,161.6,150,250,1587900
NIFTY20OCT2217100CE.NFO,13/10/2022,09:46:34,161.55,161.5,100,161.9,150,300,1587900
NIFTY20OCT2217100CE.NFO,13/10/2022,09:46:36,161.8,161.25,50,161.65,200,700,1587900
NIFTY20OCT2217100CE.NFO,13/10/2022,09:46:37,161.75,161.4,300,161.85,400,350,1587900
NIFTY20OCT2217100CE.NFO,13/10/2022,09:46:39,161.45,161.5,150,161.85,50,1600,1587900
NIFTY20OCT2217100CE.NFO,13/10/2022,09:46:41,162,161.75,100,161.9,50,1600,1587900
NIFTY20OCT2217100CE.NFO,13/10/2022,09:46:42,161.15,161.35,650,161.75,150,5400,1587900
NIFTY20OCT2217100CE.NFO,13/10/2022,09:46:44,161.65,161.65,50,161.7,100,450,1587900
NIFTY20OCT2217100CE.NFO,13/10/2022,09:46:46,161.15,161.15,400,161.5,50,1000,1587900
NIFTY20OCT2217100CE.NFO,13/10/2022,09:46:47,161.05,160.7,450,161.1,450,2950,1587900
NIFTY20OCT2217100CE.NFO,13/10/2022,09:46:49,161.65,161.25,150,161.65,450,1750,1587900
NIFTY20OCT2217100CE.NFO,13/10/2022,09:46:51,161.6,161.3,450,161.6,250,450,1587900
NIFTY20OCT2217100CE.NFO,13/10/2022,09:46:52,161.5,161.55,150,161.95,50,2100,1587900
NIFTY20OCT2217100CE.NFO,13/10/2022,09:46:54,162.5,162.15,500,162.6,350,3150,1587900
NIFTY20OCT2217100CE.NFO,13/10/2022,09:46:56,162.55,162.3,700,162.7,100,1050,1587900
NIFTY20OCT2217100CE.NFO,13/10/2022,09:46:57,162.85,162.5,50,162.85,50,800,1587900
NIFTY20OCT2217100CE.NFO,13/10/2022,09:46:59,162.85,162.6,700,162.95,450,100,1587900
NIFTY20OCT2217100CE.NFO,13/10/2022,09:47:01,162.65,162.4,400,162.75,50,1350,1587900
