Ticker,Date,Time,LTP,BuyPrice,BuyQty,SellPrice,SellQty,LTQ,OpenInterest
NIFTY20OCT2217600CE.NFO,19/10/2022,09:15:00,62.65,53.3,350,53.65,400,11150,5359750
NIFTY20OCT2217600CE.NFO,19/10/2022,09:15:00,62.65,53.3,350,53.65,400,0,5359750
NIFTY20OCT2217600CE.NFO,19/10/2022,09:15:00,62.65,53.3,350,53.65,400,0,5359750
NIFTY20OCT2217600CE.NFO,19/10/2022,09:15:00,51.9,53.3,350,53.65,400,0,5359750
NIFTY20OCT2217600CE.NFO,19/10/2022,09:15:01,50.4,50.25,100,50.4,450,21750,5359750
NIFTY20OCT2217600CE.NFO,19/10/2022,09:15:01,50.25,50.25,100,50.4,450,0,5359750
NIFTY20OCT2217600CE.NFO,19/10/2022,09:15:03,50.75,50.55,450,50.75,150,53250,5359750
NIFTY20OCT2217600CE.NFO,19/10/2022,09:15:03,48.5,50.55,450,50.75,150,0,5359750
NIFTY20OCT2217600CE.NFO,19/10/2022,09:15:05,47.85,47.05,50,47.75,200,97500,5359750
NIFTY20OCT2217600CE.NFO,19/10/2022,09:15:05,46,47.05,50,47.75,200,0,5359750
NIFTY20OCT2217600CE.NFO,19/10/2022,09:15:06,45.35,45.35,150,45.85,850,75100,5359750
NIFTY20OCT2217600CE.NFO,19/10/2022,09:15:06,45.35,45.35,150,45.85,850,0,5359750
NIFTY20OCT2217600CE.NFO,19/10/2022,09:15:07,43.25,43.25,500,43.5,100,80350,5359750
NIFTY20OCT2217600CE.NFO,19/10/2022,09:15:07,42.65,43.25,500,43.5,100,0,5359750
NIFTY20OCT2217600CE.NFO,19/10/2022,09:15:08,43.7,43.65,750,43.9,350,93550,5359750
NIFTY20OCT2217600CE.NFO,19/10/2022,09:15:08,42.45,43.65,750,43.9,350,0,5359750
NIFTY20OCT2217600CE.NFO,19/10/2022,09:15:09,47.8,47.6,250,47.8,1400,78400,5359750
NIFTY20OCT2217600CE.NFO,19/10/2022,09:15:11,48.05,48,500,48.25,50,101000,5359750
NIFTY20OCT2217600CE.NFO,19/10/2022,09:15:12,45.15,45.1,50,45.3,50,83300,5359750
NIFTY20OCT2217600CE.NFO,19/10/2022,09:15:13,43.65,43.65,50,43.8,100,63650,5359750
NIFTY20OCT2217600CE.NFO,19/10/2022,09:15:14,44.65,44.35,900,44.7,100,64750,5359750
NIFTY20OCT2217600CE.NFO,19/10/2022,09:15:15,47.15,47,100,47.15,200,77100,5359750
NIFTY20OCT2217600CE.NFO,19/10/2022,09:15:15,47.8,47.75,50,48,100,22100,5359750
NIFTY20OCT2217600CE.NFO,19/10/2022,09:15:16,47.35,47.4,50,47.65,1200,49500,5359750
NIFTY20OCT2217600CE.NFO,19/10/2022,09:15:18,48.45,48.4,200,48.65,500,75000,5359750
NIFTY20OCT2217600CE.NFO,19/10/2022,09:15:19,47.7,47.35,200,47.7,650,49600,5359750
NIFTY20OCT2217600CE.NFO,19/10/2022,09:15:20,45.75,45.45,150,45.65,200,71700,5359750
NIFTY20OCT2217600CE.NFO,19/10/2022,09:15:21,46.25,46.25,300,46.6,1250,79100,5359750
NIFTY20OCT2217600CE.NFO,19/10/2022,09:15:21,46.6,46.35,200,46.7,700,9700,5359750
NIFTY20OCT2217600CE.NFO,19/10/2022,09:15:23,47.2,47.2,350,47.55,450,70500,5359750
NIFTY20OCT2217600CE.NFO,19/10/2022,09:15:24,47.2,47.25,50,47.35,200,49050,5359750
NIFTY20OCT2217600CE.NFO,19/10/2022,09:15:25,47.75,47.5,250,47.75,500,43400,5359750
NIFTY20OCT2217600CE.NFO,19/10/2022,09:15:26,47.2,46.95,600,47.15,150,33450,5359750
NIFTY20OCT2217600CE.NFO,19/10/2022,09:15:27,46.85,46.7,1200,46.95,100,49400,5359750
NIFTY20OCT2217600CE.NFO,19/10/2022,09:15:28,46.4,46.4,450,46.6,1000,48550,5359750
NIFTY20OCT2217600CE.NFO,19/10/2022,09:15:29,45.15,45.15,350,45.35,800,33400,5359750
NIFTY20OCT2217600CE.NFO,19/10/2022,09:15:30,45.65,45.5,150,45.65,200,37250,5359750
NIFTY20OCT2217600CE.NFO,19/10/2022,09:15:31,45.75,45.55,800,45.75,300,29800,5359750
NIFTY20OCT2217600CE.NFO,19/10/2022,09:15:33,45.05,45.05,350,45.2,300,52600,5359750
NIFTY20OCT2217600CE.NFO,19/10/2022,09:15:34,44.85,44.75,1200,44.9,850,49900,5359750
NIFTY20OCT2217600CE.NFO,19/10/2022,09:15:35,44.15,44.15,50,44.35,750,42900,5359750
NIFTY20OCT2217600CE.NFO,19/10/2022,09:15:36,44.3,44.3,100,44.45,450,25450,5359750
NIFTY20OCT2217600CE.NFO,19/10/2022,09:15:37,44.9,44.75,800,44.85,50,40500,5359750
NIFTY20OCT2217600CE.NFO,19/10/2022,09:15:38,46,46,150,46.1,250,53500,5359750
NIFTY20OCT2217600CE.NFO,19/10/2022,09:15:38,45.9,45.7,950,45.9,350,8800,5359750
NIFTY20OCT2217600CE.NFO,19/10/2022,09:15:40,46.8,46.8,1150,47,14550,53700,5359750
NIFTY20OCT2217600CE.NFO,19/10/2022,09:15:41,47.3,47.15,1150,47.35,300,45900,5359750
NIFTY20OCT2217600CE.NFO,19/10/2022,09:15:42,47.9,47.7,800,47.9,800,33550,5359750
NIFTY20OCT2217600CE.NFO,19/10/2022,09:15:43,47.95,47.75,1200,47.95,400,46650,5359750
NIFTY20OCT2217600CE.NFO,19/10/2022,09:15:44,47.75,47.75,1850,48,1050,31650,5359750
NIFTY20OCT2217600CE.NFO,19/10/2022,09:15:44,47.85,47.6,2050,47.85,900,10300,5359750
NIFTY20OCT2217600CE.NFO,19/10/2022,09:15:46,48,47.95,850,48.1,50,47250,5359750
NIFTY20OCT2217600CE.NFO,19/10/2022,09:15:47,48.2,48.05,900,48.2,50,43700,5359750
NIFTY20OCT2217600CE.NFO,19/10/2022,09:15:48,47.95,47.85,200,47.95,450,39400,5359750
NIFTY20OCT2217600CE.NFO,19/10/2022,09:15:48,47.9,47.8,250,47.9,150,6600,5359750
NIFTY20OCT2217600CE.NFO,19/10/2022,09:15:50,47.95,47.7,1650,47.95,450,50950,5359750
NIFTY20OCT2217600CE.NFO,19/10/2022,09:15:51,46.8,46.65,500,46.85,550,45950,5359750
NIFTY20OCT2217600CE.NFO,19/10/2022,09:15:52,47.4,47.2,1450,47.4,550,54750,5359750
NIFTY20OCT2217600CE.NFO,19/10/2022,09:15:53,47.75,47.6,450,47.75,300,25350,5359750
NIFTY20OCT2217600CE.NFO,19/10/2022,09:15:54,47.75,47.55,450,47.7,100,26750,5359750
NIFTY20OCT2217600CE.NFO,19/10/2022,09:15:54,47.55,47.55,500,47.75,850,5300,5359750
NIFTY20OCT2217600CE.NFO,19/10/2022,09:15:55,47.75,47.75,750,47.95,250,30250,5359750
NIFTY20OCT2217600CE.NFO,19/10/2022,09:15:57,47.45,47.45,150,47.6,450,37800,5359750
NIFTY20OCT2217600CE.NFO,19/10/2022,09:15:57,47.2,47.15,350,47.35,800,23050,5359750
NIFTY20OCT2217600CE.NFO,19/10/2022,09:15:59,47,46.75,850,47,250,43900,5359750
NIFTY20OCT2217600CE.NFO,19/10/2022,09:16:00,46.1,46.05,450,46.15,200,48850,5359750
NIFTY20OCT2217600CE.NFO,19/10/2022,09:16:01,47.25,47.15,100,47.25,550,55300,5359750
NIFTY20OCT2217600CE.NFO,19/10/2022,09:16:02,47,46.9,750,47.05,650,39650,5359750
NIFTY20OCT2217600CE.NFO,19/10/2022,09:16:03,47.2,47.05,50,47.2,350,28750,5359750
NIFTY20OCT2217600CE.NFO,19/10/2022,09:16:04,47.05,47.1,500,47.25,150,27900,5359750
NIFTY20OCT2217600CE.NFO,19/10/2022,09:16:05,47.45,47.45,1050,47.65,50,14750,5359750
NIFTY20OCT2217600CE.NFO,19/10/2022,09:16:06,47.9,47.7,100,47.85,150,45500,5359750
NIFTY20OCT2217600CE.NFO,19/10/2022,09:16:07,47.65,47.6,1850,47.7,50,40850,5359750
NIFTY20OCT2217600CE.NFO,19/10/2022,09:16:08,47.6,47.45,600,47.6,300,44750,5359750
NIFTY20OCT2217600CE.NFO,19/10/2022,09:16:09,47.95,47.8,50,47.9,100,20800,5359750
NIFTY20OCT2217600CE.NFO,19/10/2022,09:16:10,47.75,47.75,200,47.85,300,9950,5359750
NIFTY20OCT2217600CE.NFO,19/10/2022,09:16:11,48.1,48.1,300,48.25,250,57450,5359750
NIFTY20OCT2217600CE.NFO,19/10/2022,09:16:12,47.8,47.75,1000,47.8,50,32100,5359750
NIFTY20OCT2217600CE.NFO,19/10/2022,09:16:13,48.1,48,150,48.15,450,19300,5359750
NIFTY20OCT2217600CE.NFO,19/10/2022,09:16:14,47.55,47.55,100,47.7,200,25250,5359750
NIFTY20OCT2217600CE.NFO,19/10/2022,09:16:15,47.5,47.4,100,47.5,50,22250,5359750
NIFTY20OCT2217600CE.NFO,19/10/2022,09:16:15,47.45,47.4,200,47.5,500,1250,5359750
NIFTY20OCT2217600CE.NFO,19/10/2022,09:16:17,47.75,47.75,1700,47.85,500,30050,5359750
NIFTY20OCT2217600CE.NFO,19/10/2022,09:16:18,47.75,47.8,100,47.95,900,35150,5359750
NIFTY20OCT2217600CE.NFO,19/10/2022,09:16:19,47.95,47.9,500,48,50,28700,5359750
NIFTY20OCT2217600CE.NFO,19/10/2022,09:16:20,47.5,47.5,300,47.65,600,41950,5359750
NIFTY20OCT2217600CE.NFO,19/10/2022,09:16:21,47.45,47.3,150,47.4,200,28600,5359750
NIFTY20OCT2217600CE.NFO,19/10/2022,09:16:22,47.55,47.4,400,47.55,1150,37250,5359750
NIFTY20OCT2217600CE.NFO,19/10/2022,09:16:23,47.35,47.2,750,47.3,50,21200,5359750
NIFTY20OCT2217600CE.NFO,19/10/2022,09:16:23,47.45,47.35,50,47.4,50,4600,5359750
NIFTY20OCT2217600CE.NFO,19/10/2022,09:16:24,47.35,47.2,100,47.3,300,18150,5359750
NIFTY20OCT2217600CE.NFO,19/10/2022,09:16:25,47.3,47.25,50,47.3,250,37000,5359750
NIFTY20OCT2217600CE.NFO,19/10/2022,09:16:27,47.5,47.4,300,47.55,450,32900,5359750
NIFTY20OCT2217600CE.NFO,19/10/2022,09:16:28,47.45,47.35,350,47.45,50,43350,5359750
NIFTY20OCT2217600CE.NFO,19/10/2022,09:16:29,47.45,47.5,50,47.6,50,15000,5359750
NIFTY20OCT2217600CE.NFO,19/10/2022,09:16:30,47.45,47.4,100,47.5,250,29800,5359750
NIFTY20OCT2217600CE.NFO,19/10/2022,09:16:31,47.4,47.4,50,47.45,300,19950,5359750
NIFTY20OCT2217600CE.NFO,19/10/2022,09:16:32,47.2,47.05,650,47.2,650,21850,5359750
NIFTY20OCT2217600CE.NFO,19/10/2022,09:16:32,47.2,47.1,400,47.2,300,10000,5359750
NIFTY20OCT2217600CE.NFO,19/10/2022,09:16:34,46.8,46.7,50,46.8,650,38950,5359750
NIFTY20OCT2217600CE.NFO,19/10/2022,09:16:35,46.75,46.6,250,46.75,1200,44300,5359750
NIFTY20OCT2217600CE.NFO,19/10/2022,09:16:36,46.4,46.4,250,46.55,350,26150,5359750
NIFTY20OCT2217600CE.NFO,19/10/2022,09:16:37,46.4,46.45,150,46.55,150,22650,5359750
NIFTY20OCT2217600CE.NFO,19/10/2022,09:16:38,46.8,46.7,150,46.85,1150,30450,5359750
NIFTY20OCT2217600CE.NFO,19/10/2022,09:16:39,46.35,46.25,100,46.4,2650,27400,5359750
NIFTY20OCT2217600CE.NFO,19/10/2022,09:16:40,46.25,46.25,450,46.35,1100,14250,5359750
NIFTY20OCT2217600CE.NFO,19/10/2022,09:16:41,46.1,46,50,46.1,1250,33350,5359750
NIFTY20OCT2217600CE.NFO,19/10/2022,09:16:41,46,45.85,800,46,950,5100,5359750
NIFTY20OCT2217600CE.NFO,19/10/2022,09:16:43,46.15,46.15,150,46.25,150,35000,5359750
NIFTY20OCT2217600CE.NFO,19/10/2022,09:16:44,46,45.9,150,46,300,28400,5359750
NIFTY20OCT2217600CE.NFO,19/10/2022,09:16:45,46,46,800,46.05,150,23050,5359750
NIFTY20OCT2217600CE.NFO,19/10/2022,09:16:46,46.15,46.1,150,46.2,1200,26900,5359750
NIFTY20OCT2217600CE.NFO,19/10/2022,09:16:47,46,46,550,46.15,800,41300,5359750
NIFTY20OCT2217600CE.NFO,19/10/2022,09:16:48,46.7,46.6,150,46.75,300,17300,5359750
NIFTY20OCT2217600CE.NFO,19/10/2022,09:16:49,46.6,46.45,150,46.6,450,24350,5359750
NIFTY20OCT2217600CE.NFO,19/10/2022,09:16:50,46.15,46.05,1650,46.2,350,29800,5359750
NIFTY20OCT2217600CE.NFO,19/10/2022,09:16:51,46.55,46.4,200,46.5,200,21950,5359750
NIFTY20OCT2217600CE.NFO,19/10/2022,09:16:52,46.4,46.4,450,46.55,1050,19950,5359750
NIFTY20OCT2217600CE.NFO,19/10/2022,09:16:53,46.65,46.55,350,46.65,200,14550,5359750
NIFTY20OCT2217600CE.NFO,19/10/2022,09:16:53,46.75,46.65,50,46.75,200,5650,5359750
NIFTY20OCT2217600CE.NFO,19/10/2022,09:16:55,46.85,46.85,900,47,9450,14150,5359750
NIFTY20OCT2217600CE.NFO,19/10/2022,09:16:56,47.6,47.5,1750,47.6,350,47900,5359750
NIFTY20OCT2217600CE.NFO,19/10/2022,09:16:57,47.8,47.7,150,47.8,450,38200,5359750
NIFTY20OCT2217600CE.NFO,19/10/2022,09:16:58,47.45,47.4,50,47.5,600,40900,5359750
NIFTY20OCT2217600CE.NFO,19/10/2022,09:16:59,47.7,47.7,800,47.8,650,11350,5359750
NIFTY20OCT2217600CE.NFO,19/10/2022,09:16:59,47.65,47.55,400,47.7,1650,9200,5359750
NIFTY20OCT2217600CE.NFO,19/10/2022,09:17:01,47.15,47.05,250,47.15,950,22700,5359750
NIFTY20OCT2217600CE.NFO,19/10/2022,09:17:02,47.25,47.1,1500,47.25,550,43250,5359750
NIFTY20OCT2217600CE.NFO,19/10/2022,09:17:03,47.1,47.15,450,47.25,550,34300,5359750
NIFTY20OCT2217600CE.NFO,19/10/2022,09:17:05,47.55,47.45,1100,47.5,450,20950,5359750
NIFTY20OCT2217600CE.NFO,19/10/2022,09:17:06,48.3,48.3,500,48.35,1400,86300,5359750
NIFTY20OCT2217600CE.NFO,19/10/2022,09:17:07,48.7,48.55,50,48.65,200,33950,5359750
NIFTY20OCT2217600CE.NFO,19/10/2022,09:17:08,48.95,48.95,1100,49,400,52900,5359750
NIFTY20OCT2217600CE.NFO,19/10/2022,09:17:09,49.1,49.15,200,49.25,150,32200,5359750
NIFTY20OCT2217600CE.NFO,19/10/2022,09:17:10,49.7,49.5,500,49.65,200,51650,5359750
NIFTY20OCT2217600CE.NFO,19/10/2022,09:17:11,49.85,49.85,1200,49.95,100,38550,5359750
NIFTY20OCT2217600CE.NFO,19/10/2022,09:17:12,49.95,49.95,150,50,46000,51150,5359750
NIFTY20OCT2217600CE.NFO,19/10/2022,09:17:13,49.75,49.65,50,49.7,1500,33350,5359750
NIFTY20OCT2217600CE.NFO,19/10/2022,09:17:14,49.1,49.1,200,49.2,100,47750,5359750
NIFTY20OCT2217600CE.NFO,19/10/2022,09:17:15,49.5,49.35,350,49.5,350,40800,5359750
NIFTY20OCT2217600CE.NFO,19/10/2022,09:17:16,49.45,49.4,400,49.5,300,21550,5359750
NIFTY20OCT2217600CE.NFO,19/10/2022,09:17:17,49.5,49.35,950,49.5,50,12950,5359750
NIFTY20OCT2217600CE.NFO,19/10/2022,09:17:18,49.85,49.65,2400,49.8,500,26250,5359750
NIFTY20OCT2217600CE.NFO,19/10/2022,09:17:18,49.7,49.6,200,49.7,150,6200,5359750
NIFTY20OCT2217600CE.NFO,19/10/2022,09:17:20,49.35,49.35,1200,49.5,250,31850,5359750
NIFTY20OCT2217600CE.NFO,19/10/2022,09:17:21,50,49.95,900,50,18000,60500,5359750
NIFTY20OCT2217600CE.NFO,19/10/2022,09:17:22,50.15,50,400,50.15,600,47750,5359750
NIFTY20OCT2217600CE.NFO,19/10/2022,09:17:23,50.7,50.65,450,50.8,1100,29350,5359750
NIFTY20OCT2217600CE.NFO,19/10/2022,09:17:24,50.8,50.8,100,50.9,1000,33300,5359750
NIFTY20OCT2217600CE.NFO,19/10/2022,09:17:25,50.9,50.75,100,50.9,1100,29900,5359750
NIFTY20OCT2217600CE.NFO,19/10/2022,09:17:25,50.05,50,4450,50.1,3550,21000,5359750
NIFTY20OCT2217600CE.NFO,19/10/2022,09:17:27,49.8,49.8,50,49.85,100,57300,5359750
NIFTY20OCT2217600CE.NFO,19/10/2022,09:17:27,49.8,49.8,50,49.85,50,27750,5359750
NIFTY20OCT2217600CE.NFO,19/10/2022,09:17:29,49.7,49.6,150,49.7,200,43150,5359750
NIFTY20OCT2217600CE.NFO,19/10/2022,09:17:29,49.75,49.75,2600,49.85,2650,19200,5359750
NIFTY20OCT2217600CE.NFO,19/10/2022,09:17:31,50.4,50.4,800,50.5,50,26150,5359750
NIFTY20OCT2217600CE.NFO,19/10/2022,09:17:31,50.3,50.3,350,50.4,50,13700,5359750
NIFTY20OCT2217600CE.NFO,19/10/2022,09:17:33,50.25,50.15,50,50.25,250,29150,5359750
NIFTY20OCT2217600CE.NFO,19/10/2022,09:17:34,49.85,49.85,150,50,200,30250,5359750
NIFTY20OCT2217600CE.NFO,19/10/2022,09:17:35,50.15,50.05,1500,50.15,50,17950,5359750
NIFTY20OCT2217600CE.NFO,19/10/2022,09:17:36,49.75,49.65,250,49.75,1600,28400,5359750
NIFTY20OCT2217600CE.NFO,19/10/2022,09:17:37,49.55,49.5,800,49.6,850,1350,5359750
NIFTY20OCT2217600CE.NFO,19/10/2022,09:17:38,49.6,49.45,100,49.55,500,18500,5359750
NIFTY20OCT2217600CE.NFO,19/10/2022,09:17:39,49.3,49.15,350,49.3,1550,23600,5637550
NIFTY20OCT2217600CE.NFO,19/10/2022,09:17:40,48.85,48.85,100,48.95,100,34450,5637550
NIFTY20OCT2217600CE.NFO,19/10/2022,09:17:41,48.5,48.45,5300,48.5,1300,38600,5637550
NIFTY20OCT2217600CE.NFO,19/10/2022,09:17:42,48.05,48.1,450,48.2,350,26200,5637550
NIFTY20OCT2217600CE.NFO,19/10/2022,09:17:43,48.05,47.85,400,48,1550,37550,5637550
NIFTY20OCT2217600CE.NFO,19/10/2022,09:17:44,48.2,48.15,450,48.25,1350,18600,5637550
NIFTY20OCT2217600CE.NFO,19/10/2022,09:17:45,47.55,47.55,550,47.65,150,35600,5637550
NIFTY20OCT2217600CE.NFO,19/10/2022,09:17:46,47.6,47.6,1200,47.65,50,26600,5637550
NIFTY20OCT2217600CE.NFO,19/10/2022,09:17:47,47.5,47.5,3950,47.65,100,37300,5637550
NIFTY20OCT2217600CE.NFO,19/10/2022,09:17:48,47.8,47.75,1050,47.8,200,21200,5637550
NIFTY20OCT2217600CE.NFO,19/10/2022,09:17:49,47.75,47.6,350,47.75,1950,26000,5637550
NIFTY20OCT2217600CE.NFO,19/10/2022,09:17:50,47.7,47.6,650,47.7,200,18850,5637550
NIFTY20OCT2217600CE.NFO,19/10/2022,09:17:51,47.5,47.5,500,47.6,600,7650,5637550
NIFTY20OCT2217600CE.NFO,19/10/2022,09:17:52,47.6,47.45,200,47.5,50,17850,5637550
NIFTY20OCT2217600CE.NFO,19/10/2022,09:17:53,47.75,47.75,550,47.8,100,17750,5637550
NIFTY20OCT2217600CE.NFO,19/10/2022,09:17:54,48,48,100,48.1,400,13200,5637550
NIFTY20OCT2217600CE.NFO,19/10/2022,09:17:55,47.85,47.75,300,47.85,200,8800,5637550
NIFTY20OCT2217600CE.NFO,19/10/2022,09:17:56,47.65,47.65,650,47.7,50,13750,5637550
NIFTY20OCT2217600CE.NFO,19/10/2022,09:17:57,48.2,48.2,250,48.3,650,25900,5637550
NIFTY20OCT2217600CE.NFO,19/10/2022,09:17:58,47.2,47.1,100,47.15,150,20550,5637550
NIFTY20OCT2217600CE.NFO,19/10/2022,09:17:59,47.45,47.45,800,47.55,1500,35700,5637550
NIFTY20OCT2217600CE.NFO,19/10/2022,09:18:00,47.5,47.5,50,47.6,100,5200,5637550
NIFTY20OCT2217600CE.NFO,19/10/2022,09:18:01,47.3,47.2,100,47.3,350,18150,5637550
NIFTY20OCT2217600CE.NFO,19/10/2022,09:18:02,47.2,47.2,300,47.3,450,38050,5637550
NIFTY20OCT2217600CE.NFO,19/10/2022,09:18:03,47.3,47.2,300,47.35,1400,25600,5637550
NIFTY20OCT2217600CE.NFO,19/10/2022,09:18:04,47.7,47.6,1000,47.7,250,10550,5637550
NIFTY20OCT2217600CE.NFO,19/10/2022,09:18:05,47.65,47.55,100,47.65,600,5600,5637550
NIFTY20OCT2217600CE.NFO,19/10/2022,09:18:06,47.25,47.25,500,47.3,2400,10700,5637550
NIFTY20OCT2217600CE.NFO,19/10/2022,09:18:07,46.9,46.95,300,47,600,30400,5637550
NIFTY20OCT2217600CE.NFO,19/10/2022,09:18:08,46.2,46.25,150,46.35,650,25500,5637550
NIFTY20OCT2217600CE.NFO,19/10/2022,09:18:09,46.25,46.1,250,46.25,400,18450,5637550
NIFTY20OCT2217600CE.NFO,19/10/2022,09:18:10,46.2,46.25,800,46.35,150,31550,5637550
NIFTY20OCT2217600CE.NFO,19/10/2022,09:18:11,46.55,46.55,250,46.65,300,20350,5637550
NIFTY20OCT2217600CE.NFO,19/10/2022,09:18:12,46.85,46.85,300,46.95,450,12350,5637550
NIFTY20OCT2217600CE.NFO,19/10/2022,09:18:13,47.2,47.05,350,47.2,1550,12050,5637550
NIFTY20OCT2217600CE.NFO,19/10/2022,09:18:14,47.45,47.45,100,47.55,1600,12800,5637550
NIFTY20OCT2217600CE.NFO,19/10/2022,09:18:15,47.4,47.3,100,47.4,600,2200,5637550
NIFTY20OCT2217600CE.NFO,19/10/2022,09:18:16,47.5,47.5,50,47.55,650,10950,5637550
NIFTY20OCT2217600CE.NFO,19/10/2022,09:18:17,47.4,47.4,150,47.5,350,13200,5637550
NIFTY20OCT2217600CE.NFO,19/10/2022,09:18:18,47.05,47,1100,47.1,900,16200,5637550
NIFTY20OCT2217600CE.NFO,19/10/2022,09:18:19,46.35,46.25,200,46.35,950,13350,5637550
NIFTY20OCT2217600CE.NFO,19/10/2022,09:18:20,46.3,46.2,4900,46.3,700,850,5637550
NIFTY20OCT2217600CE.NFO,19/10/2022,09:18:21,46.75,46.75,50,46.85,50,52100,5637550
NIFTY20OCT2217600CE.NFO,19/10/2022,09:18:22,46.2,46.2,450,46.3,150,17700,5637550
NIFTY20OCT2217600CE.NFO,19/10/2022,09:18:23,46.85,46.85,350,46.95,150,7400,5637550
NIFTY20OCT2217600CE.NFO,19/10/2022,09:18:24,46.95,46.85,250,46.95,50,13950,5637550
NIFTY20OCT2217600CE.NFO,19/10/2022,09:18:25,47.05,47.05,1450,47.15,350,11400,5637550
NIFTY20OCT2217600CE.NFO,19/10/2022,09:18:26,46.95,46.95,850,47,450,14150,5637550
NIFTY20OCT2217600CE.NFO,19/10/2022,09:18:27,46.45,46.35,1500,46.45,750,6750,5637550
NIFTY20OCT2217600CE.NFO,19/10/2022,09:18:28,46.4,46.4,1100,46.45,550,3350,5637550
NIFTY20OCT2217600CE.NFO,19/10/2022,09:18:29,46.4,46.35,3000,46.45,850,14100,5637550
NIFTY20OCT2217600CE.NFO,19/10/2022,09:18:30,46.35,46.35,4500,46.45,6050,13800,5637550
NIFTY20OCT2217600CE.NFO,19/10/2022,09:18:31,46.8,46.75,150,46.8,450,20050,5637550
NIFTY20OCT2217600CE.NFO,19/10/2022,09:18:32,46.45,46.3,850,46.45,3050,14100,5637550
NIFTY20OCT2217600CE.NFO,19/10/2022,09:18:33,46.3,46.2,2350,46.3,2350,10850,5637550
NIFTY20OCT2217600CE.NFO,19/10/2022,09:18:34,46.45,46.45,1250,46.55,100,7850,5637550
NIFTY20OCT2217600CE.NFO,19/10/2022,09:18:35,46.75,46.65,600,46.75,100,19200,5637550
NIFTY20OCT2217600CE.NFO,19/10/2022,09:18:36,46.65,46.6,500,46.7,200,12500,5637550
NIFTY20OCT2217600CE.NFO,19/10/2022,09:18:37,47,46.95,600,47.05,100,18050,5637550
NIFTY20OCT2217600CE.NFO,19/10/2022,09:18:38,47.15,47.1,500,47.2,400,14700,5637550
NIFTY20OCT2217600CE.NFO,19/10/2022,09:18:39,47.15,47,150,47.1,700,1550,5637550
NIFTY20OCT2217600CE.NFO,19/10/2022,09:18:40,47.25,47.25,750,47.35,300,9400,5637550
NIFTY20OCT2217600CE.NFO,19/10/2022,09:18:41,47.45,47.35,250,47.45,400,7800,5637550
NIFTY20OCT2217600CE.NFO,19/10/2022,09:18:42,47.5,47.5,150,47.55,850,19600,5637550
NIFTY20OCT2217600CE.NFO,19/10/2022,09:18:43,47.9,47.9,100,47.95,100,21250,5637550
NIFTY20OCT2217600CE.NFO,19/10/2022,09:18:44,48,48.1,150,48.15,100,14500,5637550
NIFTY20OCT2217600CE.NFO,19/10/2022,09:18:45,48.35,48.25,650,48.35,50,20800,5637550
NIFTY20OCT2217600CE.NFO,19/10/2022,09:18:46,48.05,48,350,48.1,850,32700,5637550
NIFTY20OCT2217600CE.NFO,19/10/2022,09:18:47,48.6,48.55,1950,48.65,150,12550,5637550
NIFTY20OCT2217600CE.NFO,19/10/2022,09:18:48,48.4,48.35,1300,48.45,50,11600,5637550
NIFTY20OCT2217600CE.NFO,19/10/2022,09:18:49,48.8,48.7,150,48.8,650,11100,5637550
NIFTY20OCT2217600CE.NFO,19/10/2022,09:18:50,48.55,48.6,150,48.7,1600,12350,5637550
NIFTY20OCT2217600CE.NFO,19/10/2022,09:18:51,48.4,48.4,400,48.5,300,11900,5637550
NIFTY20OCT2217600CE.NFO,19/10/2022,09:18:52,48.75,48.65,700,48.8,1650,14100,5637550
NIFTY20OCT2217600CE.NFO,19/10/2022,09:18:53,48.8,48.7,150,48.8,900,2400,5637550
NIFTY20OCT2217600CE.NFO,19/10/2022,09:18:54,48.45,48.45,400,48.6,1800,15800,5637550
NIFTY20OCT2217600CE.NFO,19/10/2022,09:18:55,48.75,48.65,200,48.75,50,16300,5637550
NIFTY20OCT2217600CE.NFO,19/10/2022,09:18:56,48.75,48.85,650,48.9,50,12600,5637550
NIFTY20OCT2217600CE.NFO,19/10/2022,09:18:57,48.65,48.65,1700,48.7,1250,28400,5637550
NIFTY20OCT2217600CE.NFO,19/10/2022,09:18:58,47.85,47.8,450,47.9,200,17050,5637550
NIFTY20OCT2217600CE.NFO,19/10/2022,09:18:59,47.5,47.5,200,47.6,900,18850,5637550
NIFTY20OCT2217600CE.NFO,19/10/2022,09:19:00,47.65,47.65,100,47.75,750,15700,5637550
NIFTY20OCT2217600CE.NFO,19/10/2022,09:19:01,46.95,46.9,450,47,50,29250,5637550
NIFTY20OCT2217600CE.NFO,19/10/2022,09:19:02,47.55,47.55,150,47.65,100,17300,5637550
NIFTY20OCT2217600CE.NFO,19/10/2022,09:19:03,47.7,47.65,550,47.75,950,18300,5637550
NIFTY20OCT2217600CE.NFO,19/10/2022,09:19:04,48.05,48,700,48.1,150,14450,5637550
NIFTY20OCT2217600CE.NFO,19/10/2022,09:19:05,48.5,48.5,300,48.6,850,8600,5637550
NIFTY20OCT2217600CE.NFO,19/10/2022,09:19:06,48.4,48.4,650,48.5,500,3150,5637550
NIFTY20OCT2217600CE.NFO,19/10/2022,09:19:07,49,49,250,49.1,700,14750,5637550
NIFTY20OCT2217600CE.NFO,19/10/2022,09:19:08,49.2,49.1,50,49.25,300,18350,5637550
NIFTY20OCT2217600CE.NFO,19/10/2022,09:19:09,49.85,49.7,100,49.8,150,33500,5637550
NIFTY20OCT2217600CE.NFO,19/10/2022,09:19:10,49.85,49.85,600,50,39000,15850,5637550
NIFTY20OCT2217600CE.NFO,19/10/2022,09:19:11,49.75,49.75,100,49.8,50,39150,5637550
NIFTY20OCT2217600CE.NFO,19/10/2022,09:19:12,49.15,49.15,700,49.25,1100,49550,5637550
NIFTY20OCT2217600CE.NFO,19/10/2022,09:19:13,49.35,49.3,350,49.4,50,17050,5637550
NIFTY20OCT2217600CE.NFO,19/10/2022,09:19:14,49.6,49.5,650,49.6,900,33650,5637550
NIFTY20OCT2217600CE.NFO,19/10/2022,09:19:15,48.9,48.85,600,48.95,200,21350,5637550
NIFTY20OCT2217600CE.NFO,19/10/2022,09:19:16,49.05,49,150,49.1,200,700,5637550
NIFTY20OCT2217600CE.NFO,19/10/2022,09:19:17,49.4,49.3,1850,49.45,950,12100,5637550
NIFTY20OCT2217600CE.NFO,19/10/2022,09:19:18,49.4,49.3,450,49.4,700,6750,5637550
NIFTY20OCT2217600CE.NFO,19/10/2022,09:19:19,48.95,48.9,650,48.95,250,20550,5637550
NIFTY20OCT2217600CE.NFO,19/10/2022,09:19:20,49.05,49.05,100,49.15,350,17650,5637550
NIFTY20OCT2217600CE.NFO,19/10/2022,09:19:21,48.85,48.75,50,48.85,650,17150,5637550
NIFTY20OCT2217600CE.NFO,19/10/2022,09:19:22,48.7,48.65,150,48.7,100,19550,5637550
NIFTY20OCT2217600CE.NFO,19/10/2022,09:19:23,48.7,48.6,1350,48.7,50,11500,5637550
NIFTY20OCT2217600CE.NFO,19/10/2022,09:19:24,48.8,48.65,950,48.8,200,15200,5637550
NIFTY20OCT2217600CE.NFO,19/10/2022,09:19:25,48.6,48.6,100,48.7,200,12550,5637550
NIFTY20OCT2217600CE.NFO,19/10/2022,09:19:26,48.7,48.6,300,48.7,1150,10000,5637550
NIFTY20OCT2217600CE.NFO,19/10/2022,09:19:27,48.65,48.55,300,48.65,400,10300,5637550
NIFTY20OCT2217600CE.NFO,19/10/2022,09:19:28,48.7,48.7,500,48.75,50,5450,5637550
NIFTY20OCT2217600CE.NFO,19/10/2022,09:19:29,48.7,48.65,4050,48.8,900,19950,5637550
NIFTY20OCT2217600CE.NFO,19/10/2022,09:19:30,48.5,48.5,1700,48.6,50,10350,5637550
NIFTY20OCT2217600CE.NFO,19/10/2022,09:19:31,48.55,48.4,150,48.55,2600,3100,5637550
NIFTY20OCT2217600CE.NFO,19/10/2022,09:19:32,48.4,48.4,1000,48.55,1950,17050,5637550
NIFTY20OCT2217600CE.NFO,19/10/2022,09:19:33,48.1,48.05,800,48.2,3400,7850,5637550
NIFTY20OCT2217600CE.NFO,19/10/2022,09:19:34,48.2,48.2,450,48.3,100,24400,5637550
NIFTY20OCT2217600CE.NFO,19/10/2022,09:19:35,47.75,47.75,400,47.9,1850,24800,5637550
NIFTY20OCT2217600CE.NFO,19/10/2022,09:19:36,47.8,47.8,1000,47.95,150,3950,5637550
NIFTY20OCT2217600CE.NFO,19/10/2022,09:19:37,48,47.85,200,47.95,150,10900,5637550
NIFTY20OCT2217600CE.NFO,19/10/2022,09:19:38,47.5,47.45,500,47.55,300,17250,5637550
NIFTY20OCT2217600CE.NFO,19/10/2022,09:19:39,47.45,47.35,500,47.5,500,8600,5637550
NIFTY20OCT2217600CE.NFO,19/10/2022,09:19:40,47.75,47.65,100,47.75,800,23200,5637550
NIFTY20OCT2217600CE.NFO,19/10/2022,09:19:41,47.55,47.55,150,47.65,100,6400,5637550
NIFTY20OCT2217600CE.NFO,19/10/2022,09:19:42,47,46.95,650,47,50,37900,5637550
NIFTY20OCT2217600CE.NFO,19/10/2022,09:19:43,47.2,47.2,2600,47.35,2050,39450,5637550
NIFTY20OCT2217600CE.NFO,19/10/2022,09:19:44,47.15,47.05,250,47.15,1800,3800,5637550
NIFTY20OCT2217600CE.NFO,19/10/2022,09:19:45,47.65,47.7,2500,47.8,350,15300,5637550
NIFTY20OCT2217600CE.NFO,19/10/2022,09:19:46,47.8,47.8,2850,47.9,50,38450,5637550
NIFTY20OCT2217600CE.NFO,19/10/2022,09:19:47,47.65,47.5,2750,47.6,100,8900,5637550
NIFTY20OCT2217600CE.NFO,19/10/2022,09:19:48,48.35,48.3,1050,48.4,150,9100,5637550
NIFTY20OCT2217600CE.NFO,19/10/2022,09:19:49,48.95,48.8,800,48.9,200,10550,5637550
NIFTY20OCT2217600CE.NFO,19/10/2022,09:19:50,48.95,48.9,200,49,8200,6300,5637550
NIFTY20OCT2217600CE.NFO,19/10/2022,09:19:51,49.1,49.1,200,49.2,150,15650,5637550
NIFTY20OCT2217600CE.NFO,19/10/2022,09:19:53,49.6,49.6,400,49.75,100,20750,5637550
NIFTY20OCT2217600CE.NFO,19/10/2022,09:19:53,49.6,49.6,350,49.7,200,2100,5637550
NIFTY20OCT2217600CE.NFO,19/10/2022,09:19:54,49.5,49.5,550,49.6,950,21050,5637550
NIFTY20OCT2217600CE.NFO,19/10/2022,09:19:55,49.65,49.65,700,49.8,1250,17850,5637550
NIFTY20OCT2217600CE.NFO,19/10/2022,09:19:56,49.95,49.95,1800,50,40650,35600,5637550
NIFTY20OCT2217600CE.NFO,19/10/2022,09:19:57,50.35,50.35,1400,50.5,4800,64150,5637550
NIFTY20OCT2217600CE.NFO,19/10/2022,09:19:58,50.4,50.4,850,50.55,950,45600,5637550
NIFTY20OCT2217600CE.NFO,19/10/2022,09:19:59,50.55,50.4,800,50.55,450,26550,5637550
NIFTY20OCT2217600CE.NFO,19/10/2022,09:20:00,49.9,49.9,50,49.95,600,35850,5637550
NIFTY20OCT2217600CE.NFO,19/10/2022,09:20:02,50.35,50.2,950,50.3,550,45900,5637550
NIFTY20OCT2217600CE.NFO,19/10/2022,09:20:03,50.1,50.1,600,50.2,50,26350,5637550
NIFTY20OCT2217600CE.NFO,19/10/2022,09:20:04,50.25,50.25,150,50.4,300,27550,5637550
NIFTY20OCT2217600CE.NFO,19/10/2022,09:20:04,50.4,50.3,200,50.45,700,6800,5637550
NIFTY20OCT2217600CE.NFO,19/10/2022,09:20:05,50.4,50.25,650,50.4,300,19600,5637550
NIFTY20OCT2217600CE.NFO,19/10/2022,09:20:06,50.2,50.15,350,50.2,50,20500,5637550
NIFTY20OCT2217600CE.NFO,19/10/2022,09:20:07,50.25,50.25,350,50.35,250,36600,5637550
NIFTY20OCT2217600CE.NFO,19/10/2022,09:20:08,50.1,50,40250,50.1,1250,28000,5637550
NIFTY20OCT2217600CE.NFO,19/10/2022,09:20:09,49.9,49.75,250,49.85,200,56300,5637550
NIFTY20OCT2217600CE.NFO,19/10/2022,09:20:10,49.8,49.85,650,50,350,29300,5637550
NIFTY20OCT2217600CE.NFO,19/10/2022,09:20:11,49.7,49.6,2550,49.75,250,18200,5637550
NIFTY20OCT2217600CE.NFO,19/10/2022,09:20:12,49.65,49.65,100,49.75,100,20450,5637550
NIFTY20OCT2217600CE.NFO,19/10/2022,09:20:13,49.55,49.45,250,49.6,1250,11150,5637550
NIFTY20OCT2217600CE.NFO,19/10/2022,09:20:14,49.85,49.85,150,49.9,50,19450,5637550
NIFTY20OCT2217600CE.NFO,19/10/2022,09:20:15,49.75,49.75,600,49.9,300,12650,5637550
NIFTY20OCT2217600CE.NFO,19/10/2022,09:20:16,50,49.85,100,49.95,550,10500,5637550
NIFTY20OCT2217600CE.NFO,19/10/2022,09:20:17,49.95,49.85,200,49.95,100,4700,5637550
NIFTY20OCT2217600CE.NFO,19/10/2022,09:20:18,49.9,49.75,700,49.9,350,24750,5637550
NIFTY20OCT2217600CE.NFO,19/10/2022,09:20:19,49.9,49.8,150,49.9,150,10500,5637550
NIFTY20OCT2217600CE.NFO,19/10/2022,09:20:20,49.65,49.7,350,49.8,600,22100,5637550
NIFTY20OCT2217600CE.NFO,19/10/2022,09:20:21,49.6,49.6,650,49.7,50,20350,5637550
NIFTY20OCT2217600CE.NFO,19/10/2022,09:20:22,49.55,49.45,1350,49.6,3050,16350,5637550
NIFTY20OCT2217600CE.NFO,19/10/2022,09:20:23,49.45,49.5,100,49.6,1300,15500,5637550
NIFTY20OCT2217600CE.NFO,19/10/2022,09:20:24,49.85,49.85,1300,49.95,200,23650,5637550
NIFTY20OCT2217600CE.NFO,19/10/2022,09:20:25,50.05,50.05,1950,50.2,750,27750,5637550
NIFTY20OCT2217600CE.NFO,19/10/2022,09:20:26,50.3,50.2,50,50.3,150,10050,5637550
NIFTY20OCT2217600CE.NFO,19/10/2022,09:20:27,50.35,50.25,150,50.35,300,24900,5637550
NIFTY20OCT2217600CE.NFO,19/10/2022,09:20:28,50.4,50.25,400,50.4,1950,11750,5637550
NIFTY20OCT2217600CE.NFO,19/10/2022,09:20:29,50.4,50.25,1350,50.4,2050,16350,5637550
NIFTY20OCT2217600CE.NFO,19/10/2022,09:20:30,50.45,50.35,100,50.45,450,11850,5637550
NIFTY20OCT2217600CE.NFO,19/10/2022,09:20:31,50.3,50.15,400,50.3,350,15900,5637550
NIFTY20OCT2217600CE.NFO,19/10/2022,09:20:32,50.15,50.05,50,50.15,1300,26300,5637550
NIFTY20OCT2217600CE.NFO,19/10/2022,09:20:33,50.2,50.15,150,50.2,1850,25150,5637550
NIFTY20OCT2217600CE.NFO,19/10/2022,09:20:34,50.05,50.05,400,50.15,750,6200,5637550
NIFTY20OCT2217600CE.NFO,19/10/2022,09:20:35,50.25,50.25,150,50.3,50,21350,5637550
NIFTY20OCT2217600CE.NFO,19/10/2022,09:20:36,49.75,49.65,400,49.75,200,14450,5637550
NIFTY20OCT2217600CE.NFO,19/10/2022,09:20:37,50.05,50.05,200,50.15,250,35450,5637550
NIFTY20OCT2217600CE.NFO,19/10/2022,09:20:38,49.95,49.8,2500,49.95,550,15750,5637550
NIFTY20OCT2217600CE.NFO,19/10/2022,09:20:39,49.85,49.9,150,49.95,750,11200,5959350
NIFTY20OCT2217600CE.NFO,19/10/2022,09:20:40,50.1,50.15,150,50.25,4500,13100,5959350
NIFTY20OCT2217600CE.NFO,19/10/2022,09:20:41,50.3,50.25,50,50.3,350,18050,5959350
NIFTY20OCT2217600CE.NFO,19/10/2022,09:20:42,50.3,50.2,650,50.35,650,13750,5959350
NIFTY20OCT2217600CE.NFO,19/10/2022,09:20:43,50.4,50.3,900,50.4,450,4900,5959350
NIFTY20OCT2217600CE.NFO,19/10/2022,09:20:44,50.25,50.15,200,50.25,1300,22250,5959350
NIFTY20OCT2217600CE.NFO,19/10/2022,09:20:45,50.05,50.05,50,50.15,950,10500,5959350
NIFTY20OCT2217600CE.NFO,19/10/2022,09:20:46,49.95,49.95,200,50,50,23150,5959350
NIFTY20OCT2217600CE.NFO,19/10/2022,09:20:47,49.55,49.5,2600,49.6,2000,13850,5959350
NIFTY20OCT2217600CE.NFO,19/10/2022,09:20:48,49.75,49.8,400,49.9,2150,19300,5959350
NIFTY20OCT2217600CE.NFO,19/10/2022,09:20:49,50.15,50.05,300,50.1,50,11800,5959350
NIFTY20OCT2217600CE.NFO,19/10/2022,09:20:50,49.8,49.85,250,49.95,600,13200,5959350
NIFTY20OCT2217600CE.NFO,19/10/2022,09:20:51,50.25,50.2,550,50.25,100,19950,5959350
NIFTY20OCT2217600CE.NFO,19/10/2022,09:20:52,50.1,50.05,150,50.15,3450,16550,5959350
NIFTY20OCT2217600CE.NFO,19/10/2022,09:20:53,50.1,50.1,3700,50.25,750,9350,5959350
NIFTY20OCT2217600CE.NFO,19/10/2022,09:20:54,50.4,50.3,100,50.4,1000,16150,5959350
NIFTY20OCT2217600CE.NFO,19/10/2022,09:20:55,50.05,49.9,200,50,3650,38400,5959350
NIFTY20OCT2217600CE.NFO,19/10/2022,09:20:56,50,49.85,650,50,1650,21350,5959350
NIFTY20OCT2217600CE.NFO,19/10/2022,09:20:57,49.85,49.8,1350,49.95,850,8550,5959350
NIFTY20OCT2217600CE.NFO,19/10/2022,09:20:58,49.45,49.4,550,49.45,50,7650,5959350
NIFTY20OCT2217600CE.NFO,19/10/2022,09:20:59,49.45,49.35,450,49.45,2550,5600,5959350
NIFTY20OCT2217600CE.NFO,19/10/2022,09:21:00,49.45,49.3,250,49.45,4450,9900,5959350
NIFTY20OCT2217600CE.NFO,19/10/2022,09:21:01,48.85,48.85,150,48.9,200,46550,5959350
NIFTY20OCT2217600CE.NFO,19/10/2022,09:21:02,49.45,49.3,700,49.45,4350,17950,5959350
NIFTY20OCT2217600CE.NFO,19/10/2022,09:21:03,48.8,48.7,500,48.8,100,16300,5959350
NIFTY20OCT2217600CE.NFO,19/10/2022,09:21:04,49.05,48.95,150,49.05,100,6750,5959350
NIFTY20OCT2217600CE.NFO,19/10/2022,09:21:05,48.95,48.9,150,49,1000,9050,5959350
NIFTY20OCT2217600CE.NFO,19/10/2022,09:21:06,48.75,48.6,200,48.7,2800,8850,5959350
NIFTY20OCT2217600CE.NFO,19/10/2022,09:21:07,48.55,48.4,150,48.5,1250,28450,5959350
NIFTY20OCT2217600CE.NFO,19/10/2022,09:21:08,48.05,48,13750,48.05,600,34800,5959350
NIFTY20OCT2217600CE.NFO,19/10/2022,09:21:09,47.7,47.6,400,47.7,950,36850,5959350
NIFTY20OCT2217600CE.NFO,19/10/2022,09:21:10,47.7,47.7,100,47.8,100,11550,5959350
NIFTY20OCT2217600CE.NFO,19/10/2022,09:21:11,47.55,47.5,700,47.65,900,9650,5959350
NIFTY20OCT2217600CE.NFO,19/10/2022,09:21:12,48.15,48.25,100,48.35,1300,33700,5959350
NIFTY20OCT2217600CE.NFO,19/10/2022,09:21:13,48.5,48.4,2200,48.5,5150,13650,5959350
NIFTY20OCT2217600CE.NFO,19/10/2022,09:21:14,48.15,48.15,1200,48.3,1250,17700,5959350
NIFTY20OCT2217600CE.NFO,19/10/2022,09:21:15,48,48.05,150,48.15,1050,36450,5959350
NIFTY20OCT2217600CE.NFO,19/10/2022,09:21:16,47.95,47.95,450,48.05,700,65350,5959350
NIFTY20OCT2217600CE.NFO,19/10/2022,09:21:17,48.25,48.1,2300,48.25,750,6200,5959350
NIFTY20OCT2217600CE.NFO,19/10/2022,09:21:18,48,48,2900,48.05,100,12350,5959350
NIFTY20OCT2217600CE.NFO,19/10/2022,09:21:19,48,48,850,48.15,700,8000,5959350
NIFTY20OCT2217600CE.NFO,19/10/2022,09:21:20,48.2,48.25,50,48.35,100,10500,5959350
NIFTY20OCT2217600CE.NFO,19/10/2022,09:21:21,47.8,47.8,100,47.9,750,11050,5959350
NIFTY20OCT2217600CE.NFO,19/10/2022,09:21:22,48.1,48,1550,48.1,1000,22650,5959350
NIFTY20OCT2217600CE.NFO,19/10/2022,09:21:23,48.2,48.2,800,48.35,1250,12400,5959350
NIFTY20OCT2217600CE.NFO,19/10/2022,09:21:24,47.85,47.7,2950,47.85,450,11900,5959350
NIFTY20OCT2217600CE.NFO,19/10/2022,09:21:25,47.75,47.6,450,47.7,600,6650,5959350
NIFTY20OCT2217600CE.NFO,19/10/2022,09:21:26,47.85,47.85,2450,47.95,100,12550,5959350
NIFTY20OCT2217600CE.NFO,19/10/2022,09:21:27,47.75,47.65,1050,47.75,2600,6500,5959350
NIFTY20OCT2217600CE.NFO,19/10/2022,09:21:28,47.7,47.55,900,47.7,1700,8000,5959350
NIFTY20OCT2217600CE.NFO,19/10/2022,09:21:29,47.6,47.6,250,47.65,100,10350,5959350
NIFTY20OCT2217600CE.NFO,19/10/2022,09:21:30,47.45,47.45,50,47.5,1250,20200,5959350
NIFTY20OCT2217600CE.NFO,19/10/2022,09:21:31,47.7,47.7,700,47.75,550,14650,5959350
NIFTY20OCT2217600CE.NFO,19/10/2022,09:21:32,47.6,47.6,900,47.7,100,10350,5959350
NIFTY20OCT2217600CE.NFO,19/10/2022,09:21:33,47.4,47.25,6200,47.4,300,11150,5959350
NIFTY20OCT2217600CE.NFO,19/10/2022,09:21:34,47.6,47.6,550,47.75,1500,6950,5959350
NIFTY20OCT2217600CE.NFO,19/10/2022,09:21:35,47.25,47.2,1150,47.3,900,20250,5959350
NIFTY20OCT2217600CE.NFO,19/10/2022,09:21:36,47.25,47.15,250,47.25,800,3800,5959350
NIFTY20OCT2217600CE.NFO,19/10/2022,09:21:37,47.25,47.25,50,47.4,1700,45950,5959350
NIFTY20OCT2217600CE.NFO,19/10/2022,09:21:38,47.65,47.55,250,47.65,2250,10000,5959350
NIFTY20OCT2217600CE.NFO,19/10/2022,09:21:39,47.5,47.45,50,47.5,100,10850,5959350
NIFTY20OCT2217600CE.NFO,19/10/2022,09:21:40,47.7,47.6,100,47.7,550,8200,5959350
NIFTY20OCT2217600CE.NFO,19/10/2022,09:21:41,47.95,48,350,48.1,400,18000,5959350
NIFTY20OCT2217600CE.NFO,19/10/2022,09:21:42,48.1,48.05,300,48.15,150,2050,5959350
NIFTY20OCT2217600CE.NFO,19/10/2022,09:21:43,48,48.1,1150,48.2,650,14950,5959350
NIFTY20OCT2217600CE.NFO,19/10/2022,09:21:44,48.95,48.9,150,48.95,300,30550,5959350
NIFTY20OCT2217600CE.NFO,19/10/2022,09:21:45,47.6,47.55,50,47.6,2600,28450,5959350
NIFTY20OCT2217600CE.NFO,19/10/2022,09:21:46,47.4,47.35,350,47.45,2100,21000,5959350
NIFTY20OCT2217600CE.NFO,19/10/2022,09:21:48,47.85,47.7,600,47.85,4100,13300,5959350
NIFTY20OCT2217600CE.NFO,19/10/2022,09:21:48,47.8,47.7,100,47.8,1950,550,5959350
NIFTY20OCT2217600CE.NFO,19/10/2022,09:21:49,48.1,48.1,50,48.15,50,8750,5959350
NIFTY20OCT2217600CE.NFO,19/10/2022,09:21:50,47.85,47.85,1300,47.95,200,5500,5959350
NIFTY20OCT2217600CE.NFO,19/10/2022,09:21:51,47.5,47.4,800,47.5,1400,10450,5959350
NIFTY20OCT2217600CE.NFO,19/10/2022,09:21:52,47.6,47.5,950,47.6,750,15600,5959350
NIFTY20OCT2217600CE.NFO,19/10/2022,09:21:53,48,47.95,50,48,550,9150,5959350
NIFTY20OCT2217600CE.NFO,19/10/2022,09:21:54,48.15,48,3050,48.15,1100,3250,5959350
NIFTY20OCT2217600CE.NFO,19/10/2022,09:21:55,47.85,47.9,100,47.95,50,2900,5959350
NIFTY20OCT2217600CE.NFO,19/10/2022,09:21:56,48.25,48.25,650,48.4,2800,12100,5959350
NIFTY20OCT2217600CE.NFO,19/10/2022,09:21:57,48.45,48.35,500,48.5,2500,15200,5959350
NIFTY20OCT2217600CE.NFO,19/10/2022,09:21:58,48,48,200,48.15,2800,14050,5959350
NIFTY20OCT2217600CE.NFO,19/10/2022,09:22:00,47.65,47.6,550,47.7,450,15650,5959350
NIFTY20OCT2217600CE.NFO,19/10/2022,09:22:01,47.65,47.6,50,47.7,3650,5950,5959350
NIFTY20OCT2217600CE.NFO,19/10/2022,09:22:01,47.6,47.6,150,47.7,1500,3700,5959350
NIFTY20OCT2217600CE.NFO,19/10/2022,09:22:02,47.6,47.55,950,47.65,1250,5350,5959350
NIFTY20OCT2217600CE.NFO,19/10/2022,09:22:03,47.3,47.3,1000,47.45,4150,10450,5959350
NIFTY20OCT2217600CE.NFO,19/10/2022,09:22:04,47.5,47.4,300,47.55,850,16000,5959350
NIFTY20OCT2217600CE.NFO,19/10/2022,09:22:05,47.55,47.45,50,47.55,100,2150,5959350
NIFTY20OCT2217600CE.NFO,19/10/2022,09:22:06,47.3,47.15,4800,47.3,900,22100,5959350
NIFTY20OCT2217600CE.NFO,19/10/2022,09:22:07,47.25,47.25,3300,47.4,4650,21600,5959350
NIFTY20OCT2217600CE.NFO,19/10/2022,09:22:08,47.35,47.35,400,47.5,2500,22650,5959350
NIFTY20OCT2217600CE.NFO,19/10/2022,09:22:09,47.25,47.25,500,47.35,150,7750,5959350
NIFTY20OCT2217600CE.NFO,19/10/2022,09:22:10,47.2,47.2,850,47.3,750,5400,5959350
NIFTY20OCT2217600CE.NFO,19/10/2022,09:22:12,47.3,47.25,200,47.35,1150,98250,5959350
NIFTY20OCT2217600CE.NFO,19/10/2022,09:22:12,47.35,47.3,900,47.4,800,1350,5959350
NIFTY20OCT2217600CE.NFO,19/10/2022,09:22:13,48,48.05,50,48.15,850,23000,5959350
NIFTY20OCT2217600CE.NFO,19/10/2022,09:22:14,48,48,500,48.1,250,9800,5959350
NIFTY20OCT2217600CE.NFO,19/10/2022,09:22:15,48.35,48.35,1300,48.5,5550,10050,5959350
NIFTY20OCT2217600CE.NFO,19/10/2022,09:22:16,48.4,48.4,1450,48.5,900,9800,5959350
NIFTY20OCT2217600CE.NFO,19/10/2022,09:22:17,48.15,48.05,600,48.15,900,17100,5959350
NIFTY20OCT2217600CE.NFO,19/10/2022,09:22:18,48.6,48.45,1500,48.6,1600,7250,5959350
NIFTY20OCT2217600CE.NFO,19/10/2022,09:22:20,48.45,48.4,1150,48.5,700,9750,5959350
NIFTY20OCT2217600CE.NFO,19/10/2022,09:22:20,48.3,48.3,50,48.4,850,4450,5959350
NIFTY20OCT2217600CE.NFO,19/10/2022,09:22:21,48.9,48.75,3050,48.85,300,11050,5959350
NIFTY20OCT2217600CE.NFO,19/10/2022,09:22:22,48.6,48.5,1050,48.6,50,18500,5959350
NIFTY20OCT2217600CE.NFO,19/10/2022,09:22:23,48.7,48.6,250,48.7,500,8000,5959350
NIFTY20OCT2217600CE.NFO,19/10/2022,09:22:24,48.8,48.7,550,48.8,850,11000,5959350
NIFTY20OCT2217600CE.NFO,19/10/2022,09:22:25,48.9,48.9,350,49,12000,9450,5959350
NIFTY20OCT2217600CE.NFO,19/10/2022,09:22:26,48.75,48.7,100,48.8,3250,21900,5959350
NIFTY20OCT2217600CE.NFO,19/10/2022,09:22:27,48.6,48.5,100,48.6,800,9150,5959350
NIFTY20OCT2217600CE.NFO,19/10/2022,09:22:28,48.9,48.75,4950,48.9,3100,8900,5959350
NIFTY20OCT2217600CE.NFO,19/10/2022,09:22:29,48.7,48.65,850,48.8,900,3700,5959350
NIFTY20OCT2217600CE.NFO,19/10/2022,09:22:30,49,48.85,50,48.95,850,4150,5959350
NIFTY20OCT2217600CE.NFO,19/10/2022,09:22:31,48.65,48.55,50,48.65,350,17150,5959350
NIFTY20OCT2217600CE.NFO,19/10/2022,09:22:32,48.65,48.6,950,48.75,2500,9300,5959350
NIFTY20OCT2217600CE.NFO,19/10/2022,09:22:34,48.8,48.85,400,48.9,2000,17850,5959350
NIFTY20OCT2217600CE.NFO,19/10/2022,09:22:34,48.85,48.85,4550,49,4850,5600,5959350
NIFTY20OCT2217600CE.NFO,19/10/2022,09:22:35,49,48.9,100,49,3900,6450,5959350
NIFTY20OCT2217600CE.NFO,19/10/2022,09:22:36,49.3,49.2,750,49.3,1850,21200,5959350
NIFTY20OCT2217600CE.NFO,19/10/2022,09:22:37,48.75,48.65,50,48.75,3200,11850,5959350
NIFTY20OCT2217600CE.NFO,19/10/2022,09:22:38,48.85,48.7,50,48.8,2300,5950,5959350
NIFTY20OCT2217600CE.NFO,19/10/2022,09:22:39,48.8,48.8,750,48.9,1400,7500,5959350
NIFTY20OCT2217600CE.NFO,19/10/2022,09:22:41,48.1,48,50,48.1,2800,45050,5959350
NIFTY20OCT2217600CE.NFO,19/10/2022,09:22:41,48,47.85,200,47.9,100,2700,5959350
NIFTY20OCT2217600CE.NFO,19/10/2022,09:22:42,47.5,47.45,100,47.5,200,10100,5959350
NIFTY20OCT2217600CE.NFO,19/10/2022,09:22:43,47.3,47.25,700,47.35,100,16900,5959350
NIFTY20OCT2217600CE.NFO,19/10/2022,09:22:44,47.55,47.55,1350,47.7,100,6400,5959350
NIFTY20OCT2217600CE.NFO,19/10/2022,09:22:45,47.8,47.7,600,47.8,1300,7950,5959350
NIFTY20OCT2217600CE.NFO,19/10/2022,09:22:46,48.2,48.05,800,48.2,300,12300,5959350
NIFTY20OCT2217600CE.NFO,19/10/2022,09:22:47,47.75,47.75,300,47.85,50,4100,5959350
NIFTY20OCT2217600CE.NFO,19/10/2022,09:22:48,48.2,48.15,50,48.2,400,11650,5959350
NIFTY20OCT2217600CE.NFO,19/10/2022,09:22:49,47.65,47.55,1000,47.6,900,7350,5959350
NIFTY20OCT2217600CE.NFO,19/10/2022,09:22:51,47.8,47.65,700,47.8,2400,8350,5959350
NIFTY20OCT2217600CE.NFO,19/10/2022,09:22:51,47.55,47.5,300,47.55,550,5800,5959350
NIFTY20OCT2217600CE.NFO,19/10/2022,09:22:52,47.85,47.75,250,47.85,150,16750,5959350
NIFTY20OCT2217600CE.NFO,19/10/2022,09:22:53,47.85,47.8,1550,47.9,3200,3850,5959350
NIFTY20OCT2217600CE.NFO,19/10/2022,09:22:54,47.85,47.7,1000,47.85,700,6350,5959350
NIFTY20OCT2217600CE.NFO,19/10/2022,09:22:55,48.1,48,550,48.1,350,9850,5959350
NIFTY20OCT2217600CE.NFO,19/10/2022,09:22:56,48.1,48.05,4050,48.2,1750,8450,5959350
NIFTY20OCT2217600CE.NFO,19/10/2022,09:22:57,48.1,48,100,48.1,450,3150,5959350
NIFTY20OCT2217600CE.NFO,19/10/2022,09:22:58,48.85,48.8,150,48.9,900,22300,5959350
NIFTY20OCT2217600CE.NFO,19/10/2022,09:22:59,48.9,48.85,150,48.95,50,14450,5959350
NIFTY20OCT2217600CE.NFO,19/10/2022,09:23:00,48.85,48.85,350,48.95,1100,3850,5959350
NIFTY20OCT2217600CE.NFO,19/10/2022,09:23:01,48.15,48.1,2800,48.15,50,12100,5959350
NIFTY20OCT2217600CE.NFO,19/10/2022,09:23:02,48.2,48.1,150,48.2,200,9100,5959350
NIFTY20OCT2217600CE.NFO,19/10/2022,09:23:04,48.65,48.55,150,48.65,700,6000,5959350
NIFTY20OCT2217600CE.NFO,19/10/2022,09:23:04,48.8,48.7,1150,48.85,1200,2900,5959350
NIFTY20OCT2217600CE.NFO,19/10/2022,09:23:05,48.5,48.55,200,48.65,1650,11750,5959350
NIFTY20OCT2217600CE.NFO,19/10/2022,09:23:06,48.6,48.6,1600,48.75,700,4950,5959350
NIFTY20OCT2217600CE.NFO,19/10/2022,09:23:07,48.65,48.55,1300,48.7,1800,7400,5959350
NIFTY20OCT2217600CE.NFO,19/10/2022,09:23:08,48.75,48.8,100,48.85,50,6850,5959350
NIFTY20OCT2217600CE.NFO,19/10/2022,09:23:09,49,48.9,200,49,4450,7600,5959350
NIFTY20OCT2217600CE.NFO,19/10/2022,09:23:11,49.25,49.25,400,49.35,50,17500,5959350
NIFTY20OCT2217600CE.NFO,19/10/2022,09:23:11,49.35,49.3,50,49.35,100,550,5959350
NIFTY20OCT2217600CE.NFO,19/10/2022,09:23:12,49.5,49.35,1250,49.5,950,29000,5959350
NIFTY20OCT2217600CE.NFO,19/10/2022,09:23:13,49.75,49.75,500,49.85,200,22350,5959350
NIFTY20OCT2217600CE.NFO,19/10/2022,09:23:14,49.45,49.4,100,49.45,200,43150,5959350
NIFTY20OCT2217600CE.NFO,19/10/2022,09:23:15,49.65,49.55,50,49.65,300,6500,5959350
NIFTY20OCT2217600CE.NFO,19/10/2022,09:23:16,49.6,49.5,450,49.6,1100,23050,5959350
NIFTY20OCT2217600CE.NFO,19/10/2022,09:23:17,49.85,49.8,1550,49.95,400,14200,5959350
NIFTY20OCT2217600CE.NFO,19/10/2022,09:23:18,49.55,49.55,1100,49.65,100,17650,5959350
NIFTY20OCT2217600CE.NFO,19/10/2022,09:23:20,49.95,49.85,2300,49.95,750,18350,5959350
NIFTY20OCT2217600CE.NFO,19/10/2022,09:23:20,49.9,49.9,1300,50,176900,2350,5959350
NIFTY20OCT2217600CE.NFO,19/10/2022,09:23:21,50,49.9,650,50,171150,14500,5959350
NIFTY20OCT2217600CE.NFO,19/10/2022,09:23:22,49.8,49.7,350,49.8,950,92950,5959350
NIFTY20OCT2217600CE.NFO,19/10/2022,09:23:23,49.4,49.45,1850,49.5,2850,25350,5959350
NIFTY20OCT2217600CE.NFO,19/10/2022,09:23:24,49.65,49.55,700,49.65,400,24400,5959350
NIFTY20OCT2217600CE.NFO,19/10/2022,09:23:25,49.5,49.4,800,49.5,1050,15350,5959350
NIFTY20OCT2217600CE.NFO,19/10/2022,09:23:26,49.05,48.95,100,49,100,25450,5959350
NIFTY20OCT2217600CE.NFO,19/10/2022,09:23:28,48.45,48.5,250,48.6,1950,21400,5959350
NIFTY20OCT2217600CE.NFO,19/10/2022,09:23:28,48.7,48.6,450,48.7,2700,6250,5959350
NIFTY20OCT2217600CE.NFO,19/10/2022,09:23:29,48.55,48.4,1750,48.5,500,18800,5959350
NIFTY20OCT2217600CE.NFO,19/10/2022,09:23:31,48.5,48.4,400,48.5,500,21100,5959350
NIFTY20OCT2217600CE.NFO,19/10/2022,09:23:31,48.6,48.45,200,48.55,750,11800,5959350
NIFTY20OCT2217600CE.NFO,19/10/2022,09:23:33,48.6,48.55,300,48.65,750,5950,5959350
NIFTY20OCT2217600CE.NFO,19/10/2022,09:23:33,48.65,48.65,2450,48.75,500,6200,5959350
NIFTY20OCT2217600CE.NFO,19/10/2022,09:23:34,48.8,48.65,700,48.75,200,13050,5959350
NIFTY20OCT2217600CE.NFO,19/10/2022,09:23:35,48.75,48.65,400,48.75,300,9550,5959350
NIFTY20OCT2217600CE.NFO,19/10/2022,09:23:36,48.7,48.65,700,48.7,2600,6650,5959350
NIFTY20OCT2217600CE.NFO,19/10/2022,09:23:37,48.5,48.35,1400,48.5,2900,11650,5959350
NIFTY20OCT2217600CE.NFO,19/10/2022,09:23:38,48.15,48.05,600,48.15,2050,12850,5959350
NIFTY20OCT2217600CE.NFO,19/10/2022,09:23:39,48.15,48.1,3750,48.2,250,21000,6243250
NIFTY20OCT2217600CE.NFO,19/10/2022,09:23:41,48.35,48.3,200,48.4,800,13600,6243250
NIFTY20OCT2217600CE.NFO,19/10/2022,09:23:41,48.35,48.35,100,48.45,50,2650,6243250
NIFTY20OCT2217600CE.NFO,19/10/2022,09:23:42,48.6,48.55,150,48.6,1500,8800,6243250
NIFTY20OCT2217600CE.NFO,19/10/2022,09:23:43,48.35,48.25,3200,48.4,1100,17950,6243250
NIFTY20OCT2217600CE.NFO,19/10/2022,09:23:44,48.7,48.55,600,48.65,150,9150,6243250
NIFTY20OCT2217600CE.NFO,19/10/2022,09:23:45,48.8,48.75,650,48.85,350,17150,6243250
NIFTY20OCT2217600CE.NFO,19/10/2022,09:23:47,49.3,49.25,550,49.3,2700,17000,6243250
NIFTY20OCT2217600CE.NFO,19/10/2022,09:23:47,49.3,49.25,500,49.3,1900,3700,6243250
NIFTY20OCT2217600CE.NFO,19/10/2022,09:23:48,49.35,49.3,200,49.35,1450,31200,6243250
NIFTY20OCT2217600CE.NFO,19/10/2022,09:23:49,49.65,49.55,450,49.65,50,10650,6243250
NIFTY20OCT2217600CE.NFO,19/10/2022,09:23:50,49.15,49.15,50,49.25,2800,12550,6243250
NIFTY20OCT2217600CE.NFO,19/10/2022,09:23:51,49.5,49.4,650,49.5,200,2850,6243250
NIFTY20OCT2217600CE.NFO,19/10/2022,09:23:52,49.55,49.55,1050,49.65,100,9950,6243250
NIFTY20OCT2217600CE.NFO,19/10/2022,09:23:54,49.75,49.7,50,49.8,100,13350,6243250
NIFTY20OCT2217600CE.NFO,19/10/2022,09:23:54,49.85,49.85,100,49.9,1600,5800,6243250
NIFTY20OCT2217600CE.NFO,19/10/2022,09:23:55,49.8,49.75,600,49.8,750,24700,6243250
NIFTY20OCT2217600CE.NFO,19/10/2022,09:23:56,49.4,49.4,50,49.45,50,9500,6243250
NIFTY20OCT2217600CE.NFO,19/10/2022,09:23:57,49.3,49.15,500,49.3,3900,16700,6243250
NIFTY20OCT2217600CE.NFO,19/10/2022,09:23:58,49.25,49.25,150,49.3,350,8000,6243250
NIFTY20OCT2217600CE.NFO,19/10/2022,09:24:00,49.5,49.45,900,49.6,1100,12400,6243250
NIFTY20OCT2217600CE.NFO,19/10/2022,09:24:01,49.65,49.65,1100,49.75,50,10000,6243250
NIFTY20OCT2217600CE.NFO,19/10/2022,09:24:01,49.3,49.3,150,49.4,200,4300,6243250
NIFTY20OCT2217600CE.NFO,19/10/2022,09:24:02,49.25,49.25,1050,49.35,200,5550,6243250
NIFTY20OCT2217600CE.NFO,19/10/2022,09:24:03,49.35,49.35,300,49.45,1150,4600,6243250
NIFTY20OCT2217600CE.NFO,19/10/2022,09:24:04,49.4,49.3,1000,49.45,1350,3650,6243250
NIFTY20OCT2217600CE.NFO,19/10/2022,09:24:05,49.75,49.65,2900,49.8,4350,3750,6243250
NIFTY20OCT2217600CE.NFO,19/10/2022,09:24:06,49.5,49.5,4850,49.6,200,8400,6243250
NIFTY20OCT2217600CE.NFO,19/10/2022,09:24:07,49.75,49.7,1800,49.8,1100,14800,6243250
NIFTY20OCT2217600CE.NFO,19/10/2022,09:24:08,49.55,49.5,1050,49.55,300,11600,6243250
NIFTY20OCT2217600CE.NFO,19/10/2022,09:24:09,49.5,49.4,1150,49.5,150,17200,6243250
NIFTY20OCT2217600CE.NFO,19/10/2022,09:24:10,49.55,49.45,1500,49.55,50,11150,6243250
NIFTY20OCT2217600CE.NFO,19/10/2022,09:24:11,49.3,49.2,100,49.3,350,6950,6243250
NIFTY20OCT2217600CE.NFO,19/10/2022,09:24:12,49.1,49,2750,49.15,1450,16750,6243250
NIFTY20OCT2217600CE.NFO,19/10/2022,09:24:13,48.45,48.4,1500,48.45,50,34350,6243250
NIFTY20OCT2217600CE.NFO,19/10/2022,09:24:15,49.15,49.05,350,49.15,200,14100,6243250
NIFTY20OCT2217600CE.NFO,19/10/2022,09:24:16,49.2,49.2,100,49.25,200,11550,6243250
NIFTY20OCT2217600CE.NFO,19/10/2022,09:24:17,49.45,49.35,200,49.45,1050,5950,6243250
NIFTY20OCT2217600CE.NFO,19/10/2022,09:24:18,49.35,49.35,1350,49.5,6750,12250,6243250
NIFTY20OCT2217600CE.NFO,19/10/2022,09:24:18,49.4,49.35,950,49.45,1650,350,6243250
NIFTY20OCT2217600CE.NFO,19/10/2022,09:24:19,49.5,49.45,100,49.5,50,14700,6243250
NIFTY20OCT2217600CE.NFO,19/10/2022,09:24:21,49.55,49.45,2250,49.55,50,8050,6243250
NIFTY20OCT2217600CE.NFO,19/10/2022,09:24:22,49.8,49.65,150,49.75,1500,7950,6243250
NIFTY20OCT2217600CE.NFO,19/10/2022,09:24:23,49.8,49.75,800,49.85,1650,13000,6243250
NIFTY20OCT2217600CE.NFO,19/10/2022,09:24:23,49.95,49.85,100,49.95,1550,9400,6243250
NIFTY20OCT2217600CE.NFO,19/10/2022,09:24:24,49.95,49.95,2550,50,56750,88000,6243250
NIFTY20OCT2217600CE.NFO,19/10/2022,09:24:25,50.6,50.5,150,50.6,2050,163800,6243250
NIFTY20OCT2217600CE.NFO,19/10/2022,09:24:26,50.6,50.6,800,50.7,1550,31550,6243250
NIFTY20OCT2217600CE.NFO,19/10/2022,09:24:27,50.9,50.75,950,50.9,1200,32600,6243250
NIFTY20OCT2217600CE.NFO,19/10/2022,09:24:28,50.9,50.85,1200,50.9,50,25200,6243250
NIFTY20OCT2217600CE.NFO,19/10/2022,09:24:29,50.95,50.95,1100,51,11300,31800,6243250
NIFTY20OCT2217600CE.NFO,19/10/2022,09:24:30,51.25,51.2,1150,51.3,1300,37600,6243250
NIFTY20OCT2217600CE.NFO,19/10/2022,09:24:31,51.5,51.45,100,51.5,2200,39000,6243250
NIFTY20OCT2217600CE.NFO,19/10/2022,09:24:32,51.65,51.55,2550,51.65,550,43950,6243250
NIFTY20OCT2217600CE.NFO,19/10/2022,09:24:33,51.85,51.85,2250,51.95,150,30000,6243250
NIFTY20OCT2217600CE.NFO,19/10/2022,09:24:34,52,51.95,200,52,23050,32800,6243250
NIFTY20OCT2217600CE.NFO,19/10/2022,09:24:35,52.35,52.2,1900,52.35,2700,56300,6243250
NIFTY20OCT2217600CE.NFO,19/10/2022,09:24:36,51.95,51.95,400,52,400,23250,6243250
NIFTY20OCT2217600CE.NFO,19/10/2022,09:24:37,52.35,52.35,1600,52.45,550,29950,6243250
NIFTY20OCT2217600CE.NFO,19/10/2022,09:24:38,52.75,52.75,300,52.8,700,47950,6243250
NIFTY20OCT2217600CE.NFO,19/10/2022,09:24:40,52.65,52.55,1900,52.7,950,48550,6243250
NIFTY20OCT2217600CE.NFO,19/10/2022,09:24:41,52.8,52.65,1300,52.75,1000,24500,6243250
NIFTY20OCT2217600CE.NFO,19/10/2022,09:24:41,52.55,52.5,300,52.6,2300,16700,6243250
NIFTY20OCT2217600CE.NFO,19/10/2022,09:24:42,53.3,53.15,800,53.3,3100,50300,6243250
NIFTY20OCT2217600CE.NFO,19/10/2022,09:24:43,52.9,52.85,1900,53,900,23100,6243250
NIFTY20OCT2217600CE.NFO,19/10/2022,09:24:45,52.85,52.65,1250,52.85,3650,44250,6243250
NIFTY20OCT2217600CE.NFO,19/10/2022,09:24:46,52.6,52.4,1850,52.55,1500,24650,6243250
NIFTY20OCT2217600CE.NFO,19/10/2022,09:24:47,52.55,52.55,50,52.6,50,28200,6243250
NIFTY20OCT2217600CE.NFO,19/10/2022,09:24:48,52.75,52.6,150,52.7,100,24950,6243250
NIFTY20OCT2217600CE.NFO,19/10/2022,09:24:48,52.95,52.95,3450,53,350,14700,6243250
NIFTY20OCT2217600CE.NFO,19/10/2022,09:24:49,52.85,52.85,150,52.95,1650,23150,6243250
NIFTY20OCT2217600CE.NFO,19/10/2022,09:24:50,53.15,53.2,450,53.35,1500,26500,6243250
NIFTY20OCT2217600CE.NFO,19/10/2022,09:24:51,53,52.85,2250,53,150,26000,6243250
NIFTY20OCT2217600CE.NFO,19/10/2022,09:24:53,52.5,52.35,1150,52.5,1950,41150,6243250
NIFTY20OCT2217600CE.NFO,19/10/2022,09:24:54,52.8,52.65,100,52.75,500,11000,6243250
NIFTY20OCT2217600CE.NFO,19/10/2022,09:24:55,52.65,52.6,3150,52.7,50,18050,6243250
NIFTY20OCT2217600CE.NFO,19/10/2022,09:24:55,52.6,52.5,1100,52.6,50,7300,6243250
NIFTY20OCT2217600CE.NFO,19/10/2022,09:24:57,52.45,52.45,1150,52.55,950,22550,6243250
NIFTY20OCT2217600CE.NFO,19/10/2022,09:24:57,52.45,52.45,1600,52.6,1750,12950,6243250
NIFTY20OCT2217600CE.NFO,19/10/2022,09:24:59,52.6,52.5,1600,52.6,750,18650,6243250
NIFTY20OCT2217600CE.NFO,19/10/2022,09:25:00,52.25,52.2,1100,52.3,200,46050,6243250
NIFTY20OCT2217600CE.NFO,19/10/2022,09:25:01,51.65,51.5,400,51.65,550,23400,6243250
NIFTY20OCT2217600CE.NFO,19/10/2022,09:25:01,51.35,51.35,400,51.5,400,17350,6243250
NIFTY20OCT2217600CE.NFO,19/10/2022,09:25:02,51,51,5500,51.05,300,28350,6243250
NIFTY20OCT2217600CE.NFO,19/10/2022,09:25:04,50.85,50.7,3750,50.85,200,24500,6243250
NIFTY20OCT2217600CE.NFO,19/10/2022,09:25:04,51.05,51,650,51.1,800,25700,6243250
NIFTY20OCT2217600CE.NFO,19/10/2022,09:25:06,50.85,50.65,1100,50.8,200,25300,6243250
NIFTY20OCT2217600CE.NFO,19/10/2022,09:25:07,51.2,51.1,50,51.2,650,31150,6243250
NIFTY20OCT2217600CE.NFO,19/10/2022,09:25:08,51.6,51.65,450,51.75,450,21750,6243250
NIFTY20OCT2217600CE.NFO,19/10/2022,09:25:09,51.5,51.45,1100,51.6,900,11550,6243250
NIFTY20OCT2217600CE.NFO,19/10/2022,09:25:10,51.65,51.5,50,51.6,900,8500,6243250
NIFTY20OCT2217600CE.NFO,19/10/2022,09:25:10,51.35,51.35,150,51.45,800,7750,6243250
NIFTY20OCT2217600CE.NFO,19/10/2022,09:25:11,51.1,51,550,51.1,1800,17700,6243250
NIFTY20OCT2217600CE.NFO,19/10/2022,09:25:12,51.85,51.75,100,51.8,100,16300,6243250
NIFTY20OCT2217600CE.NFO,19/10/2022,09:25:14,51.1,51,450,51.1,300,22750,6243250
NIFTY20OCT2217600CE.NFO,19/10/2022,09:25:15,51.3,51.2,300,51.3,700,15200,6243250
NIFTY20OCT2217600CE.NFO,19/10/2022,09:25:16,51.3,51.3,200,51.4,900,12750,6243250
NIFTY20OCT2217600CE.NFO,19/10/2022,09:25:16,51.45,51.25,700,51.4,1200,5350,6243250
NIFTY20OCT2217600CE.NFO,19/10/2022,09:25:17,51.15,51.05,650,51.15,250,14550,6243250
NIFTY20OCT2217600CE.NFO,19/10/2022,09:25:18,51.2,51.2,1050,51.3,100,23250,6243250
NIFTY20OCT2217600CE.NFO,19/10/2022,09:25:20,50.95,50.9,750,51.05,50,23750,6243250
NIFTY20OCT2217600CE.NFO,19/10/2022,09:25:21,50.8,50.75,300,50.8,1150,19850,6243250
NIFTY20OCT2217600CE.NFO,19/10/2022,09:25:21,50.9,50.9,100,51,250,14750,6243250
NIFTY20OCT2217600CE.NFO,19/10/2022,09:25:23,51.05,51.05,150,51.15,50,21750,6243250
NIFTY20OCT2217600CE.NFO,19/10/2022,09:25:24,50.75,50.65,1450,50.75,200,21200,6243250
NIFTY20OCT2217600CE.NFO,19/10/2022,09:25:24,50.9,50.85,150,50.95,1050,5700,6243250
NIFTY20OCT2217600CE.NFO,19/10/2022,09:25:25,51,51,900,51.1,100,10750,6243250
NIFTY20OCT2217600CE.NFO,19/10/2022,09:25:26,51.2,51.05,2150,51.2,1100,11650,6243250
NIFTY20OCT2217600CE.NFO,19/10/2022,09:25:27,51.05,51.05,50,51.1,300,7650,6243250
NIFTY20OCT2217600CE.NFO,19/10/2022,09:25:28,51.1,51,1250,51.1,250,7800,6243250
NIFTY20OCT2217600CE.NFO,19/10/2022,09:25:29,51.2,51.15,200,51.25,750,7650,6243250
NIFTY20OCT2217600CE.NFO,19/10/2022,09:25:30,51.4,51.4,250,51.5,5200,7650,6243250
NIFTY20OCT2217600CE.NFO,19/10/2022,09:25:31,51.05,51,350,51.05,50,9800,6243250
NIFTY20OCT2217600CE.NFO,19/10/2022,09:25:32,50.85,50.75,700,50.85,150,12000,6243250
NIFTY20OCT2217600CE.NFO,19/10/2022,09:25:34,50.85,50.75,4650,50.9,350,11400,6243250
NIFTY20OCT2217600CE.NFO,19/10/2022,09:25:35,50.75,50.65,400,50.75,150,8900,6243250
NIFTY20OCT2217600CE.NFO,19/10/2022,09:25:35,50.4,50.3,200,50.4,150,9750,6243250
NIFTY20OCT2217600CE.NFO,19/10/2022,09:25:36,50.4,50.4,1000,50.5,3550,31200,6243250
NIFTY20OCT2217600CE.NFO,19/10/2022,09:25:37,50.3,50.2,700,50.3,3250,21800,6243250
NIFTY20OCT2217600CE.NFO,19/10/2022,09:25:38,50.3,50.25,400,50.35,1100,12600,6243250
NIFTY20OCT2217600CE.NFO,19/10/2022,09:25:40,50.6,50.5,1150,50.6,950,19500,6243250
NIFTY20OCT2217600CE.NFO,19/10/2022,09:25:41,50.7,50.6,50,50.7,1200,6100,6243250
NIFTY20OCT2217600CE.NFO,19/10/2022,09:25:42,50.8,50.75,50,50.85,1300,11750,6243250
NIFTY20OCT2217600CE.NFO,19/10/2022,09:25:42,50.9,50.75,3450,50.9,1250,5150,6243250
NIFTY20OCT2217600CE.NFO,19/10/2022,09:25:43,50.9,50.85,50,50.9,850,7750,6243250
NIFTY20OCT2217600CE.NFO,19/10/2022,09:25:44,50.75,50.75,1200,50.85,650,15400,6243250
NIFTY20OCT2217600CE.NFO,19/10/2022,09:25:45,50.85,50.75,50,50.85,200,13400,6243250
NIFTY20OCT2217600CE.NFO,19/10/2022,09:25:46,50.6,50.6,50,50.7,200,12500,6243250
NIFTY20OCT2217600CE.NFO,19/10/2022,09:25:47,50.55,50.5,3900,50.6,2800,7750,6243250
NIFTY20OCT2217600CE.NFO,19/10/2022,09:25:49,50.5,50.4,950,50.5,1900,11750,6243250
NIFTY20OCT2217600CE.NFO,19/10/2022,09:25:49,50.5,50.4,1450,50.5,1050,11200,6243250
NIFTY20OCT2217600CE.NFO,19/10/2022,09:25:51,50.3,50.25,150,50.35,100,9850,6243250
NIFTY20OCT2217600CE.NFO,19/10/2022,09:25:51,50.2,50.2,750,50.3,1050,2850,6243250
NIFTY20OCT2217600CE.NFO,19/10/2022,09:25:52,50.05,50.05,1800,50.1,600,18850,6243250
NIFTY20OCT2217600CE.NFO,19/10/2022,09:25:53,49.75,49.7,4500,49.85,1700,86050,6243250
NIFTY20OCT2217600CE.NFO,19/10/2022,09:25:54,49.75,49.75,50,49.8,400,15150,6243250
NIFTY20OCT2217600CE.NFO,19/10/2022,09:25:56,49.9,49.85,150,49.95,350,32650,6243250
NIFTY20OCT2217600CE.NFO,19/10/2022,09:25:57,50.1,50.1,600,50.2,1100,38500,6243250
NIFTY20OCT2217600CE.NFO,19/10/2022,09:25:58,49.95,49.9,1100,49.95,100,8200,6243250
NIFTY20OCT2217600CE.NFO,19/10/2022,09:25:58,49.9,49.9,1000,49.95,200,12950,6243250
NIFTY20OCT2217600CE.NFO,19/10/2022,09:25:59,50.45,50.45,150,50.5,750,17950,6243250
NIFTY20OCT2217600CE.NFO,19/10/2022,09:26:00,50.3,50.25,1400,50.35,250,10150,6243250
NIFTY20OCT2217600CE.NFO,19/10/2022,09:26:01,50.25,50.1,1250,50.25,1150,14350,6243250
NIFTY20OCT2217600CE.NFO,19/10/2022,09:26:02,50.45,50.35,800,50.45,100,9650,6243250
NIFTY20OCT2217600CE.NFO,19/10/2022,09:26:04,50.6,50.6,450,50.7,50,19900,6243250
NIFTY20OCT2217600CE.NFO,19/10/2022,09:26:04,50.65,50.55,50,50.65,650,6850,6243250
NIFTY20OCT2217600CE.NFO,19/10/2022,09:26:06,50.5,50.5,1500,50.6,450,13250,6243250
NIFTY20OCT2217600CE.NFO,19/10/2022,09:26:06,50.3,50.25,100,50.35,400,5300,6243250
NIFTY20OCT2217600CE.NFO,19/10/2022,09:26:07,50.7,50.55,200,50.7,2300,8650,6243250
NIFTY20OCT2217600CE.NFO,19/10/2022,09:26:08,50.4,50.4,400,50.5,100,11250,6243250
NIFTY20OCT2217600CE.NFO,19/10/2022,09:26:09,50.35,50.35,50,50.45,1400,30850,6243250
NIFTY20OCT2217600CE.NFO,19/10/2022,09:26:10,50.2,50.15,200,50.2,50,7650,6243250
NIFTY20OCT2217600CE.NFO,19/10/2022,09:26:12,50.4,50.25,100,50.35,800,18200,6243250
NIFTY20OCT2217600CE.NFO,19/10/2022,09:26:13,50.15,50.1,100,50.2,100,11900,6243250
NIFTY20OCT2217600CE.NFO,19/10/2022,09:26:14,49.9,49.8,1600,49.9,150,25400,6243250
NIFTY20OCT2217600CE.NFO,19/10/2022,09:26:15,49.85,49.8,450,49.85,1750,17250,6243250
NIFTY20OCT2217600CE.NFO,19/10/2022,09:26:16,49.6,49.65,1350,49.7,50,17750,6243250
NIFTY20OCT2217600CE.NFO,19/10/2022,09:26:16,49.75,49.7,500,49.8,200,1850,6243250
NIFTY20OCT2217600CE.NFO,19/10/2022,09:26:18,49.4,49.45,600,49.55,850,12200,6243250
NIFTY20OCT2217600CE.NFO,19/10/2022,09:26:19,49.4,49.4,800,49.5,250,5900,6243250
NIFTY20OCT2217600CE.NFO,19/10/2022,09:26:20,49.65,49.55,2550,49.6,50,11350,6243250
NIFTY20OCT2217600CE.NFO,19/10/2022,09:26:21,49.7,49.65,150,49.75,700,19050,6243250
NIFTY20OCT2217600CE.NFO,19/10/2022,09:26:22,49.75,49.65,1150,49.75,1450,17200,6243250
NIFTY20OCT2217600CE.NFO,19/10/2022,09:26:23,49.6,49.6,350,49.7,1200,19600,6243250
NIFTY20OCT2217600CE.NFO,19/10/2022,09:26:23,49.75,49.75,1350,49.85,450,5000,6243250
NIFTY20OCT2217600CE.NFO,19/10/2022,09:26:24,49.85,49.8,850,49.85,50,10250,6243250
NIFTY20OCT2217600CE.NFO,19/10/2022,09:26:26,49.9,49.85,2500,49.9,50,16250,6243250
NIFTY20OCT2217600CE.NFO,19/10/2022,09:26:27,49.9,49.85,2300,50,1700,11800,6243250
NIFTY20OCT2217600CE.NFO,19/10/2022,09:26:27,49.65,49.55,1400,49.65,550,11000,6243250
NIFTY20OCT2217600CE.NFO,19/10/2022,09:26:28,49.5,49.5,50,49.6,2750,9450,6243250
NIFTY20OCT2217600CE.NFO,19/10/2022,09:26:30,49.15,49.15,2800,49.2,1700,22400,6243250
NIFTY20OCT2217600CE.NFO,19/10/2022,09:26:30,49.3,49.3,100,49.4,1100,5300,6243250
NIFTY20OCT2217600CE.NFO,19/10/2022,09:26:31,48.5,48.5,2950,48.6,450,49700,6243250
NIFTY20OCT2217600CE.NFO,19/10/2022,09:26:32,48.7,48.6,700,48.7,50,24550,6243250
NIFTY20OCT2217600CE.NFO,19/10/2022,09:26:34,48.6,48.5,1300,48.6,550,27400,6243250
NIFTY20OCT2217600CE.NFO,19/10/2022,09:26:35,48.35,48.35,1000,48.4,50,29250,6243250
NIFTY20OCT2217600CE.NFO,19/10/2022,09:26:36,48.4,48.25,2250,48.35,1800,38800,6243250
NIFTY20OCT2217600CE.NFO,19/10/2022,09:26:37,48.15,48.1,100,48.2,200,64550,6243250
NIFTY20OCT2217600CE.NFO,19/10/2022,09:26:38,47.8,47.7,250,47.8,2250,26300,6243250
NIFTY20OCT2217600CE.NFO,19/10/2022,09:26:39,47.4,47.4,250,47.5,150,26550,6243250
NIFTY20OCT2217600CE.NFO,19/10/2022,09:26:40,47.5,47.4,800,47.55,2250,19050,6396900
NIFTY20OCT2217600CE.NFO,19/10/2022,09:26:41,47.5,47.45,1600,47.55,300,20500,6396900
NIFTY20OCT2217600CE.NFO,19/10/2022,09:26:42,48,47.95,3200,48.1,900,23700,6396900
NIFTY20OCT2217600CE.NFO,19/10/2022,09:26:43,48,47.95,1050,48.05,500,21100,6396900
NIFTY20OCT2217600CE.NFO,19/10/2022,09:26:44,48.15,48.1,2250,48.2,200,14000,6396900
NIFTY20OCT2217600CE.NFO,19/10/2022,09:26:45,48.5,48.35,900,48.5,3250,14500,6396900
NIFTY20OCT2217600CE.NFO,19/10/2022,09:26:45,48.55,48.5,2700,48.6,800,6800,6396900
NIFTY20OCT2217600CE.NFO,19/10/2022,09:26:46,48.95,48.85,50,48.95,650,16500,6396900
NIFTY20OCT2217600CE.NFO,19/10/2022,09:26:48,48.15,48.1,450,48.15,450,8800,6396900
NIFTY20OCT2217600CE.NFO,19/10/2022,09:26:49,47.95,47.85,3100,47.95,200,20650,6396900
NIFTY20OCT2217600CE.NFO,19/10/2022,09:26:50,47.9,47.85,250,47.95,300,9000,6396900
NIFTY20OCT2217600CE.NFO,19/10/2022,09:26:51,47.95,47.9,1100,48,900,11850,6396900
NIFTY20OCT2217600CE.NFO,19/10/2022,09:26:52,48.1,48,800,48.1,350,16200,6396900
NIFTY20OCT2217600CE.NFO,19/10/2022,09:26:53,48.1,48.1,4900,48.2,1750,8850,6396900
NIFTY20OCT2217600CE.NFO,19/10/2022,09:26:54,48.6,48.45,2500,48.6,1200,28700,6396900
NIFTY20OCT2217600CE.NFO,19/10/2022,09:26:55,48.7,48.6,150,48.7,350,10350,6396900
NIFTY20OCT2217600CE.NFO,19/10/2022,09:26:56,48.8,48.7,5400,48.8,950,24900,6396900
NIFTY20OCT2217600CE.NFO,19/10/2022,09:26:56,48.7,48.65,400,48.7,1950,7900,6396900
NIFTY20OCT2217600CE.NFO,19/10/2022,09:26:57,48.75,48.65,50,48.7,100,10100,6396900
NIFTY20OCT2217600CE.NFO,19/10/2022,09:26:58,48.6,48.5,500,48.6,1600,7900,6396900
NIFTY20OCT2217600CE.NFO,19/10/2022,09:27:00,48.5,48.35,300,48.45,50,13750,6396900
NIFTY20OCT2217600CE.NFO,19/10/2022,09:27:01,48.15,48.05,200,48.15,650,15650,6396900
NIFTY20OCT2217600CE.NFO,19/10/2022,09:27:02,48.3,48.2,100,48.3,2150,4900,6396900
NIFTY20OCT2217600CE.NFO,19/10/2022,09:27:03,48.2,48.05,50,48.15,1250,13900,6396900
NIFTY20OCT2217600CE.NFO,19/10/2022,09:27:04,48.3,48.2,2800,48.35,2700,8200,6396900
NIFTY20OCT2217600CE.NFO,19/10/2022,09:27:05,48.45,48.45,100,48.55,1200,17850,6396900
NIFTY20OCT2217600CE.NFO,19/10/2022,09:27:05,48.3,48.35,750,48.45,1550,1650,6396900
NIFTY20OCT2217600CE.NFO,19/10/2022,09:27:06,48.65,48.65,1900,48.8,2900,7550,6396900
NIFTY20OCT2217600CE.NFO,19/10/2022,09:27:07,48.7,48.7,250,48.8,1450,18650,6396900
NIFTY20OCT2217600CE.NFO,19/10/2022,09:27:09,48.65,48.7,1800,48.75,450,9600,6396900
NIFTY20OCT2217600CE.NFO,19/10/2022,09:27:10,48.85,48.75,250,48.85,100,8950,6396900
NIFTY20OCT2217600CE.NFO,19/10/2022,09:27:11,49.05,49,700,49.1,100,11300,6396900
NIFTY20OCT2217600CE.NFO,19/10/2022,09:27:11,49.05,48.95,200,49.05,3450,6650,6396900
NIFTY20OCT2217600CE.NFO,19/10/2022,09:27:12,48.6,48.55,50,48.6,50,10750,6396900
NIFTY20OCT2217600CE.NFO,19/10/2022,09:27:13,48.6,48.6,200,48.7,100,8650,6396900
NIFTY20OCT2217600CE.NFO,19/10/2022,09:27:15,48.9,48.75,150,48.85,1900,8250,6396900
NIFTY20OCT2217600CE.NFO,19/10/2022,09:27:16,49.05,48.9,3450,49.05,1650,6900,6396900
NIFTY20OCT2217600CE.NFO,19/10/2022,09:27:17,48.65,48.65,250,48.75,400,14800,6396900
NIFTY20OCT2217600CE.NFO,19/10/2022,09:27:18,48.6,48.5,2200,48.6,200,6300,6396900
NIFTY20OCT2217600CE.NFO,19/10/2022,09:27:19,48.5,48.55,3000,48.7,2050,6050,6396900
NIFTY20OCT2217600CE.NFO,19/10/2022,09:27:20,48.5,48.4,450,48.5,200,15300,6396900
NIFTY20OCT2217600CE.NFO,19/10/2022,09:27:21,48.35,48.25,350,48.35,800,13150,6396900
NIFTY20OCT2217600CE.NFO,19/10/2022,09:27:22,48.3,48.3,250,48.4,1950,8600,6396900
NIFTY20OCT2217600CE.NFO,19/10/2022,09:27:22,48.2,48.25,1500,48.35,200,2800,6396900
NIFTY20OCT2217600CE.NFO,19/10/2022,09:27:24,48.6,48.5,1600,48.6,600,9200,6396900
NIFTY20OCT2217600CE.NFO,19/10/2022,09:27:25,48.35,48.35,500,48.45,1450,5400,6396900
NIFTY20OCT2217600CE.NFO,19/10/2022,09:27:26,48.15,48.05,1100,48.15,750,13800,6396900
NIFTY20OCT2217600CE.NFO,19/10/2022,09:27:27,47.95,47.9,1950,48,850,34900,6396900
NIFTY20OCT2217600CE.NFO,19/10/2022,09:27:28,47.75,47.75,2850,47.85,350,12500,6396900
NIFTY20OCT2217600CE.NFO,19/10/2022,09:27:29,47.85,47.85,1500,47.95,200,12250,6396900
NIFTY20OCT2217600CE.NFO,19/10/2022,09:27:29,47.7,47.7,250,47.8,550,4150,6396900
NIFTY20OCT2217600CE.NFO,19/10/2022,09:27:31,47.65,47.7,100,47.8,500,9500,6396900
NIFTY20OCT2217600CE.NFO,19/10/2022,09:27:32,47.75,47.65,1350,47.75,550,10750,6396900
NIFTY20OCT2217600CE.NFO,19/10/2022,09:27:33,47.75,47.7,1700,47.85,850,8750,6396900
NIFTY20OCT2217600CE.NFO,19/10/2022,09:27:34,47.6,47.55,1400,47.65,100,12300,6396900
NIFTY20OCT2217600CE.NFO,19/10/2022,09:27:35,47.6,47.65,850,47.75,150,18950,6396900
NIFTY20OCT2217600CE.NFO,19/10/2022,09:27:36,47.9,47.85,700,47.95,2000,10700,6396900
NIFTY20OCT2217600CE.NFO,19/10/2022,09:27:36,47.9,47.9,100,48,1400,8450,6396900
NIFTY20OCT2217600CE.NFO,19/10/2022,09:27:37,48.5,48.5,150,48.6,450,12200,6396900
NIFTY20OCT2217600CE.NFO,19/10/2022,09:27:38,48.85,48.75,150,48.85,1800,20500,6396900
NIFTY20OCT2217600CE.NFO,19/10/2022,09:27:40,49.45,49.35,200,49.45,1750,28900,6396900
NIFTY20OCT2217600CE.NFO,19/10/2022,09:27:41,49.8,49.65,4100,49.8,950,16350,6396900
NIFTY20OCT2217600CE.NFO,19/10/2022,09:27:42,50.45,50.35,1050,50.45,100,41350,6396900
NIFTY20OCT2217600CE.NFO,19/10/2022,09:27:43,50.75,50.65,600,50.75,200,25850,6396900
NIFTY20OCT2217600CE.NFO,19/10/2022,09:27:44,50.8,50.7,150,50.8,250,25050,6396900
NIFTY20OCT2217600CE.NFO,19/10/2022,09:27:45,50.5,50.4,200,50.5,1000,33800,6396900
NIFTY20OCT2217600CE.NFO,19/10/2022,09:27:45,49.95,49.85,1000,49.95,850,15750,6396900
NIFTY20OCT2217600CE.NFO,19/10/2022,09:27:47,49.8,49.75,1000,49.85,150,30600,6396900
NIFTY20OCT2217600CE.NFO,19/10/2022,09:27:48,50.5,50.45,1150,50.5,150,15300,6396900
NIFTY20OCT2217600CE.NFO,19/10/2022,09:27:48,50.35,50.4,150,50.5,950,5950,6396900
NIFTY20OCT2217600CE.NFO,19/10/2022,09:27:50,50.35,50.25,200,50.35,1250,20700,6396900
NIFTY20OCT2217600CE.NFO,19/10/2022,09:27:51,50.45,50.4,800,50.45,250,16650,6396900
NIFTY20OCT2217600CE.NFO,19/10/2022,09:27:52,50.45,50.35,950,50.45,150,13550,6396900
NIFTY20OCT2217600CE.NFO,19/10/2022,09:27:53,50.25,50.25,150,50.35,3250,14500,6396900
NIFTY20OCT2217600CE.NFO,19/10/2022,09:27:54,49.9,49.85,200,49.9,150,15100,6396900
NIFTY20OCT2217600CE.NFO,19/10/2022,09:27:55,49.35,49.3,1550,49.45,650,34650,6396900
NIFTY20OCT2217600CE.NFO,19/10/2022,09:27:56,49.35,49.25,250,49.35,1400,15750,6396900
NIFTY20OCT2217600CE.NFO,19/10/2022,09:27:56,49.5,49.5,750,49.6,1200,2750,6396900
NIFTY20OCT2217600CE.NFO,19/10/2022,09:27:57,49.75,49.65,600,49.75,400,17150,6396900
NIFTY20OCT2217600CE.NFO,19/10/2022,09:27:59,49.7,49.65,550,49.75,1100,9400,6396900
NIFTY20OCT2217600CE.NFO,19/10/2022,09:28:00,49.2,49.15,650,49.25,1000,15300,6396900
NIFTY20OCT2217600CE.NFO,19/10/2022,09:28:01,49.25,49.1,150,49.2,1600,5350,6396900
NIFTY20OCT2217600CE.NFO,19/10/2022,09:28:01,49.15,49.05,750,49.15,650,4750,6396900
NIFTY20OCT2217600CE.NFO,19/10/2022,09:28:03,49.95,49.9,200,50,1100,12650,6396900
NIFTY20OCT2217600CE.NFO,19/10/2022,09:28:04,49.95,49.95,50,50,100,9150,6396900
NIFTY20OCT2217600CE.NFO,19/10/2022,09:28:05,50,50,100,50.05,200,6100,6396900
NIFTY20OCT2217600CE.NFO,19/10/2022,09:28:06,49.9,49.85,650,49.9,50,13800,6396900
NIFTY20OCT2217600CE.NFO,19/10/2022,09:28:07,49.6,49.65,100,49.75,1050,3600,6396900
NIFTY20OCT2217600CE.NFO,19/10/2022,09:28:07,49.7,49.55,1400,49.7,2300,1150,6396900
NIFTY20OCT2217600CE.NFO,19/10/2022,09:28:08,49.85,49.75,200,49.85,1850,6250,6396900
NIFTY20OCT2217600CE.NFO,19/10/2022,09:28:09,49.55,49.45,1200,49.55,150,6150,6396900
NIFTY20OCT2217600CE.NFO,19/10/2022,09:28:11,49.65,49.5,100,49.55,200,5450,6396900
NIFTY20OCT2217600CE.NFO,19/10/2022,09:28:12,49.7,49.6,5200,49.7,550,12150,6396900
NIFTY20OCT2217600CE.NFO,19/10/2022,09:28:13,49.9,49.8,850,49.9,650,6900,6396900
NIFTY20OCT2217600CE.NFO,19/10/2022,09:28:13,49.95,49.75,4300,49.9,2600,800,6396900
NIFTY20OCT2217600CE.NFO,19/10/2022,09:28:14,49.25,49.3,100,49.35,500,9500,6396900
NIFTY20OCT2217600CE.NFO,19/10/2022,09:28:15,49.4,49.3,350,49.4,150,7150,6396900
NIFTY20OCT2217600CE.NFO,19/10/2022,09:28:16,49.45,49.4,600,49.45,50,2700,6396900
NIFTY20OCT2217600CE.NFO,19/10/2022,09:28:17,49.9,49.85,50,49.9,650,8700,6396900
NIFTY20OCT2217600CE.NFO,19/10/2022,09:28:18,49.8,49.8,100,49.9,1200,15100,6396900
NIFTY20OCT2217600CE.NFO,19/10/2022,09:28:19,49.95,49.85,150,49.95,1850,15450,6396900
NIFTY20OCT2217600CE.NFO,19/10/2022,09:28:20,49.6,49.45,300,49.6,4500,4500,6396900
NIFTY20OCT2217600CE.NFO,19/10/2022,09:28:22,49.7,49.65,50,49.7,400,5550,6396900
NIFTY20OCT2217600CE.NFO,19/10/2022,09:28:23,49.8,49.7,400,49.8,1150,4300,6396900
NIFTY20OCT2217600CE.NFO,19/10/2022,09:28:24,49.7,49.6,1000,49.7,250,4200,6396900
NIFTY20OCT2217600CE.NFO,19/10/2022,09:28:25,49.2,49.2,50,49.3,800,13200,6396900
NIFTY20OCT2217600CE.NFO,19/10/2022,09:28:26,49.3,49.3,1400,49.45,2100,14200,6396900
NIFTY20OCT2217600CE.NFO,19/10/2022,09:28:27,49.25,49.2,100,49.25,50,1550,6396900
NIFTY20OCT2217600CE.NFO,19/10/2022,09:28:28,49.3,49.25,350,49.35,1350,3000,6396900
NIFTY20OCT2217600CE.NFO,19/10/2022,09:28:29,49.7,49.65,1600,49.75,1550,6350,6396900
NIFTY20OCT2217600CE.NFO,19/10/2022,09:28:30,49.65,49.65,50,49.75,1850,7050,6396900
NIFTY20OCT2217600CE.NFO,19/10/2022,09:28:31,49.4,49.4,1900,49.55,3400,3000,6396900
NIFTY20OCT2217600CE.NFO,19/10/2022,09:28:32,49.15,49.05,1550,49.2,2650,8000,6396900
NIFTY20OCT2217600CE.NFO,19/10/2022,09:28:33,49,48.95,700,49.05,350,23550,6396900
NIFTY20OCT2217600CE.NFO,19/10/2022,09:28:34,49.05,49.05,2100,49.15,50,8550,6396900
NIFTY20OCT2217600CE.NFO,19/10/2022,09:28:35,49.35,49.25,350,49.35,700,4250,6396900
NIFTY20OCT2217600CE.NFO,19/10/2022,09:28:36,49.3,49.3,1100,49.4,1950,2400,6396900
NIFTY20OCT2217600CE.NFO,19/10/2022,09:28:37,49.4,49.45,1550,49.55,200,8600,6396900
NIFTY20OCT2217600CE.NFO,19/10/2022,09:28:38,49.5,49.45,1700,49.6,1350,3100,6396900
NIFTY20OCT2217600CE.NFO,19/10/2022,09:28:39,49.5,49.4,100,49.5,200,2200,6396900
NIFTY20OCT2217600CE.NFO,19/10/2022,09:28:40,49.75,49.7,2350,49.85,2350,8550,6396900
NIFTY20OCT2217600CE.NFO,19/10/2022,09:28:41,49.85,49.7,50,49.8,850,16650,6396900
NIFTY20OCT2217600CE.NFO,19/10/2022,09:28:42,49.95,49.8,1700,49.95,1650,7000,6396900
NIFTY20OCT2217600CE.NFO,19/10/2022,09:28:43,50,50,1950,50.05,950,19850,6396900
NIFTY20OCT2217600CE.NFO,19/10/2022,09:28:44,49.95,49.85,3500,50,2800,7000,6396900
NIFTY20OCT2217600CE.NFO,19/10/2022,09:28:45,49.95,49.9,2600,50,1100,4550,6396900
NIFTY20OCT2217600CE.NFO,19/10/2022,09:28:46,49.9,49.9,1200,50,50,1850,6396900
NIFTY20OCT2217600CE.NFO,19/10/2022,09:28:47,50,49.95,350,50,1300,10900,6396900
NIFTY20OCT2217600CE.NFO,19/10/2022,09:28:48,50.85,50.7,2400,50.8,100,17550,6396900
NIFTY20OCT2217600CE.NFO,19/10/2022,09:28:49,50.65,50.55,100,50.6,400,6850,6396900
NIFTY20OCT2217600CE.NFO,19/10/2022,09:28:50,50.5,50.4,950,50.5,1350,19250,6396900
NIFTY20OCT2217600CE.NFO,19/10/2022,09:28:51,50.4,50.3,1450,50.45,2950,13800,6396900
NIFTY20OCT2217600CE.NFO,19/10/2022,09:28:52,50.35,50.35,250,50.45,250,14050,6396900
NIFTY20OCT2217600CE.NFO,19/10/2022,09:28:53,50.45,50.4,500,50.45,950,11100,6396900
NIFTY20OCT2217600CE.NFO,19/10/2022,09:28:54,50.65,50.55,2150,50.7,2150,7400,6396900
NIFTY20OCT2217600CE.NFO,19/10/2022,09:28:55,50.55,50.55,650,50.65,100,9850,6396900
NIFTY20OCT2217600CE.NFO,19/10/2022,09:28:56,50.85,50.7,950,50.8,50,6050,6396900
NIFTY20OCT2217600CE.NFO,19/10/2022,09:28:57,50.9,50.8,100,50.9,3550,13450,6396900
NIFTY20OCT2217600CE.NFO,19/10/2022,09:28:58,50.9,50.75,500,50.9,3050,10950,6396900
NIFTY20OCT2217600CE.NFO,19/10/2022,09:28:59,51,50.9,50,51,36400,8550,6396900
NIFTY20OCT2217600CE.NFO,19/10/2022,09:29:00,50.55,50.45,1450,50.55,1150,62900,6396900
NIFTY20OCT2217600CE.NFO,19/10/2022,09:29:01,50.55,50.4,1000,50.5,350,10150,6396900
NIFTY20OCT2217600CE.NFO,19/10/2022,09:29:02,50.5,50.55,150,50.65,1600,9900,6396900
NIFTY20OCT2217600CE.NFO,19/10/2022,09:29:03,50.45,50.35,1200,50.5,8450,10950,6396900
NIFTY20OCT2217600CE.NFO,19/10/2022,09:29:04,49.9,49.85,1300,49.9,150,26950,6396900
NIFTY20OCT2217600CE.NFO,19/10/2022,09:29:05,49.85,49.85,1200,49.95,200,3200,6396900
NIFTY20OCT2217600CE.NFO,19/10/2022,09:29:06,49.9,49.8,1300,49.9,200,11700,6396900
NIFTY20OCT2217600CE.NFO,19/10/2022,09:29:07,49.5,49.5,400,49.55,250,7100,6396900
NIFTY20OCT2217600CE.NFO,19/10/2022,09:29:08,49.6,49.5,150,49.6,400,4800,6396900
NIFTY20OCT2217600CE.NFO,19/10/2022,09:29:09,49.9,49.8,2750,49.9,2400,14300,6396900
NIFTY20OCT2217600CE.NFO,19/10/2022,09:29:10,50.05,49.95,50,50,100,8650,6396900
NIFTY20OCT2217600CE.NFO,19/10/2022,09:29:11,50.1,50.05,1600,50.15,500,10300,6396900
NIFTY20OCT2217600CE.NFO,19/10/2022,09:29:12,50.15,50.15,150,50.25,1350,7850,6396900
NIFTY20OCT2217600CE.NFO,19/10/2022,09:29:13,49.65,49.65,550,49.75,1450,6100,6396900
NIFTY20OCT2217600CE.NFO,19/10/2022,09:29:14,49.75,49.75,1050,49.85,2450,9350,6396900
NIFTY20OCT2217600CE.NFO,19/10/2022,09:29:15,50.3,50.3,700,50.4,1500,17400,6396900
NIFTY20OCT2217600CE.NFO,19/10/2022,09:29:16,50.1,50.15,1650,50.25,350,6500,6396900
NIFTY20OCT2217600CE.NFO,19/10/2022,09:29:17,50,49.95,400,50.1,1900,5050,6396900
NIFTY20OCT2217600CE.NFO,19/10/2022,09:29:18,50.1,50.05,900,50.15,1600,2800,6396900
NIFTY20OCT2217600CE.NFO,19/10/2022,09:29:19,49.65,49.55,1650,49.65,100,13900,6396900
NIFTY20OCT2217600CE.NFO,19/10/2022,09:29:20,49.8,49.65,1800,49.8,1600,7700,6396900
NIFTY20OCT2217600CE.NFO,19/10/2022,09:29:21,50.05,50.05,300,50.1,50,8400,6396900
NIFTY20OCT2217600CE.NFO,19/10/2022,09:29:22,50.2,50.1,250,50.2,100,1600,6396900
NIFTY20OCT2217600CE.NFO,19/10/2022,09:29:23,49.85,49.7,300,49.8,450,9350,6396900
NIFTY20OCT2217600CE.NFO,19/10/2022,09:29:24,50,49.85,1400,49.95,300,7200,6396900
NIFTY20OCT2217600CE.NFO,19/10/2022,09:29:25,50,49.9,950,50,750,2750,6396900
NIFTY20OCT2217600CE.NFO,19/10/2022,09:29:26,50.2,50.1,2200,50.2,600,11150,6396900
NIFTY20OCT2217600CE.NFO,19/10/2022,09:29:27,50.3,50.2,200,50.3,4650,4950,6396900
NIFTY20OCT2217600CE.NFO,19/10/2022,09:29:28,50.4,50.35,100,50.45,1500,6650,6396900
NIFTY20OCT2217600CE.NFO,19/10/2022,09:29:29,50.25,50.15,1300,50.25,1100,13600,6396900
NIFTY20OCT2217600CE.NFO,19/10/2022,09:29:30,50.3,50.2,1550,50.35,1200,10350,6396900
NIFTY20OCT2217600CE.NFO,19/10/2022,09:29:31,50.05,50.05,2400,50.1,300,9500,6396900
NIFTY20OCT2217600CE.NFO,19/10/2022,09:29:32,50.05,50.05,1050,50.15,100,4650,6396900
NIFTY20OCT2217600CE.NFO,19/10/2022,09:29:33,50,49.95,2550,50,1750,13200,6396900
NIFTY20OCT2217600CE.NFO,19/10/2022,09:29:34,50.35,50.2,350,50.35,2750,12850,6396900
NIFTY20OCT2217600CE.NFO,19/10/2022,09:29:35,50.6,50.5,50,50.6,350,3700,6396900
NIFTY20OCT2217600CE.NFO,19/10/2022,09:29:36,50.6,50.45,1550,50.6,1300,7250,6396900
NIFTY20OCT2217600CE.NFO,19/10/2022,09:29:37,50.35,50.25,100,50.35,1600,8300,6396900
NIFTY20OCT2217600CE.NFO,19/10/2022,09:29:38,50.6,50.5,2100,50.6,250,8950,6396900
NIFTY20OCT2217600CE.NFO,19/10/2022,09:29:39,50.65,50.5,3200,50.65,400,5550,6476000
NIFTY20OCT2217600CE.NFO,19/10/2022,09:29:40,51.2,51.05,2950,51.2,1000,64800,6476000
NIFTY20OCT2217600CE.NFO,19/10/2022,09:29:41,51.45,51.4,100,51.45,350,6500,6476000
NIFTY20OCT2217600CE.NFO,19/10/2022,09:29:42,51.3,51.3,1750,51.35,50,15550,6476000
NIFTY20OCT2217600CE.NFO,19/10/2022,09:29:43,51.35,51.3,200,51.45,5050,19450,6476000
NIFTY20OCT2217600CE.NFO,19/10/2022,09:29:44,51.35,51.25,600,51.35,1850,18400,6476000
NIFTY20OCT2217600CE.NFO,19/10/2022,09:29:45,51.1,50.95,450,51.05,150,17250,6476000
NIFTY20OCT2217600CE.NFO,19/10/2022,09:29:46,50.7,50.75,300,50.85,100,7750,6476000
NIFTY20OCT2217600CE.NFO,19/10/2022,09:29:47,50.9,50.75,1650,50.9,3900,9700,6476000
NIFTY20OCT2217600CE.NFO,19/10/2022,09:29:48,50.75,50.7,50,50.8,850,8400,6476000
NIFTY20OCT2217600CE.NFO,19/10/2022,09:29:49,50.7,50.7,3600,50.85,50,9800,6476000
NIFTY20OCT2217600CE.NFO,19/10/2022,09:29:50,50.65,50.55,1950,50.65,100,10150,6476000
NIFTY20OCT2217600CE.NFO,19/10/2022,09:29:51,50.35,50.25,450,50.35,500,18100,6476000
NIFTY20OCT2217600CE.NFO,19/10/2022,09:29:52,50.45,50.35,1650,50.5,3450,9950,6476000
NIFTY20OCT2217600CE.NFO,19/10/2022,09:29:53,50.4,50.25,2750,50.4,800,5550,6476000
NIFTY20OCT2217600CE.NFO,19/10/2022,09:29:54,50.85,50.75,3100,50.85,50,22550,6476000
NIFTY20OCT2217600CE.NFO,19/10/2022,09:29:55,50.65,50.6,900,50.7,950,6950,6476000
NIFTY20OCT2217600CE.NFO,19/10/2022,09:29:56,50.8,50.8,150,50.9,100,7100,6476000
NIFTY20OCT2217600CE.NFO,19/10/2022,09:29:57,50.8,50.65,100,50.75,250,6150,6476000
NIFTY20OCT2217600CE.NFO,19/10/2022,09:29:58,50.5,50.45,1650,50.6,1450,10800,6476000
NIFTY20OCT2217600CE.NFO,19/10/2022,09:29:59,50.5,50.45,3100,50.55,100,4050,6476000
NIFTY20OCT2217600CE.NFO,19/10/2022,09:30:00,50.65,50.55,250,50.6,550,10450,6476000
NIFTY20OCT2217600CE.NFO,19/10/2022,09:30:01,50.4,50.4,550,50.5,150,15750,6476000
NIFTY20OCT2217600CE.NFO,19/10/2022,09:30:02,50.4,50.4,900,50.5,1400,15150,6476000
NIFTY20OCT2217600CE.NFO,19/10/2022,09:30:03,50.9,50.85,3950,50.95,100,22700,6476000
NIFTY20OCT2217600CE.NFO,19/10/2022,09:30:04,51,51,50,51.1,1250,20700,6476000
NIFTY20OCT2217600CE.NFO,19/10/2022,09:30:05,51.15,51.15,900,51.2,800,23500,6476000
NIFTY20OCT2217600CE.NFO,19/10/2022,09:30:06,51.4,51.35,2200,51.4,100,32600,6476000
NIFTY20OCT2217600CE.NFO,19/10/2022,09:30:07,51.35,51.3,1450,51.35,200,14400,6476000
NIFTY20OCT2217600CE.NFO,19/10/2022,09:30:08,51.15,51.1,800,51.15,250,7950,6476000
NIFTY20OCT2217600CE.NFO,19/10/2022,09:30:09,50.95,50.85,1600,50.95,3350,23100,6476000
NIFTY20OCT2217600CE.NFO,19/10/2022,09:30:10,50.7,50.7,850,50.75,1400,8500,6476000
NIFTY20OCT2217600CE.NFO,19/10/2022,09:30:11,50.85,50.75,650,50.85,300,16450,6476000
NIFTY20OCT2217600CE.NFO,19/10/2022,09:30:12,50.85,50.8,50,50.85,700,10300,6476000
NIFTY20OCT2217600CE.NFO,19/10/2022,09:30:13,50.3,50.25,1150,50.3,50,14600,6476000
NIFTY20OCT2217600CE.NFO,19/10/2022,09:30:14,50.6,50.45,1650,50.6,1000,4800,6476000
NIFTY20OCT2217600CE.NFO,19/10/2022,09:30:15,50.65,50.55,300,50.65,150,8000,6476000
NIFTY20OCT2217600CE.NFO,19/10/2022,09:30:16,50.4,50.3,300,50.4,300,6350,6476000
NIFTY20OCT2217600CE.NFO,19/10/2022,09:30:17,50.1,50.1,1500,50.2,250,65000,6476000
NIFTY20OCT2217600CE.NFO,19/10/2022,09:30:18,50.25,50.15,100,50.25,750,21900,6476000
NIFTY20OCT2217600CE.NFO,19/10/2022,09:30:19,50.25,50.25,450,50.35,950,4150,6476000
NIFTY20OCT2217600CE.NFO,19/10/2022,09:30:20,50.55,50.5,450,50.6,250,12700,6476000
NIFTY20OCT2217600CE.NFO,19/10/2022,09:30:21,50.7,50.7,50,50.75,500,13100,6476000
NIFTY20OCT2217600CE.NFO,19/10/2022,09:30:22,50.75,50.7,250,50.8,2000,12500,6476000
NIFTY20OCT2217600CE.NFO,19/10/2022,09:30:23,50.8,50.8,1450,50.9,1400,9950,6476000
NIFTY20OCT2217600CE.NFO,19/10/2022,09:30:24,50.95,50.8,400,50.9,1350,5900,6476000
NIFTY20OCT2217600CE.NFO,19/10/2022,09:30:25,51,50.85,1500,51,2250,14300,6476000
NIFTY20OCT2217600CE.NFO,19/10/2022,09:30:26,50.95,50.8,900,50.95,2650,4700,6476000
NIFTY20OCT2217600CE.NFO,19/10/2022,09:30:27,50.55,50.45,50,50.55,2700,12750,6476000
NIFTY20OCT2217600CE.NFO,19/10/2022,09:30:28,50.55,50.55,400,50.65,50,5550,6476000
NIFTY20OCT2217600CE.NFO,19/10/2022,09:30:29,50.5,50.45,150,50.5,500,8050,6476000
NIFTY20OCT2217600CE.NFO,19/10/2022,09:30:30,50.9,50.9,250,51,1350,13500,6476000
NIFTY20OCT2217600CE.NFO,19/10/2022,09:30:31,50.9,50.85,1350,50.95,400,3150,6476000
NIFTY20OCT2217600CE.NFO,19/10/2022,09:30:32,50.8,50.8,700,50.9,500,5650,6476000
NIFTY20OCT2217600CE.NFO,19/10/2022,09:30:33,51.15,51,2100,51.1,50,11800,6476000
NIFTY20OCT2217600CE.NFO,19/10/2022,09:30:34,51.1,51.15,250,51.2,750,3500,6476000
NIFTY20OCT2217600CE.NFO,19/10/2022,09:30:35,51.4,51.4,150,51.5,3650,14200,6476000
NIFTY20OCT2217600CE.NFO,19/10/2022,09:30:36,51.65,51.55,150,51.65,1200,17800,6476000
NIFTY20OCT2217600CE.NFO,19/10/2022,09:30:37,51.75,51.6,650,51.75,1100,23300,6476000
NIFTY20OCT2217600CE.NFO,19/10/2022,09:30:38,51.7,51.65,550,51.7,1500,17400,6476000
NIFTY20OCT2217600CE.NFO,19/10/2022,09:30:39,51.85,51.85,2650,51.95,150,15300,6476000
NIFTY20OCT2217600CE.NFO,19/10/2022,09:30:40,52.3,52.3,100,52.4,600,70150,6476000
NIFTY20OCT2217600CE.NFO,19/10/2022,09:30:41,52.45,52.45,400,52.5,400,5950,6476000
NIFTY20OCT2217600CE.NFO,19/10/2022,09:30:42,52.75,52.7,1050,52.8,900,41400,6476000
NIFTY20OCT2217600CE.NFO,19/10/2022,09:30:43,52.95,52.9,550,52.95,600,44750,6476000
NIFTY20OCT2217600CE.NFO,19/10/2022,09:30:44,52.8,52.7,150,52.8,1750,64750,6476000
NIFTY20OCT2217600CE.NFO,19/10/2022,09:30:45,52.6,52.6,150,52.65,250,35650,6476000
NIFTY20OCT2217600CE.NFO,19/10/2022,09:30:46,52.7,52.6,900,52.7,50,14750,6476000
NIFTY20OCT2217600CE.NFO,19/10/2022,09:30:47,52.85,52.75,1800,52.85,700,20650,6476000
NIFTY20OCT2217600CE.NFO,19/10/2022,09:30:48,52.35,52.35,200,52.45,200,36500,6476000
NIFTY20OCT2217600CE.NFO,19/10/2022,09:30:49,52,52.05,600,52.15,1100,27500,6476000
NIFTY20OCT2217600CE.NFO,19/10/2022,09:30:50,51.75,51.7,50,51.75,150,29700,6476000
NIFTY20OCT2217600CE.NFO,19/10/2022,09:30:51,51.8,51.8,900,51.85,50,13950,6476000
NIFTY20OCT2217600CE.NFO,19/10/2022,09:30:52,52.15,52.15,200,52.2,200,20850,6476000
NIFTY20OCT2217600CE.NFO,19/10/2022,09:30:53,51.85,51.85,950,51.95,350,11500,6476000
NIFTY20OCT2217600CE.NFO,19/10/2022,09:30:55,52.1,52,700,52.1,600,28750,6476000
NIFTY20OCT2217600CE.NFO,19/10/2022,09:30:55,51.95,51.95,750,52.05,450,5900,6476000
NIFTY20OCT2217600CE.NFO,19/10/2022,09:30:56,52,51.95,150,52.05,2100,15800,6476000
NIFTY20OCT2217600CE.NFO,19/10/2022,09:30:57,51.8,51.65,1200,51.8,2750,19050,6476000
NIFTY20OCT2217600CE.NFO,19/10/2022,09:30:58,51.75,51.65,1800,51.8,1150,9650,6476000
NIFTY20OCT2217600CE.NFO,19/10/2022,09:30:59,51.7,51.6,50,51.7,900,7900,6476000
NIFTY20OCT2217600CE.NFO,19/10/2022,09:31:00,52,51.9,2300,52,8050,17300,6476000
NIFTY20OCT2217600CE.NFO,19/10/2022,09:31:01,51.9,51.9,50,51.95,700,15400,6476000
NIFTY20OCT2217600CE.NFO,19/10/2022,09:31:02,51.75,51.7,300,51.75,100,19700,6476000
NIFTY20OCT2217600CE.NFO,19/10/2022,09:31:03,51.55,51.5,100,51.6,500,10400,6476000
NIFTY20OCT2217600CE.NFO,19/10/2022,09:31:04,51.3,51.1,50,51.15,50,16450,6476000
NIFTY20OCT2217600CE.NFO,19/10/2022,09:31:05,50.9,50.8,250,50.9,550,24500,6476000
NIFTY20OCT2217600CE.NFO,19/10/2022,09:31:06,50.8,50.75,1600,50.85,1300,5200,6476000
NIFTY20OCT2217600CE.NFO,19/10/2022,09:31:07,51,51.05,250,51.15,1400,14300,6476000
NIFTY20OCT2217600CE.NFO,19/10/2022,09:31:08,51,50.85,850,50.95,100,5550,6476000
NIFTY20OCT2217600CE.NFO,19/10/2022,09:31:09,51.15,51,1450,51.1,200,4200,6476000
NIFTY20OCT2217600CE.NFO,19/10/2022,09:31:10,50.55,50.5,950,50.55,250,20500,6476000
NIFTY20OCT2217600CE.NFO,19/10/2022,09:31:11,50.35,50.3,1850,50.4,1450,14400,6476000
NIFTY20OCT2217600CE.NFO,19/10/2022,09:31:12,50.05,50,41300,50.1,200,13900,6476000
NIFTY20OCT2217600CE.NFO,19/10/2022,09:31:13,50,49.9,1050,50,100,50550,6476000
NIFTY20OCT2217600CE.NFO,19/10/2022,09:31:14,50.05,49.95,1100,50.1,1250,20400,6476000
NIFTY20OCT2217600CE.NFO,19/10/2022,09:31:15,49.85,49.85,1250,49.9,2650,17700,6476000
NIFTY20OCT2217600CE.NFO,19/10/2022,09:31:16,49.6,49.45,1450,49.6,2300,17850,6476000
NIFTY20OCT2217600CE.NFO,19/10/2022,09:31:17,49.25,49.25,2900,49.4,1050,10350,6476000
NIFTY20OCT2217600CE.NFO,19/10/2022,09:31:18,49.4,49.4,1250,49.5,50,25200,6476000
NIFTY20OCT2217600CE.NFO,19/10/2022,09:31:19,49.2,49.15,50,49.2,150,5850,6476000
NIFTY20OCT2217600CE.NFO,19/10/2022,09:31:20,49.8,49.75,2900,49.9,2150,64900,6476000
NIFTY20OCT2217600CE.NFO,19/10/2022,09:31:21,49.75,49.7,250,49.8,1350,10150,6476000
NIFTY20OCT2217600CE.NFO,19/10/2022,09:31:22,49.6,49.5,400,49.6,3600,13400,6476000
NIFTY20OCT2217600CE.NFO,19/10/2022,09:31:23,49.7,49.6,850,49.7,2000,16200,6476000
NIFTY20OCT2217600CE.NFO,19/10/2022,09:31:24,49.8,49.75,1100,49.8,400,11300,6476000
NIFTY20OCT2217600CE.NFO,19/10/2022,09:31:25,50.55,50.55,50,50.6,250,29800,6476000
NIFTY20OCT2217600CE.NFO,19/10/2022,09:31:26,50,49.95,1150,50,200,7300,6476000
NIFTY20OCT2217600CE.NFO,19/10/2022,09:31:27,50.15,50,650,50.1,50,3500,6476000
NIFTY20OCT2217600CE.NFO,19/10/2022,09:31:28,49.85,49.85,1300,49.9,800,5900,6476000
NIFTY20OCT2217600CE.NFO,19/10/2022,09:31:29,49.65,49.65,2000,49.7,2500,6800,6476000
NIFTY20OCT2217600CE.NFO,19/10/2022,09:31:30,49.95,49.8,300,49.9,1850,14700,6476000
NIFTY20OCT2217600CE.NFO,19/10/2022,09:31:31,50,49.85,1650,49.95,200,9500,6476000
NIFTY20OCT2217600CE.NFO,19/10/2022,09:31:32,49.75,49.75,350,49.85,1450,9650,6476000
NIFTY20OCT2217600CE.NFO,19/10/2022,09:31:33,49.8,49.75,2100,49.85,550,9300,6476000
NIFTY20OCT2217600CE.NFO,19/10/2022,09:31:34,49.95,49.95,2050,50.05,100,7250,6476000
NIFTY20OCT2217600CE.NFO,19/10/2022,09:31:35,50.15,50.1,1050,50.2,50,8150,6476000
NIFTY20OCT2217600CE.NFO,19/10/2022,09:31:36,50.15,50.15,400,50.25,1000,11700,6476000
NIFTY20OCT2217600CE.NFO,19/10/2022,09:31:37,50.4,50.4,400,50.5,1450,15900,6476000
NIFTY20OCT2217600CE.NFO,19/10/2022,09:31:38,50,50,1450,50.1,250,5800,6476000
NIFTY20OCT2217600CE.NFO,19/10/2022,09:31:39,50.3,50.2,200,50.3,150,13850,6476000
NIFTY20OCT2217600CE.NFO,19/10/2022,09:31:40,50.1,50.1,2350,50.25,1800,1900,6476000
NIFTY20OCT2217600CE.NFO,19/10/2022,09:31:41,50.25,50.2,150,50.25,2500,4300,6476000
NIFTY20OCT2217600CE.NFO,19/10/2022,09:31:42,50.45,50.3,2050,50.4,150,6450,6476000
NIFTY20OCT2217600CE.NFO,19/10/2022,09:31:43,49.8,49.7,250,49.8,2000,37750,6476000
NIFTY20OCT2217600CE.NFO,19/10/2022,09:31:44,49.55,49.55,100,49.6,350,2400,6476000
NIFTY20OCT2217600CE.NFO,19/10/2022,09:31:45,49.65,49.55,2400,49.7,3250,7100,6476000
NIFTY20OCT2217600CE.NFO,19/10/2022,09:31:46,49.75,49.6,1600,49.7,150,5500,6476000
NIFTY20OCT2217600CE.NFO,19/10/2022,09:31:47,49.75,49.8,300,49.85,50,11550,6476000
NIFTY20OCT2217600CE.NFO,19/10/2022,09:31:48,50.1,50.1,700,50.2,50,8450,6476000
NIFTY20OCT2217600CE.NFO,19/10/2022,09:31:49,50.4,50.4,1750,50.5,1850,6500,6476000
NIFTY20OCT2217600CE.NFO,19/10/2022,09:31:50,50.7,50.55,2600,50.65,100,13450,6476000
NIFTY20OCT2217600CE.NFO,19/10/2022,09:31:51,50.7,50.6,1050,50.75,1100,800,6476000
NIFTY20OCT2217600CE.NFO,19/10/2022,09:31:52,50.65,50.55,200,50.65,800,8400,6476000
NIFTY20OCT2217600CE.NFO,19/10/2022,09:31:53,50.65,50.7,250,50.75,600,9300,6476000
NIFTY20OCT2217600CE.NFO,19/10/2022,09:31:54,50.55,50.55,1100,50.65,450,12050,6476000
NIFTY20OCT2217600CE.NFO,19/10/2022,09:31:55,50.4,50.4,1250,50.5,200,4550,6476000
NIFTY20OCT2217600CE.NFO,19/10/2022,09:31:56,49.95,49.9,1300,49.95,150,13150,6476000
NIFTY20OCT2217600CE.NFO,19/10/2022,09:31:57,49.95,49.85,1550,49.95,400,6800,6476000
NIFTY20OCT2217600CE.NFO,19/10/2022,09:31:58,49.8,49.65,250,49.75,1350,7650,6476000
NIFTY20OCT2217600CE.NFO,19/10/2022,09:31:59,49.7,49.5,8550,49.65,350,2000,6476000
NIFTY20OCT2217600CE.NFO,19/10/2022,09:32:00,49.5,49.55,1500,49.65,1500,6000,6476000
NIFTY20OCT2217600CE.NFO,19/10/2022,09:32:01,49.65,49.55,250,49.6,150,13600,6476000
NIFTY20OCT2217600CE.NFO,19/10/2022,09:32:02,49.8,49.7,5650,49.85,3800,8550,6476000
NIFTY20OCT2217600CE.NFO,19/10/2022,09:32:03,49.55,49.55,1800,49.65,100,16500,6476000
NIFTY20OCT2217600CE.NFO,19/10/2022,09:32:04,49.9,49.7,2150,49.85,950,9150,6476000
NIFTY20OCT2217600CE.NFO,19/10/2022,09:32:05,49.8,49.7,250,49.8,50,10550,6476000
NIFTY20OCT2217600CE.NFO,19/10/2022,09:32:06,49.85,49.8,1600,49.9,400,5800,6476000
NIFTY20OCT2217600CE.NFO,19/10/2022,09:32:07,49.7,49.6,250,49.7,4800,7600,6476000
NIFTY20OCT2217600CE.NFO,19/10/2022,09:32:08,49.65,49.5,2650,49.65,2150,5950,6476000
NIFTY20OCT2217600CE.NFO,19/10/2022,09:32:09,49.8,49.75,200,49.8,100,13350,6476000
NIFTY20OCT2217600CE.NFO,19/10/2022,09:32:10,49.3,49.3,4400,49.45,600,35550,6476000
NIFTY20OCT2217600CE.NFO,19/10/2022,09:32:11,49.4,49.4,1000,49.5,2450,1800,6476000
NIFTY20OCT2217600CE.NFO,19/10/2022,09:32:12,49.55,49.45,2900,49.55,50,6100,6476000
NIFTY20OCT2217600CE.NFO,19/10/2022,09:32:13,49.6,49.55,50,49.6,1300,9150,6476000
NIFTY20OCT2217600CE.NFO,19/10/2022,09:32:14,49.85,49.85,450,49.95,2150,4000,6476000
NIFTY20OCT2217600CE.NFO,19/10/2022,09:32:15,49.95,49.9,550,50,750,6950,6476000
NIFTY20OCT2217600CE.NFO,19/10/2022,09:32:16,50.05,50.05,200,50.1,100,5750,6476000
NIFTY20OCT2217600CE.NFO,19/10/2022,09:32:17,49.8,49.75,1350,49.85,1250,11050,6476000
NIFTY20OCT2217600CE.NFO,19/10/2022,09:32:18,49.95,49.9,100,49.95,1100,9850,6476000
NIFTY20OCT2217600CE.NFO,19/10/2022,09:32:19,50.2,50.05,3400,50.2,1550,6000,6476000
NIFTY20OCT2217600CE.NFO,19/10/2022,09:32:20,50.15,50.15,200,50.25,1350,6250,6476000
NIFTY20OCT2217600CE.NFO,19/10/2022,09:32:21,50.2,50.2,50,50.25,100,4850,6476000
NIFTY20OCT2217600CE.NFO,19/10/2022,09:32:22,50.25,50.15,500,50.25,1900,5950,6476000
NIFTY20OCT2217600CE.NFO,19/10/2022,09:32:23,50.15,50,3150,50.1,3250,4300,6476000
NIFTY20OCT2217600CE.NFO,19/10/2022,09:32:24,50,50,2500,50.05,50,3550,6476000
NIFTY20OCT2217600CE.NFO,19/10/2022,09:32:25,49.95,49.95,350,50,450,7550,6476000
NIFTY20OCT2217600CE.NFO,19/10/2022,09:32:26,50.2,50.25,450,50.3,200,8050,6476000
NIFTY20OCT2217600CE.NFO,19/10/2022,09:32:27,50.3,50.2,550,50.3,50,2400,6476000
NIFTY20OCT2217600CE.NFO,19/10/2022,09:32:28,50.55,50.4,900,50.5,900,5350,6476000
NIFTY20OCT2217600CE.NFO,19/10/2022,09:32:29,50.85,50.75,550,50.85,2150,8450,6476000
NIFTY20OCT2217600CE.NFO,19/10/2022,09:32:30,50.75,50.75,1750,50.85,50,13250,6476000
NIFTY20OCT2217600CE.NFO,19/10/2022,09:32:31,51,50.85,700,51,9050,5250,6476000
NIFTY20OCT2217600CE.NFO,19/10/2022,09:32:32,51,50.95,50,51,150,24650,6476000
NIFTY20OCT2217600CE.NFO,19/10/2022,09:32:33,51.2,51.1,50,51.2,2950,5850,6476000
NIFTY20OCT2217600CE.NFO,19/10/2022,09:32:34,51.4,51.35,2600,51.45,100,10900,6476000
NIFTY20OCT2217600CE.NFO,19/10/2022,09:32:35,51.35,51.25,50,51.35,50,4800,6476000
NIFTY20OCT2217600CE.NFO,19/10/2022,09:32:36,51.05,51,600,51.05,300,6150,6476000
NIFTY20OCT2217600CE.NFO,19/10/2022,09:32:37,50.9,50.9,1050,51,250,7550,6476000
NIFTY20OCT2217600CE.NFO,19/10/2022,09:32:38,50.6,50.6,450,50.7,100,8700,6476000
NIFTY20OCT2217600CE.NFO,19/10/2022,09:32:39,50.65,50.55,2350,50.65,50,5350,6476000
NIFTY20OCT2217600CE.NFO,19/10/2022,09:32:40,50.8,50.75,1800,50.9,4100,8850,6736450
NIFTY20OCT2217600CE.NFO,19/10/2022,09:32:41,50.9,50.8,4150,50.9,50,4900,6736450
NIFTY20OCT2217600CE.NFO,19/10/2022,09:32:42,51.05,51.05,1000,51.15,1950,6150,6736450
NIFTY20OCT2217600CE.NFO,19/10/2022,09:32:43,51.15,51,2500,51.15,300,4500,6736450
NIFTY20OCT2217600CE.NFO,19/10/2022,09:32:44,51.7,51.65,1150,51.75,600,13300,6736450
NIFTY20OCT2217600CE.NFO,19/10/2022,09:32:45,51.35,51.35,1150,51.4,400,12450,6736450
NIFTY20OCT2217600CE.NFO,19/10/2022,09:32:46,51.45,51.3,2650,51.45,1450,9950,6736450
NIFTY20OCT2217600CE.NFO,19/10/2022,09:32:48,51.7,51.6,500,51.7,350,13350,6736450
NIFTY20OCT2217600CE.NFO,19/10/2022,09:32:49,51.4,51.35,2400,51.45,3150,9100,6736450
NIFTY20OCT2217600CE.NFO,19/10/2022,09:32:49,51.35,51.35,2400,51.45,400,7350,6736450
NIFTY20OCT2217600CE.NFO,19/10/2022,09:32:50,51.25,51.15,700,51.25,50,13650,6736450
NIFTY20OCT2217600CE.NFO,19/10/2022,09:32:51,51.65,51.65,300,51.75,600,11650,6736450
NIFTY20OCT2217600CE.NFO,19/10/2022,09:32:52,51.8,51.65,4050,51.8,1250,11700,6736450
NIFTY20OCT2217600CE.NFO,19/10/2022,09:32:53,51.7,51.6,100,51.65,150,9650,6736450
NIFTY20OCT2217600CE.NFO,19/10/2022,09:32:54,51.5,51.45,1050,51.5,2500,5200,6736450
NIFTY20OCT2217600CE.NFO,19/10/2022,09:32:55,51.6,51.5,150,51.6,1050,5500,6736450
NIFTY20OCT2217600CE.NFO,19/10/2022,09:32:56,51.35,51.4,100,51.5,200,9200,6736450
NIFTY20OCT2217600CE.NFO,19/10/2022,09:32:57,51.4,51.35,400,51.45,1300,3450,6736450
NIFTY20OCT2217600CE.NFO,19/10/2022,09:32:58,51.45,51.5,1600,51.6,50,5300,6736450
NIFTY20OCT2217600CE.NFO,19/10/2022,09:33:00,51.75,51.7,250,51.75,50,7750,6736450
NIFTY20OCT2217600CE.NFO,19/10/2022,09:33:00,51.9,51.95,150,52,50,45350,6736450
NIFTY20OCT2217600CE.NFO,19/10/2022,09:33:01,52.1,52,1950,52.1,200,14550,6736450
NIFTY20OCT2217600CE.NFO,19/10/2022,09:33:02,51.95,51.95,1150,52,50,24300,6736450
NIFTY20OCT2217600CE.NFO,19/10/2022,09:33:03,51.95,51.9,1700,51.95,1550,8150,6736450
NIFTY20OCT2217600CE.NFO,19/10/2022,09:33:04,51.85,51.75,900,51.85,100,30200,6736450
NIFTY20OCT2217600CE.NFO,19/10/2022,09:33:05,51.8,51.7,250,51.8,100,21700,6736450
NIFTY20OCT2217600CE.NFO,19/10/2022,09:33:06,51.5,51.5,1100,51.55,950,20300,6736450
NIFTY20OCT2217600CE.NFO,19/10/2022,09:33:08,51.6,51.45,700,51.6,2800,15950,6736450
NIFTY20OCT2217600CE.NFO,19/10/2022,09:33:08,51.5,51.35,200,51.5,2650,3650,6736450
NIFTY20OCT2217600CE.NFO,19/10/2022,09:33:09,51.65,51.55,4150,51.65,150,10250,6736450
NIFTY20OCT2217600CE.NFO,19/10/2022,09:33:10,51.6,51.5,700,51.6,350,22600,6736450
NIFTY20OCT2217600CE.NFO,19/10/2022,09:33:11,51.25,51.15,100,51.25,1000,10900,6736450
NIFTY20OCT2217600CE.NFO,19/10/2022,09:33:13,50.95,50.95,450,51,550,29100,6736450
NIFTY20OCT2217600CE.NFO,19/10/2022,09:33:14,50.9,50.9,250,51,900,7200,6736450
NIFTY20OCT2217600CE.NFO,19/10/2022,09:33:14,51,50.9,400,51,700,1750,6736450
NIFTY20OCT2217600CE.NFO,19/10/2022,09:33:15,51.2,51.15,1050,51.2,350,4850,6736450
NIFTY20OCT2217600CE.NFO,19/10/2022,09:33:16,51.35,51.25,100,51.3,150,11500,6736450
NIFTY20OCT2217600CE.NFO,19/10/2022,09:33:17,51.3,51.15,100,51.25,1050,3800,6736450
NIFTY20OCT2217600CE.NFO,19/10/2022,09:33:18,51.4,51.3,1000,51.4,300,4950,6736450
NIFTY20OCT2217600CE.NFO,19/10/2022,09:33:19,51.8,51.7,1650,51.8,150,17200,6736450
NIFTY20OCT2217600CE.NFO,19/10/2022,09:33:21,52,52,250,52.1,250,35900,6736450
NIFTY20OCT2217600CE.NFO,19/10/2022,09:33:21,52,51.95,3450,52,900,6900,6736450
NIFTY20OCT2217600CE.NFO,19/10/2022,09:33:22,51.85,51.85,3700,52,200,16400,6736450
NIFTY20OCT2217600CE.NFO,19/10/2022,09:33:23,51.85,51.85,100,51.95,350,19900,6736450
NIFTY20OCT2217600CE.NFO,19/10/2022,09:33:24,51.85,51.7,3550,51.85,900,9700,6736450
NIFTY20OCT2217600CE.NFO,19/10/2022,09:33:25,52.05,52.05,1450,52.15,150,24400,6736450
NIFTY20OCT2217600CE.NFO,19/10/2022,09:33:26,52.05,52.05,2050,52.2,2350,14550,6736450
NIFTY20OCT2217600CE.NFO,19/10/2022,09:33:27,52.15,52.15,3850,52.25,150,13550,6736450
NIFTY20OCT2217600CE.NFO,19/10/2022,09:33:28,52.4,52.4,500,52.5,350,48500,6736450
NIFTY20OCT2217600CE.NFO,19/10/2022,09:33:29,52,52,1400,52.05,250,20400,6736450
NIFTY20OCT2217600CE.NFO,19/10/2022,09:33:30,51.9,51.8,150,51.9,2500,9500,6736450
NIFTY20OCT2217600CE.NFO,19/10/2022,09:33:31,51.8,51.7,700,51.8,100,10500,6736450
NIFTY20OCT2217600CE.NFO,19/10/2022,09:33:33,52.15,52.05,5100,52.15,1350,16350,6736450
NIFTY20OCT2217600CE.NFO,19/10/2022,09:33:33,51.85,51.85,1250,51.95,150,3800,6736450
NIFTY20OCT2217600CE.NFO,19/10/2022,09:33:34,52,51.85,800,51.95,900,10050,6736450
NIFTY20OCT2217600CE.NFO,19/10/2022,09:33:35,52,51.9,850,52,300,16400,6736450
NIFTY20OCT2217600CE.NFO,19/10/2022,09:33:36,51.9,51.95,50,52,1800,10000,6736450
NIFTY20OCT2217600CE.NFO,19/10/2022,09:33:37,52.05,52.05,1900,52.15,100,10750,6736450
NIFTY20OCT2217600CE.NFO,19/10/2022,09:33:38,51.95,51.8,3150,51.95,1500,11450,6736450
NIFTY20OCT2217600CE.NFO,19/10/2022,09:33:40,52.05,51.9,400,52,1300,7650,6736450
NIFTY20OCT2217600CE.NFO,19/10/2022,09:33:40,51.75,51.75,1300,51.85,3250,4300,6736450
NIFTY20OCT2217600CE.NFO,19/10/2022,09:33:41,51.5,51.55,1900,51.65,950,14900,6736450
NIFTY20OCT2217600CE.NFO,19/10/2022,09:33:42,51.2,51.1,200,51.2,800,21400,6736450
NIFTY20OCT2217600CE.NFO,19/10/2022,09:33:43,51.1,51,7850,51.1,150,8900,6736450
NIFTY20OCT2217600CE.NFO,19/10/2022,09:33:44,51.05,51,300,51.05,150,12900,6736450
NIFTY20OCT2217600CE.NFO,19/10/2022,09:33:45,51.2,51.15,150,51.25,1700,13850,6736450
NIFTY20OCT2217600CE.NFO,19/10/2022,09:33:46,51.2,51.2,850,51.3,50,6750,6736450
NIFTY20OCT2217600CE.NFO,19/10/2022,09:33:47,51.3,51.25,2700,51.4,2750,6200,6736450
NIFTY20OCT2217600CE.NFO,19/10/2022,09:33:48,51.65,51.55,50,51.65,1850,6400,6736450
NIFTY20OCT2217600CE.NFO,19/10/2022,09:33:49,51.4,51.4,250,51.55,2350,10950,6736450
NIFTY20OCT2217600CE.NFO,19/10/2022,09:33:50,51.15,51.15,250,51.25,1200,4450,6736450
NIFTY20OCT2217600CE.NFO,19/10/2022,09:33:51,51.15,51.05,150,51.15,250,8350,6736450
NIFTY20OCT2217600CE.NFO,19/10/2022,09:33:52,50.75,50.7,1100,50.75,300,9800,6736450
NIFTY20OCT2217600CE.NFO,19/10/2022,09:33:54,50.35,50.25,300,50.35,850,22900,6736450
NIFTY20OCT2217600CE.NFO,19/10/2022,09:33:55,50.6,50.5,1950,50.6,1750,6650,6736450
NIFTY20OCT2217600CE.NFO,19/10/2022,09:33:56,50.45,50.35,650,50.45,1200,6000,6736450
NIFTY20OCT2217600CE.NFO,19/10/2022,09:33:56,50.4,50.4,50,50.5,2850,5150,6736450
NIFTY20OCT2217600CE.NFO,19/10/2022,09:33:57,50.6,50.5,2500,50.6,100,13600,6736450
NIFTY20OCT2217600CE.NFO,19/10/2022,09:33:58,50.4,50.3,50,50.4,300,7900,6736450
NIFTY20OCT2217600CE.NFO,19/10/2022,09:33:59,50.25,50.3,200,50.4,700,8050,6736450
NIFTY20OCT2217600CE.NFO,19/10/2022,09:34:00,50.35,50.25,1800,50.35,300,13400,6736450
NIFTY20OCT2217600CE.NFO,19/10/2022,09:34:01,50.35,50.25,150,50.35,300,10050,6736450
NIFTY20OCT2217600CE.NFO,19/10/2022,09:34:02,50.1,50.1,1200,50.15,150,12700,6736450
NIFTY20OCT2217600CE.NFO,19/10/2022,09:34:03,50.15,50.05,50,50.15,1250,15900,6736450
NIFTY20OCT2217600CE.NFO,19/10/2022,09:34:05,50.35,50.2,2300,50.35,1700,75000,6736450
NIFTY20OCT2217600CE.NFO,19/10/2022,09:34:05,50.4,50.3,500,50.4,1750,8700,6736450
NIFTY20OCT2217600CE.NFO,19/10/2022,09:34:06,50.65,50.55,2850,50.65,150,15250,6736450
NIFTY20OCT2217600CE.NFO,19/10/2022,09:34:07,50.5,50.5,1250,50.55,50,12400,6736450
NIFTY20OCT2217600CE.NFO,19/10/2022,09:34:08,50.45,50.35,900,50.45,300,6800,6736450
NIFTY20OCT2217600CE.NFO,19/10/2022,09:34:09,50.65,50.7,2900,50.8,1450,8750,6736450
NIFTY20OCT2217600CE.NFO,19/10/2022,09:34:10,51,50.95,1700,51.05,450,15700,6736450
NIFTY20OCT2217600CE.NFO,19/10/2022,09:34:11,50.95,50.9,100,51,1150,7350,6736450
NIFTY20OCT2217600CE.NFO,19/10/2022,09:34:12,51.1,51.05,50,51.15,450,10400,6736450
NIFTY20OCT2217600CE.NFO,19/10/2022,09:34:13,51.1,51,150,51.1,150,5150,6736450
NIFTY20OCT2217600CE.NFO,19/10/2022,09:34:14,50.5,50.45,1200,50.5,300,9000,6736450
NIFTY20OCT2217600CE.NFO,19/10/2022,09:34:15,50.7,50.65,1600,50.75,850,4400,6736450
NIFTY20OCT2217600CE.NFO,19/10/2022,09:34:16,50.95,50.9,300,51,1150,5950,6736450
NIFTY20OCT2217600CE.NFO,19/10/2022,09:34:17,50.85,50.8,350,50.9,800,2300,6736450
NIFTY20OCT2217600CE.NFO,19/10/2022,09:34:18,50.45,50.45,2550,50.55,600,3650,6736450
NIFTY20OCT2217600CE.NFO,19/10/2022,09:34:19,50.55,50.5,2050,50.65,3800,4250,6736450
NIFTY20OCT2217600CE.NFO,19/10/2022,09:34:20,50.65,50.6,1950,50.7,150,3450,6736450
NIFTY20OCT2217600CE.NFO,19/10/2022,09:34:21,50.7,50.65,1650,50.8,3050,4550,6736450
NIFTY20OCT2217600CE.NFO,19/10/2022,09:34:22,50.55,50.6,50,50.65,350,2400,6736450
NIFTY20OCT2217600CE.NFO,19/10/2022,09:34:23,50.55,50.6,250,50.65,100,9850,6736450
NIFTY20OCT2217600CE.NFO,19/10/2022,09:34:24,50.6,50.5,1350,50.55,100,2600,6736450
NIFTY20OCT2217600CE.NFO,19/10/2022,09:34:25,50.9,50.9,200,50.95,1500,24900,6736450
NIFTY20OCT2217600CE.NFO,19/10/2022,09:34:26,51,50.85,2100,51,8850,3700,6736450
NIFTY20OCT2217600CE.NFO,19/10/2022,09:34:27,50.95,50.9,50,50.95,50,8600,6736450
NIFTY20OCT2217600CE.NFO,19/10/2022,09:34:28,50.9,50.8,1150,50.9,3850,34450,6736450
NIFTY20OCT2217600CE.NFO,19/10/2022,09:34:29,50.8,50.7,1750,50.8,350,5600,6736450
NIFTY20OCT2217600CE.NFO,19/10/2022,09:34:30,50.7,50.55,500,50.65,200,2950,6736450
NIFTY20OCT2217600CE.NFO,19/10/2022,09:34:32,50.7,50.65,50,50.7,3250,7400,6736450
NIFTY20OCT2217600CE.NFO,19/10/2022,09:34:32,50.6,50.45,150,50.55,1550,6400,6736450
NIFTY20OCT2217600CE.NFO,19/10/2022,09:34:33,50.65,50.55,600,50.6,50,14900,6736450
NIFTY20OCT2217600CE.NFO,19/10/2022,09:34:34,50.75,50.7,100,50.75,3100,5950,6736450
NIFTY20OCT2217600CE.NFO,19/10/2022,09:34:35,51,51.05,50,51.1,450,15150,6736450
NIFTY20OCT2217600CE.NFO,19/10/2022,09:34:36,50.6,50.6,450,50.7,1350,2800,6736450
NIFTY20OCT2217600CE.NFO,19/10/2022,09:34:37,51.05,51.05,1600,51.2,1000,25300,6736450
NIFTY20OCT2217600CE.NFO,19/10/2022,09:34:38,51,50.95,250,51.05,50,4700,6736450
NIFTY20OCT2217600CE.NFO,19/10/2022,09:34:39,50.6,50.5,950,50.6,2400,13500,6736450
NIFTY20OCT2217600CE.NFO,19/10/2022,09:34:40,50.5,50.35,350,50.45,50,16200,6736450
NIFTY20OCT2217600CE.NFO,19/10/2022,09:34:41,50.5,50.4,1300,50.5,1050,2200,6736450
NIFTY20OCT2217600CE.NFO,19/10/2022,09:34:42,50.5,50.4,1750,50.55,2100,4250,6736450
NIFTY20OCT2217600CE.NFO,19/10/2022,09:34:43,50.45,50.35,750,50.5,3600,6550,6736450
NIFTY20OCT2217600CE.NFO,19/10/2022,09:34:45,50.05,50,27700,50.1,150,16350,6736450
NIFTY20OCT2217600CE.NFO,19/10/2022,09:34:45,49.65,49.65,1200,49.75,1050,37400,6736450
NIFTY20OCT2217600CE.NFO,19/10/2022,09:34:46,49.65,49.65,300,49.75,500,9950,6736450
NIFTY20OCT2217600CE.NFO,19/10/2022,09:34:47,49.75,49.75,3700,49.85,200,12750,6736450
NIFTY20OCT2217600CE.NFO,19/10/2022,09:34:48,49.85,49.7,1200,49.85,2900,8300,6736450
NIFTY20OCT2217600CE.NFO,19/10/2022,09:34:49,49.95,49.9,400,50,1500,7350,6736450
NIFTY20OCT2217600CE.NFO,19/10/2022,09:34:50,49.9,49.85,2650,49.95,1500,13400,6736450
NIFTY20OCT2217600CE.NFO,19/10/2022,09:34:51,50.05,49.95,850,50.05,600,7550,6736450
NIFTY20OCT2217600CE.NFO,19/10/2022,09:34:52,50.05,50.05,1050,50.2,1900,16250,6736450
NIFTY20OCT2217600CE.NFO,19/10/2022,09:34:53,50.15,50.1,100,50.2,500,5600,6736450
NIFTY20OCT2217600CE.NFO,19/10/2022,09:34:54,49.9,49.85,300,49.95,350,3800,6736450
NIFTY20OCT2217600CE.NFO,19/10/2022,09:34:55,49.9,49.95,500,50.05,1050,3800,6736450
NIFTY20OCT2217600CE.NFO,19/10/2022,09:34:56,49.45,49.35,1050,49.45,400,36600,6736450
