Ticker,Date,Time,LTP,BuyPrice,BuyQty,SellPrice,SellQty,LTQ,OpenInterest
NIFTY20OCT2217600PE.NFO,19/10/2022,09:15:00,109.7,108.8,500,115.3,250,1150,601450
NIFTY20OCT2217600PE.NFO,19/10/2022,09:15:00,109.7,108.8,500,115.3,250,0,601450
NIFTY20OCT2217600PE.NFO,19/10/2022,09:15:00,113.65,108.8,500,115.3,250,0,601450
NIFTY20OCT2217600PE.NFO,19/10/2022,09:15:00,105.35,108.8,500,115.3,250,0,601450
NIFTY20OCT2217600PE.NFO,19/10/2022,09:15:01,115,114.5,400,115.2,200,7250,601450
NIFTY20OCT2217600PE.NFO,19/10/2022,09:15:01,115.3,114.5,400,115.2,200,0,601450
NIFTY20OCT2217600PE.NFO,19/10/2022,09:15:03,108.3,108.35,200,109.6,50,22950,601450
NIFTY20OCT2217600PE.NFO,19/10/2022,09:15:03,117.35,108.35,200,109.6,50,0,601450
NIFTY20OCT2217600PE.NFO,19/10/2022,09:15:04,105.2,105.1,50,105.25,50,13050,601450
NIFTY20OCT2217600PE.NFO,19/10/2022,09:15:04,105,105.1,50,105.25,50,0,601450
NIFTY20OCT2217600PE.NFO,19/10/2022,09:15:06,110.8,110.8,350,111.8,50,27900,601450
NIFTY20OCT2217600PE.NFO,19/10/2022,09:15:06,103.95,110.8,350,111.8,50,0,601450
NIFTY20OCT2217600PE.NFO,19/10/2022,09:15:07,118.7,118.05,350,118.7,50,20200,601450
NIFTY20OCT2217600PE.NFO,19/10/2022,09:15:07,118.9,118.05,350,118.7,50,0,601450
NIFTY20OCT2217600PE.NFO,19/10/2022,09:15:09,113.9,113.8,50,114.2,350,22900,601450
NIFTY20OCT2217600PE.NFO,19/10/2022,09:15:09,119.65,113.8,50,114.2,350,0,601450
NIFTY20OCT2217600PE.NFO,19/10/2022,09:15:10,114.15,114.15,100,115.1,100,26000,601450
NIFTY20OCT2217600PE.NFO,19/10/2022,09:15:11,118.75,118.3,50,118.75,100,28450,601450
NIFTY20OCT2217600PE.NFO,19/10/2022,09:15:12,123.5,122.2,50,123.25,250,18600,601450
NIFTY20OCT2217600PE.NFO,19/10/2022,09:15:12,125.2,122.2,50,123.25,250,0,601450
NIFTY20OCT2217600PE.NFO,19/10/2022,09:15:13,119.2,119.2,2450,119.35,50,16400,601450
NIFTY20OCT2217600PE.NFO,19/10/2022,09:15:14,116.5,116.4,50,116.75,50,19650,601450
NIFTY20OCT2217600PE.NFO,19/10/2022,09:15:15,114,113.2,50,114.05,200,29250,601450
NIFTY20OCT2217600PE.NFO,19/10/2022,09:15:16,116,115.15,100,116,100,34800,601450
NIFTY20OCT2217600PE.NFO,19/10/2022,09:15:17,115.6,115.05,50,115.4,50,17050,601450
NIFTY20OCT2217600PE.NFO,19/10/2022,09:15:19,115.2,114.8,400,115.9,100,18100,601450
NIFTY20OCT2217600PE.NFO,19/10/2022,09:15:20,120.75,120.7,150,121.3,50,25900,601450
NIFTY20OCT2217600PE.NFO,19/10/2022,09:15:21,119.15,119.45,200,120.15,500,21650,601450
NIFTY20OCT2217600PE.NFO,19/10/2022,09:15:22,117.5,116.9,2500,117.5,200,27200,601450
NIFTY20OCT2217600PE.NFO,19/10/2022,09:15:24,117.2,117.2,50,117.95,100,27600,601450
NIFTY20OCT2217600PE.NFO,19/10/2022,09:15:25,116.9,116.25,50,116.95,350,9800,601450
NIFTY20OCT2217600PE.NFO,19/10/2022,09:15:26,117.05,117,750,117.75,450,5600,601450
NIFTY20OCT2217600PE.NFO,19/10/2022,09:15:27,117.65,117.45,50,118.1,350,8700,601450
NIFTY20OCT2217600PE.NFO,19/10/2022,09:15:28,118.5,118.05,100,118.5,50,9750,601450
NIFTY20OCT2217600PE.NFO,19/10/2022,09:15:29,119.95,119.35,50,119.95,300,10500,601450
NIFTY20OCT2217600PE.NFO,19/10/2022,09:15:30,118.65,118.05,250,118.7,350,8350,601450
NIFTY20OCT2217600PE.NFO,19/10/2022,09:15:31,118.25,118.25,100,118.85,200,15200,601450
NIFTY20OCT2217600PE.NFO,19/10/2022,09:15:32,120.8,120.2,550,120.9,300,12050,601450
NIFTY20OCT2217600PE.NFO,19/10/2022,09:15:33,120.55,120.5,2850,121,750,7500,601450
NIFTY20OCT2217600PE.NFO,19/10/2022,09:15:34,121.3,121.25,250,121.85,650,13300,601450
NIFTY20OCT2217600PE.NFO,19/10/2022,09:15:35,122.1,121.5,250,122,100,5800,601450
NIFTY20OCT2217600PE.NFO,19/10/2022,09:15:37,120.45,120.4,200,121,200,13000,601450
NIFTY20OCT2217600PE.NFO,19/10/2022,09:15:38,118.85,118.85,1900,119.3,50,24150,601450
NIFTY20OCT2217600PE.NFO,19/10/2022,09:15:39,118.35,117.85,100,118.4,50,19100,601450
NIFTY20OCT2217600PE.NFO,19/10/2022,09:15:39,118.05,118.05,50,118.7,450,650,601450
NIFTY20OCT2217600PE.NFO,19/10/2022,09:15:41,117.8,117.8,50,118.4,200,14200,601450
NIFTY20OCT2217600PE.NFO,19/10/2022,09:15:42,117.35,117.3,800,117.7,50,12100,601450
NIFTY20OCT2217600PE.NFO,19/10/2022,09:15:43,116.6,116,200,116.6,450,19550,601450
NIFTY20OCT2217600PE.NFO,19/10/2022,09:15:44,115.15,115.2,100,115.75,200,15050,601450
NIFTY20OCT2217600PE.NFO,19/10/2022,09:15:45,115.25,115,3800,115.25,200,15400,601450
NIFTY20OCT2217600PE.NFO,19/10/2022,09:15:46,113.9,113.9,250,114.4,200,23500,601450
NIFTY20OCT2217600PE.NFO,19/10/2022,09:15:47,114.1,113.55,450,114.1,50,9850,601450
NIFTY20OCT2217600PE.NFO,19/10/2022,09:15:47,114.2,113.7,50,114.05,50,1050,601450
NIFTY20OCT2217600PE.NFO,19/10/2022,09:15:48,113.8,113.25,500,113.7,300,6350,601450
NIFTY20OCT2217600PE.NFO,19/10/2022,09:15:49,112.7,112.65,500,113.1,100,13050,601450
NIFTY20OCT2217600PE.NFO,19/10/2022,09:15:50,113,113,450,113.45,50,10150,601450
NIFTY20OCT2217600PE.NFO,19/10/2022,09:15:51,113.65,113.6,50,113.9,350,29450,601450
NIFTY20OCT2217600PE.NFO,19/10/2022,09:15:52,113.3,113,450,113.3,50,4950,601450
NIFTY20OCT2217600PE.NFO,19/10/2022,09:15:54,113.3,113.2,900,113.8,200,18600,601450
NIFTY20OCT2217600PE.NFO,19/10/2022,09:15:55,113.35,112.95,50,113.25,50,8250,601450
NIFTY20OCT2217600PE.NFO,19/10/2022,09:15:56,111.55,111.7,50,112,100,10300,601450
NIFTY20OCT2217600PE.NFO,19/10/2022,09:15:57,112.6,112.6,100,112.95,50,4350,601450
NIFTY20OCT2217600PE.NFO,19/10/2022,09:15:58,111.85,111.55,50,111.85,50,10800,601450
NIFTY20OCT2217600PE.NFO,19/10/2022,09:15:59,112.95,112.95,800,113.3,50,12050,601450
NIFTY20OCT2217600PE.NFO,19/10/2022,09:16:00,113.75,113.75,50,114.1,50,8950,601450
NIFTY20OCT2217600PE.NFO,19/10/2022,09:16:01,111.05,110.75,50,111.05,100,26350,601450
NIFTY20OCT2217600PE.NFO,19/10/2022,09:16:01,110.9,110.55,50,110.9,200,1050,601450
NIFTY20OCT2217600PE.NFO,19/10/2022,09:16:02,112.2,111.65,850,112.15,300,22850,601450
NIFTY20OCT2217600PE.NFO,19/10/2022,09:16:03,112.4,111.95,100,112.25,50,8950,601450
NIFTY20OCT2217600PE.NFO,19/10/2022,09:16:05,111.85,111.6,150,111.85,100,8600,601450
NIFTY20OCT2217600PE.NFO,19/10/2022,09:16:06,112,111.8,950,112.25,150,9750,601450
NIFTY20OCT2217600PE.NFO,19/10/2022,09:16:07,111.9,111.6,100,111.8,150,4350,601450
NIFTY20OCT2217600PE.NFO,19/10/2022,09:16:08,111.75,111.35,1050,111.75,850,13900,601450
NIFTY20OCT2217600PE.NFO,19/10/2022,09:16:09,110.95,110.55,50,110.95,450,8900,601450
NIFTY20OCT2217600PE.NFO,19/10/2022,09:16:10,110.2,110.15,50,110.45,100,10950,601450
NIFTY20OCT2217600PE.NFO,19/10/2022,09:16:10,108.95,109,50,109.35,450,34050,601450
NIFTY20OCT2217600PE.NFO,19/10/2022,09:16:12,110.45,110.45,50,110.75,600,14000,601450
NIFTY20OCT2217600PE.NFO,19/10/2022,09:16:13,109.3,109.2,150,109.45,50,5350,601450
NIFTY20OCT2217600PE.NFO,19/10/2022,09:16:14,110.15,110.15,100,110.3,100,8150,601450
NIFTY20OCT2217600PE.NFO,19/10/2022,09:16:15,110.65,110.6,50,110.85,150,5500,601450
NIFTY20OCT2217600PE.NFO,19/10/2022,09:16:16,110.5,110.5,1650,110.65,250,11050,601450
NIFTY20OCT2217600PE.NFO,19/10/2022,09:16:17,109.35,109,600,109.35,100,10900,601450
NIFTY20OCT2217600PE.NFO,19/10/2022,09:16:18,108.9,108.75,200,109.05,50,9400,601450
NIFTY20OCT2217600PE.NFO,19/10/2022,09:16:19,110.1,109.95,50,110.15,150,13100,601450
NIFTY20OCT2217600PE.NFO,19/10/2022,09:16:21,109.5,109.5,50,109.75,50,13150,601450
NIFTY20OCT2217600PE.NFO,19/10/2022,09:16:22,109.9,109.65,50,109.9,50,8100,601450
NIFTY20OCT2217600PE.NFO,19/10/2022,09:16:23,108.7,108.7,100,108.95,50,10750,601450
NIFTY20OCT2217600PE.NFO,19/10/2022,09:16:24,108.7,108.35,50,108.65,50,22050,601450
NIFTY20OCT2217600PE.NFO,19/10/2022,09:16:25,108,108,10450,108.15,100,9550,601450
NIFTY20OCT2217600PE.NFO,19/10/2022,09:16:25,108.15,108,9050,108.15,400,1950,601450
NIFTY20OCT2217600PE.NFO,19/10/2022,09:16:27,107.4,107.3,100,107.6,400,13750,601450
NIFTY20OCT2217600PE.NFO,19/10/2022,09:16:28,108.2,107.95,100,108.15,50,14550,601450
NIFTY20OCT2217600PE.NFO,19/10/2022,09:16:29,107.55,107.25,100,107.55,50,12150,601450
NIFTY20OCT2217600PE.NFO,19/10/2022,09:16:30,107.25,107.25,400,107.5,50,12100,601450
NIFTY20OCT2217600PE.NFO,19/10/2022,09:16:31,107.45,107.4,50,107.7,150,11550,601450
NIFTY20OCT2217600PE.NFO,19/10/2022,09:16:32,107.7,107.4,100,107.65,400,7450,601450
NIFTY20OCT2217600PE.NFO,19/10/2022,09:16:33,107.55,107.25,50,107.55,450,2250,601450
NIFTY20OCT2217600PE.NFO,19/10/2022,09:16:34,107.6,107.3,50,107.65,350,3800,601450
NIFTY20OCT2217600PE.NFO,19/10/2022,09:16:34,107.4,107.1,150,107.4,300,7000,601450
NIFTY20OCT2217600PE.NFO,19/10/2022,09:16:36,106.9,106.9,50,107.1,300,15650,601450
NIFTY20OCT2217600PE.NFO,19/10/2022,09:16:37,107,107,750,107.2,100,8600,601450
NIFTY20OCT2217600PE.NFO,19/10/2022,09:16:38,107.35,107.2,50,107.35,200,6600,601450
NIFTY20OCT2217600PE.NFO,19/10/2022,09:16:39,108.85,108.75,50,109,350,5500,601450
NIFTY20OCT2217600PE.NFO,19/10/2022,09:16:40,108.9,108.7,150,108.9,250,2450,601450
NIFTY20OCT2217600PE.NFO,19/10/2022,09:16:41,109.1,109.1,150,109.25,100,5300,601450
NIFTY20OCT2217600PE.NFO,19/10/2022,09:16:42,109.65,109.5,50,109.65,50,5950,601450
NIFTY20OCT2217600PE.NFO,19/10/2022,09:16:42,109.75,109.5,50,109.75,50,3700,601450
NIFTY20OCT2217600PE.NFO,19/10/2022,09:16:44,109.45,109.2,50,109.45,100,12350,601450
NIFTY20OCT2217600PE.NFO,19/10/2022,09:16:45,109.2,108.95,50,109.15,100,15300,601450
NIFTY20OCT2217600PE.NFO,19/10/2022,09:16:45,109,109,2650,109.05,100,650,601450
NIFTY20OCT2217600PE.NFO,19/10/2022,09:16:46,109.8,109.5,1000,109.75,300,21700,601450
NIFTY20OCT2217600PE.NFO,19/10/2022,09:16:47,109.25,109.25,50,109.5,100,7100,601450
NIFTY20OCT2217600PE.NFO,19/10/2022,09:16:49,109.2,109,100,109.2,100,19850,601450
NIFTY20OCT2217600PE.NFO,19/10/2022,09:16:50,109.1,109.05,100,109.3,150,15750,601450
NIFTY20OCT2217600PE.NFO,19/10/2022,09:16:51,108.95,108.55,50,108.8,50,5700,601450
NIFTY20OCT2217600PE.NFO,19/10/2022,09:16:52,108.55,108.45,100,108.7,50,9300,601450
NIFTY20OCT2217600PE.NFO,19/10/2022,09:16:53,108,107.8,100,108,100,6100,601450
NIFTY20OCT2217600PE.NFO,19/10/2022,09:16:54,107.8,107.45,250,107.75,250,11400,601450
NIFTY20OCT2217600PE.NFO,19/10/2022,09:16:54,107.5,107.4,100,107.65,50,1550,601450
NIFTY20OCT2217600PE.NFO,19/10/2022,09:16:55,107,107,100,107.3,150,13450,601450
NIFTY20OCT2217600PE.NFO,19/10/2022,09:16:56,107.05,107,50,107.2,50,4600,601450
NIFTY20OCT2217600PE.NFO,19/10/2022,09:16:57,106.25,106.2,100,106.5,100,3300,601450
NIFTY20OCT2217600PE.NFO,19/10/2022,09:16:59,107.35,107.15,50,107.35,50,16550,601450
NIFTY20OCT2217600PE.NFO,19/10/2022,09:17:00,106.5,106.5,450,106.65,100,2650,601450
NIFTY20OCT2217600PE.NFO,19/10/2022,09:17:01,107.1,107,150,107.2,50,9200,601450
NIFTY20OCT2217600PE.NFO,19/10/2022,09:17:02,106.65,106.45,100,106.7,350,14450,601450
NIFTY20OCT2217600PE.NFO,19/10/2022,09:17:03,106.35,106.25,50,106.5,100,14550,601450
NIFTY20OCT2217600PE.NFO,19/10/2022,09:17:05,104.4,104.25,50,104.55,300,37750,601450
NIFTY20OCT2217600PE.NFO,19/10/2022,09:17:06,105,104.9,50,105.1,50,5450,601450
NIFTY20OCT2217600PE.NFO,19/10/2022,09:17:08,103.5,103.25,100,103.5,450,15300,601450
NIFTY20OCT2217600PE.NFO,19/10/2022,09:17:08,103.35,103.25,100,103.5,450,0,601450
NIFTY20OCT2217600PE.NFO,19/10/2022,09:17:09,103.2,103.05,100,103.2,200,17050,601450
NIFTY20OCT2217600PE.NFO,19/10/2022,09:17:09,102.4,103.05,100,103.2,200,0,601450
NIFTY20OCT2217600PE.NFO,19/10/2022,09:17:11,103.1,102.8,50,103.05,150,11100,601450
NIFTY20OCT2217600PE.NFO,19/10/2022,09:17:12,102.1,102.15,200,102.35,300,20450,601450
NIFTY20OCT2217600PE.NFO,19/10/2022,09:17:12,101.55,102.15,200,102.35,300,0,601450
NIFTY20OCT2217600PE.NFO,19/10/2022,09:17:14,103.25,103.35,50,103.6,100,17750,601450
NIFTY20OCT2217600PE.NFO,19/10/2022,09:17:15,103.2,102.85,100,103.1,350,7550,601450
NIFTY20OCT2217600PE.NFO,19/10/2022,09:17:16,103.6,103.3,2800,103.5,50,4600,601450
NIFTY20OCT2217600PE.NFO,19/10/2022,09:17:18,102.6,102.6,50,102.75,50,10800,601450
NIFTY20OCT2217600PE.NFO,19/10/2022,09:17:19,103,102.95,100,103.05,350,5550,601450
NIFTY20OCT2217600PE.NFO,19/10/2022,09:17:20,102.95,102.9,50,103.15,200,4300,601450
NIFTY20OCT2217600PE.NFO,19/10/2022,09:17:21,102.05,102,1650,102.3,500,10150,601450
NIFTY20OCT2217600PE.NFO,19/10/2022,09:17:22,102.2,102.2,100,102.45,100,17800,601450
NIFTY20OCT2217600PE.NFO,19/10/2022,09:17:22,101.2,102.2,100,102.45,100,0,601450
NIFTY20OCT2217600PE.NFO,19/10/2022,09:17:24,101.6,101.45,100,101.6,50,3500,601450
NIFTY20OCT2217600PE.NFO,19/10/2022,09:17:25,101.4,101.45,150,101.65,50,7850,601450
NIFTY20OCT2217600PE.NFO,19/10/2022,09:17:26,102.3,102.1,50,102.3,50,9350,601450
NIFTY20OCT2217600PE.NFO,19/10/2022,09:17:27,103.3,103.4,100,103.55,350,24200,601450
NIFTY20OCT2217600PE.NFO,19/10/2022,09:17:29,103.85,103.75,300,104.05,350,5700,601450
NIFTY20OCT2217600PE.NFO,19/10/2022,09:17:30,103.4,103.2,50,103.4,100,5250,601450
NIFTY20OCT2217600PE.NFO,19/10/2022,09:17:31,102.3,102.35,150,102.65,100,19200,601450
NIFTY20OCT2217600PE.NFO,19/10/2022,09:17:32,102.3,102.1,50,102.25,250,12700,601450
NIFTY20OCT2217600PE.NFO,19/10/2022,09:17:33,103.1,102.8,100,103.05,300,7850,601450
NIFTY20OCT2217600PE.NFO,19/10/2022,09:17:34,102.95,102.8,50,103,200,2450,601450
NIFTY20OCT2217600PE.NFO,19/10/2022,09:17:35,102.65,102.3,550,102.6,1200,2150,601450
NIFTY20OCT2217600PE.NFO,19/10/2022,09:17:37,103.2,102.9,1350,103.1,200,4150,601450
NIFTY20OCT2217600PE.NFO,19/10/2022,09:17:38,103.7,103.55,50,103.75,450,1600,601450
NIFTY20OCT2217600PE.NFO,19/10/2022,09:17:39,103.8,103.6,1450,103.8,200,3850,1218800
NIFTY20OCT2217600PE.NFO,19/10/2022,09:17:40,104.2,104.15,50,104.25,2500,4200,1218800
NIFTY20OCT2217600PE.NFO,19/10/2022,09:17:41,105.35,105.7,50,105.9,150,19100,1218800
NIFTY20OCT2217600PE.NFO,19/10/2022,09:17:42,105.35,105.2,200,105.4,100,5300,1218800
NIFTY20OCT2217600PE.NFO,19/10/2022,09:17:43,106.05,105.8,100,105.95,100,5650,1218800
NIFTY20OCT2217600PE.NFO,19/10/2022,09:17:44,106.15,105.95,200,106.2,50,6200,1218800
NIFTY20OCT2217600PE.NFO,19/10/2022,09:17:45,106.65,106.3,50,106.5,350,8300,1218800
NIFTY20OCT2217600PE.NFO,19/10/2022,09:17:46,106.5,106.35,550,106.5,50,12350,1218800
NIFTY20OCT2217600PE.NFO,19/10/2022,09:17:47,106.55,106.6,500,106.8,150,15400,1218800
NIFTY20OCT2217600PE.NFO,19/10/2022,09:17:49,106.85,106.7,100,106.85,500,15100,1218800
NIFTY20OCT2217600PE.NFO,19/10/2022,09:17:50,107.1,107,50,107.2,50,6450,1218800
NIFTY20OCT2217600PE.NFO,19/10/2022,09:17:51,108.15,108.05,50,108.25,1350,7300,1218800
NIFTY20OCT2217600PE.NFO,19/10/2022,09:17:52,107.6,107.35,50,107.6,50,9050,1218800
NIFTY20OCT2217600PE.NFO,19/10/2022,09:17:53,106.8,106.75,50,106.8,50,11700,1218800
NIFTY20OCT2217600PE.NFO,19/10/2022,09:17:54,107,107,100,107.1,100,8700,1218800
NIFTY20OCT2217600PE.NFO,19/10/2022,09:17:56,107.4,107.2,50,107.35,50,8200,1218800
NIFTY20OCT2217600PE.NFO,19/10/2022,09:17:57,107.4,107.25,300,107.5,100,7950,1218800
NIFTY20OCT2217600PE.NFO,19/10/2022,09:17:58,108.1,108.1,450,108.25,50,11450,1218800
NIFTY20OCT2217600PE.NFO,19/10/2022,09:17:59,107.55,107.1,450,107.3,150,10500,1218800
NIFTY20OCT2217600PE.NFO,19/10/2022,09:18:00,106.75,106.65,50,106.85,50,7600,1218800
NIFTY20OCT2217600PE.NFO,19/10/2022,09:18:01,107.25,107.25,150,107.5,200,10300,1218800
NIFTY20OCT2217600PE.NFO,19/10/2022,09:18:03,107.35,107.3,100,107.5,200,7250,1218800
NIFTY20OCT2217600PE.NFO,19/10/2022,09:18:04,106.7,106.7,150,106.95,200,5250,1218800
NIFTY20OCT2217600PE.NFO,19/10/2022,09:18:05,106.4,106.35,50,106.6,150,3200,1218800
NIFTY20OCT2217600PE.NFO,19/10/2022,09:18:06,107.9,107.8,50,107.9,50,8050,1218800
NIFTY20OCT2217600PE.NFO,19/10/2022,09:18:07,108.3,108.4,150,108.7,300,21200,1218800
NIFTY20OCT2217600PE.NFO,19/10/2022,09:18:09,109,108.75,750,108.9,200,11200,1218800
NIFTY20OCT2217600PE.NFO,19/10/2022,09:18:10,108.65,108.45,100,108.7,150,6950,1218800
NIFTY20OCT2217600PE.NFO,19/10/2022,09:18:11,108.45,108.45,300,108.7,50,9100,1218800
NIFTY20OCT2217600PE.NFO,19/10/2022,09:18:12,107.55,107.55,200,107.8,50,10800,1218800
NIFTY20OCT2217600PE.NFO,19/10/2022,09:18:13,107.45,107.25,400,107.45,100,3200,1218800
NIFTY20OCT2217600PE.NFO,19/10/2022,09:18:14,107.25,107,700,107.2,100,9450,1218800
NIFTY20OCT2217600PE.NFO,19/10/2022,09:18:15,107.1,106.85,300,107.05,100,3850,1218800
NIFTY20OCT2217600PE.NFO,19/10/2022,09:18:15,106.85,106.95,100,107.15,250,150,1218800
NIFTY20OCT2217600PE.NFO,19/10/2022,09:18:16,107.2,107.2,100,107.4,100,4650,1218800
NIFTY20OCT2217600PE.NFO,19/10/2022,09:18:18,107.35,107.35,100,107.6,400,5400,1218800
NIFTY20OCT2217600PE.NFO,19/10/2022,09:18:18,108,107.9,150,108,150,400,1218800
NIFTY20OCT2217600PE.NFO,19/10/2022,09:18:20,108.8,108.8,150,109,450,7350,1218800
NIFTY20OCT2217600PE.NFO,19/10/2022,09:18:20,109.15,109.05,50,109.25,150,7900,1218800
NIFTY20OCT2217600PE.NFO,19/10/2022,09:18:22,108.85,108.9,150,109.1,350,11800,1218800
NIFTY20OCT2217600PE.NFO,19/10/2022,09:18:23,107.85,107.6,250,107.85,150,9150,1218800
NIFTY20OCT2217600PE.NFO,19/10/2022,09:18:24,108.05,107.75,350,108,200,6650,1218800
NIFTY20OCT2217600PE.NFO,19/10/2022,09:18:25,107.95,107.85,50,107.95,50,5850,1218800
NIFTY20OCT2217600PE.NFO,19/10/2022,09:18:26,108.15,107.9,50,108.1,200,2550,1218800
NIFTY20OCT2217600PE.NFO,19/10/2022,09:18:27,108.55,108.55,50,108.8,1300,5300,1218800
NIFTY20OCT2217600PE.NFO,19/10/2022,09:18:28,108.85,108.45,500,108.7,100,3400,1218800
NIFTY20OCT2217600PE.NFO,19/10/2022,09:18:29,108.6,108.4,100,108.6,100,1000,1218800
NIFTY20OCT2217600PE.NFO,19/10/2022,09:18:29,108.4,108.4,400,108.6,100,3450,1218800
NIFTY20OCT2217600PE.NFO,19/10/2022,09:18:31,107.95,107.8,400,108.05,100,22700,1218800
NIFTY20OCT2217600PE.NFO,19/10/2022,09:18:32,108.65,108.35,150,108.6,50,8950,1218800
NIFTY20OCT2217600PE.NFO,19/10/2022,09:18:33,108,108,1500,108.2,250,10750,1218800
NIFTY20OCT2217600PE.NFO,19/10/2022,09:18:34,108.45,108.3,200,108.5,150,5950,1218800
NIFTY20OCT2217600PE.NFO,19/10/2022,09:18:35,108.3,108.1,50,108.3,50,1200,1218800
NIFTY20OCT2217600PE.NFO,19/10/2022,09:18:36,108.3,108,1750,108.25,50,14000,1218800
NIFTY20OCT2217600PE.NFO,19/10/2022,09:18:37,107.8,107.8,100,108,300,4550,1218800
NIFTY20OCT2217600PE.NFO,19/10/2022,09:18:38,107.65,107.45,150,107.65,100,5650,1218800
NIFTY20OCT2217600PE.NFO,19/10/2022,09:18:38,107.6,107.2,200,107.45,150,50,1218800
NIFTY20OCT2217600PE.NFO,19/10/2022,09:18:39,107.35,107.15,150,107.4,50,3800,1218800
NIFTY20OCT2217600PE.NFO,19/10/2022,09:18:41,106.85,106.65,150,106.85,50,12050,1218800
NIFTY20OCT2217600PE.NFO,19/10/2022,09:18:41,106.7,106.5,100,106.75,100,4000,1218800
NIFTY20OCT2217600PE.NFO,19/10/2022,09:18:43,106.2,106.15,150,106.4,150,6400,1218800
NIFTY20OCT2217600PE.NFO,19/10/2022,09:18:44,105.2,105,7400,105.1,50,16300,1218800
NIFTY20OCT2217600PE.NFO,19/10/2022,09:18:45,105.15,105.15,50,105.35,150,4300,1218800
NIFTY20OCT2217600PE.NFO,19/10/2022,09:18:46,106,106,1000,106.15,150,15650,1218800
NIFTY20OCT2217600PE.NFO,19/10/2022,09:18:47,104.8,104.6,100,104.85,150,9950,1218800
NIFTY20OCT2217600PE.NFO,19/10/2022,09:18:48,105.05,105.1,100,105.2,250,8200,1218800
NIFTY20OCT2217600PE.NFO,19/10/2022,09:18:49,104.75,104.4,150,104.65,400,7900,1218800
NIFTY20OCT2217600PE.NFO,19/10/2022,09:18:50,104.55,104.35,50,104.55,400,1400,1218800
NIFTY20OCT2217600PE.NFO,19/10/2022,09:18:50,105.25,105.2,50,105.3,100,1900,1218800
NIFTY20OCT2217600PE.NFO,19/10/2022,09:18:52,104.4,104.2,100,104.45,100,4000,1218800
NIFTY20OCT2217600PE.NFO,19/10/2022,09:18:53,104.2,104.05,200,104.3,300,3550,1218800
NIFTY20OCT2217600PE.NFO,19/10/2022,09:18:54,104.6,104.3,300,104.55,250,6900,1218800
NIFTY20OCT2217600PE.NFO,19/10/2022,09:18:55,104.35,104.2,200,104.4,50,4400,1218800
NIFTY20OCT2217600PE.NFO,19/10/2022,09:18:56,104.1,104,400,104.1,200,3750,1218800
NIFTY20OCT2217600PE.NFO,19/10/2022,09:18:57,105.4,105.6,100,105.7,100,7900,1218800
NIFTY20OCT2217600PE.NFO,19/10/2022,09:18:58,105.85,106,150,106.15,500,5000,1218800
NIFTY20OCT2217600PE.NFO,19/10/2022,09:19:00,105.25,105.3,100,105.45,150,7800,1218800
NIFTY20OCT2217600PE.NFO,19/10/2022,09:19:01,106.25,106.05,200,106.25,150,4850,1218800
NIFTY20OCT2217600PE.NFO,19/10/2022,09:19:02,104.75,104.6,100,104.75,300,11450,1218800
NIFTY20OCT2217600PE.NFO,19/10/2022,09:19:03,104.8,104.55,250,104.75,150,9000,1218800
NIFTY20OCT2217600PE.NFO,19/10/2022,09:19:04,103.85,103.65,50,103.9,250,10800,1218800
NIFTY20OCT2217600PE.NFO,19/10/2022,09:19:05,103.4,103.35,50,103.55,50,7800,1218800
NIFTY20OCT2217600PE.NFO,19/10/2022,09:19:06,103.4,103.3,50,103.5,100,10750,1218800
NIFTY20OCT2217600PE.NFO,19/10/2022,09:19:06,103.4,103.2,1400,103.45,100,2850,1218800
NIFTY20OCT2217600PE.NFO,19/10/2022,09:19:08,102.3,102.3,750,102.55,100,12650,1218800
NIFTY20OCT2217600PE.NFO,19/10/2022,09:19:09,102.05,102.05,50,102.15,150,13750,1218800
NIFTY20OCT2217600PE.NFO,19/10/2022,09:19:10,101.25,101.2,150,101.4,150,17250,1218800
NIFTY20OCT2217600PE.NFO,19/10/2022,09:19:11,101.35,101.2,50,101.35,150,17300,1218800
NIFTY20OCT2217600PE.NFO,19/10/2022,09:19:11,100.65,101.2,50,101.35,150,0,1218800
NIFTY20OCT2217600PE.NFO,19/10/2022,09:19:12,102.6,102.4,50,102.6,50,17750,1218800
NIFTY20OCT2217600PE.NFO,19/10/2022,09:19:14,102.35,102.35,50,102.45,50,10250,1218800
NIFTY20OCT2217600PE.NFO,19/10/2022,09:19:15,103.35,103.3,150,103.5,100,6600,1218800
NIFTY20OCT2217600PE.NFO,19/10/2022,09:19:16,102.6,102.2,250,102.4,50,2900,1218800
NIFTY20OCT2217600PE.NFO,19/10/2022,09:19:18,102.2,102.25,100,102.4,100,4350,1218800
NIFTY20OCT2217600PE.NFO,19/10/2022,09:19:19,103.2,102.95,150,103.15,200,3600,1218800
NIFTY20OCT2217600PE.NFO,19/10/2022,09:19:20,102.8,102.45,150,102.7,450,5600,1218800
NIFTY20OCT2217600PE.NFO,19/10/2022,09:19:21,102.75,102.65,300,102.95,600,5150,1218800
NIFTY20OCT2217600PE.NFO,19/10/2022,09:19:22,102.95,102.85,150,102.95,100,5800,1218800
NIFTY20OCT2217600PE.NFO,19/10/2022,09:19:24,102.9,102.75,350,103,300,8900,1218800
NIFTY20OCT2217600PE.NFO,19/10/2022,09:19:25,102.8,102.6,150,102.8,100,4450,1218800
NIFTY20OCT2217600PE.NFO,19/10/2022,09:19:26,103,102.9,50,103.05,300,1050,1218800
NIFTY20OCT2217600PE.NFO,19/10/2022,09:19:27,103,102.85,150,103.1,600,3050,1218800
NIFTY20OCT2217600PE.NFO,19/10/2022,09:19:28,102.55,102.35,150,102.55,300,2850,1218800
NIFTY20OCT2217600PE.NFO,19/10/2022,09:19:29,102.55,102.5,1950,102.75,300,3300,1218800
NIFTY20OCT2217600PE.NFO,19/10/2022,09:19:30,103.2,103.1,50,103.2,50,2850,1218800
NIFTY20OCT2217600PE.NFO,19/10/2022,09:19:31,103.1,103.2,100,103.4,50,7050,1218800
NIFTY20OCT2217600PE.NFO,19/10/2022,09:19:32,103.4,103.15,1100,103.4,500,3650,1218800
NIFTY20OCT2217600PE.NFO,19/10/2022,09:19:33,104,103.75,100,104,200,1600,1218800
NIFTY20OCT2217600PE.NFO,19/10/2022,09:19:34,103.85,103.65,150,103.9,250,6750,1218800
NIFTY20OCT2217600PE.NFO,19/10/2022,09:19:35,104.55,104.35,150,104.55,50,6450,1218800
NIFTY20OCT2217600PE.NFO,19/10/2022,09:19:36,104.1,103.85,150,104.1,300,5000,1218800
NIFTY20OCT2217600PE.NFO,19/10/2022,09:19:37,104.2,103.95,50,104.15,50,5100,1218800
NIFTY20OCT2217600PE.NFO,19/10/2022,09:19:38,104.65,104.45,100,104.65,100,4650,1218800
NIFTY20OCT2217600PE.NFO,19/10/2022,09:19:39,104.35,104.15,2350,104.3,200,3900,1218800
NIFTY20OCT2217600PE.NFO,19/10/2022,09:19:40,104.6,104.4,250,104.6,150,10300,1218800
NIFTY20OCT2217600PE.NFO,19/10/2022,09:19:41,104.75,104.3,150,104.55,700,600,1218800
NIFTY20OCT2217600PE.NFO,19/10/2022,09:19:42,105.75,105.35,150,105.55,150,13450,1218800
NIFTY20OCT2217600PE.NFO,19/10/2022,09:19:43,105.4,105.2,150,105.4,100,1250,1218800
NIFTY20OCT2217600PE.NFO,19/10/2022,09:19:44,105.25,105.05,150,105.3,200,7900,1218800
NIFTY20OCT2217600PE.NFO,19/10/2022,09:19:45,104.85,104.55,50,104.75,150,2150,1218800
NIFTY20OCT2217600PE.NFO,19/10/2022,09:19:46,104.25,104.2,50,104.45,350,12150,1218800
NIFTY20OCT2217600PE.NFO,19/10/2022,09:19:47,104.8,104,4350,104.3,150,3000,1218800
NIFTY20OCT2217600PE.NFO,19/10/2022,09:19:47,104.1,104.05,150,104.3,150,150,1218800
NIFTY20OCT2217600PE.NFO,19/10/2022,09:19:49,103.05,102.8,500,103,700,12050,1218800
NIFTY20OCT2217600PE.NFO,19/10/2022,09:19:50,103,102.8,50,103,2650,6000,1218800
NIFTY20OCT2217600PE.NFO,19/10/2022,09:19:51,102.3,102.4,200,102.55,150,8450,1218800
NIFTY20OCT2217600PE.NFO,19/10/2022,09:19:52,101.95,101.7,100,101.8,200,25650,1218800
NIFTY20OCT2217600PE.NFO,19/10/2022,09:19:53,101.3,101.35,150,101.5,100,5850,1218800
NIFTY20OCT2217600PE.NFO,19/10/2022,09:19:54,101.45,101.15,50,101.4,50,6450,1218800
NIFTY20OCT2217600PE.NFO,19/10/2022,09:19:55,100.85,100.75,50,100.9,200,8850,1218800
NIFTY20OCT2217600PE.NFO,19/10/2022,09:19:55,100.6,100.75,50,100.9,200,0,1218800
NIFTY20OCT2217600PE.NFO,19/10/2022,09:19:57,100,100,22750,100.05,300,20300,1218800
NIFTY20OCT2217600PE.NFO,19/10/2022,09:19:57,100,100,22750,100.05,300,0,1218800
NIFTY20OCT2217600PE.NFO,19/10/2022,09:19:58,99.9,99.9,50,100,200,33050,1218800
NIFTY20OCT2217600PE.NFO,19/10/2022,09:19:58,99.55,99.9,50,100,200,0,1218800
NIFTY20OCT2217600PE.NFO,19/10/2022,09:19:59,99.7,99.6,50,99.8,350,8600,1218800
NIFTY20OCT2217600PE.NFO,19/10/2022,09:19:59,99.45,99.6,50,99.8,350,0,1218800
NIFTY20OCT2217600PE.NFO,19/10/2022,09:20:00,98.7,98.75,50,98.95,200,18450,1218800
NIFTY20OCT2217600PE.NFO,19/10/2022,09:20:00,98.55,98.75,50,98.95,200,0,1218800
NIFTY20OCT2217600PE.NFO,19/10/2022,09:20:02,97.7,97.7,150,97.9,200,31900,1218800
NIFTY20OCT2217600PE.NFO,19/10/2022,09:20:02,97.65,97.7,150,97.9,200,0,1218800
NIFTY20OCT2217600PE.NFO,19/10/2022,09:20:03,97.9,97.65,250,97.85,150,15950,1218800
NIFTY20OCT2217600PE.NFO,19/10/2022,09:20:03,97.3,97.65,250,97.85,150,0,1218800
NIFTY20OCT2217600PE.NFO,19/10/2022,09:20:04,97,96.95,200,97.2,300,19100,1218800
NIFTY20OCT2217600PE.NFO,19/10/2022,09:20:04,97,96.95,200,97.2,300,0,1218800
NIFTY20OCT2217600PE.NFO,19/10/2022,09:20:05,97.15,97.25,100,97.4,150,6350,1218800
NIFTY20OCT2217600PE.NFO,19/10/2022,09:20:05,96.9,97.25,100,97.4,150,0,1218800
NIFTY20OCT2217600PE.NFO,19/10/2022,09:20:06,97.7,97.55,100,97.7,250,8750,1218800
NIFTY20OCT2217600PE.NFO,19/10/2022,09:20:07,97.45,97.55,50,97.7,150,9650,1218800
NIFTY20OCT2217600PE.NFO,19/10/2022,09:20:08,97.4,97.4,2550,97.6,150,2100,1218800
NIFTY20OCT2217600PE.NFO,19/10/2022,09:20:09,97.85,97.75,250,97.85,50,10450,1218800
NIFTY20OCT2217600PE.NFO,19/10/2022,09:20:10,97.85,97.5,150,97.75,50,6200,1218800
NIFTY20OCT2217600PE.NFO,19/10/2022,09:20:11,97.6,97.65,200,97.9,200,12750,1218800
NIFTY20OCT2217600PE.NFO,19/10/2022,09:20:12,98.1,97.9,150,98.1,150,4150,1218800
NIFTY20OCT2217600PE.NFO,19/10/2022,09:20:13,98.3,98.25,100,98.4,200,7450,1218800
NIFTY20OCT2217600PE.NFO,19/10/2022,09:20:14,97.9,97.85,50,98.05,500,9200,1218800
NIFTY20OCT2217600PE.NFO,19/10/2022,09:20:15,98,97.85,200,98,200,9050,1218800
NIFTY20OCT2217600PE.NFO,19/10/2022,09:20:16,98,97.8,800,98,100,7300,1218800
NIFTY20OCT2217600PE.NFO,19/10/2022,09:20:17,98.2,98,2800,98.25,350,1900,1218800
NIFTY20OCT2217600PE.NFO,19/10/2022,09:20:18,98.9,98.75,200,98.9,50,7950,1218800
NIFTY20OCT2217600PE.NFO,19/10/2022,09:20:19,98.4,98.35,50,98.55,400,5100,1218800
NIFTY20OCT2217600PE.NFO,19/10/2022,09:20:20,98.75,98.75,50,98.85,300,13900,1218800
NIFTY20OCT2217600PE.NFO,19/10/2022,09:20:21,99.25,99.1,50,99.3,700,8150,1218800
NIFTY20OCT2217600PE.NFO,19/10/2022,09:20:22,99.4,99.4,100,99.65,550,8150,1218800
NIFTY20OCT2217600PE.NFO,19/10/2022,09:20:23,99.4,99.15,300,99.35,200,3850,1218800
NIFTY20OCT2217600PE.NFO,19/10/2022,09:20:24,98.2,98.25,450,98.45,200,14750,1218800
NIFTY20OCT2217600PE.NFO,19/10/2022,09:20:25,98.45,98.3,150,98.45,150,1650,1218800
NIFTY20OCT2217600PE.NFO,19/10/2022,09:20:26,98.8,98.6,50,98.8,350,9900,1218800
NIFTY20OCT2217600PE.NFO,19/10/2022,09:20:27,98.55,98.55,100,98.8,300,3300,1218800
NIFTY20OCT2217600PE.NFO,19/10/2022,09:20:28,98.8,98.55,550,98.8,150,2950,1218800
NIFTY20OCT2217600PE.NFO,19/10/2022,09:20:29,98.55,98.5,200,98.8,700,4800,1218800
NIFTY20OCT2217600PE.NFO,19/10/2022,09:20:30,98.85,98.85,1500,99,650,17850,1218800
NIFTY20OCT2217600PE.NFO,19/10/2022,09:20:31,98.55,98.6,100,98.85,50,11800,1218800
NIFTY20OCT2217600PE.NFO,19/10/2022,09:20:32,98.6,98.6,250,98.8,100,6950,1218800
NIFTY20OCT2217600PE.NFO,19/10/2022,09:20:33,98.55,98.7,1350,98.9,200,1350,1218800
NIFTY20OCT2217600PE.NFO,19/10/2022,09:20:34,98.65,98.45,150,98.7,350,15900,1218800
NIFTY20OCT2217600PE.NFO,19/10/2022,09:20:35,98.9,98.65,300,98.9,500,9950,1218800
NIFTY20OCT2217600PE.NFO,19/10/2022,09:20:36,99.55,99.2,50,99.45,3200,7500,1218800
NIFTY20OCT2217600PE.NFO,19/10/2022,09:20:37,98.65,98.7,300,98.85,200,4100,1218800
NIFTY20OCT2217600PE.NFO,19/10/2022,09:20:38,99.1,99.2,150,99.35,300,7450,1218800
NIFTY20OCT2217600PE.NFO,19/10/2022,09:20:39,99.1,99,150,99.15,50,4450,1657500
NIFTY20OCT2217600PE.NFO,19/10/2022,09:20:40,98.65,98.5,150,98.65,150,8750,1657500
NIFTY20OCT2217600PE.NFO,19/10/2022,09:20:41,98.8,98.6,150,98.8,450,7600,1657500
NIFTY20OCT2217600PE.NFO,19/10/2022,09:20:42,98.5,98.25,300,98.45,950,9700,1657500
NIFTY20OCT2217600PE.NFO,19/10/2022,09:20:43,98.4,98.4,200,98.6,450,3650,1657500
NIFTY20OCT2217600PE.NFO,19/10/2022,09:20:44,98.65,98.65,100,98.75,100,4350,1657500
NIFTY20OCT2217600PE.NFO,19/10/2022,09:20:45,99.1,98.9,150,99.1,200,13500,1657500
NIFTY20OCT2217600PE.NFO,19/10/2022,09:20:46,98.5,98.45,50,98.5,350,8850,1657500
NIFTY20OCT2217600PE.NFO,19/10/2022,09:20:47,98.75,98.7,200,98.8,100,950,1657500
NIFTY20OCT2217600PE.NFO,19/10/2022,09:20:48,99.35,99.2,50,99.25,50,5900,1657500
NIFTY20OCT2217600PE.NFO,19/10/2022,09:20:49,98.7,98.6,50,98.75,100,6300,1657500
NIFTY20OCT2217600PE.NFO,19/10/2022,09:20:50,99.25,99.05,150,99.25,50,6000,1657500
NIFTY20OCT2217600PE.NFO,19/10/2022,09:20:51,98.85,98.75,50,98.85,150,8100,1657500
NIFTY20OCT2217600PE.NFO,19/10/2022,09:20:52,98.95,98.8,350,99,300,6250,1657500
NIFTY20OCT2217600PE.NFO,19/10/2022,09:20:53,98.7,98.65,100,98.75,250,2550,1657500
NIFTY20OCT2217600PE.NFO,19/10/2022,09:20:54,98.8,98.6,200,98.8,450,4750,1657500
NIFTY20OCT2217600PE.NFO,19/10/2022,09:20:55,98.35,98.15,500,98.4,700,21200,1657500
NIFTY20OCT2217600PE.NFO,19/10/2022,09:20:56,98.45,98.45,150,98.55,200,5900,1657500
NIFTY20OCT2217600PE.NFO,19/10/2022,09:20:57,98.85,98.9,50,99,250,3150,1657500
NIFTY20OCT2217600PE.NFO,19/10/2022,09:20:58,99.3,99.15,50,99.3,150,7100,1657500
NIFTY20OCT2217600PE.NFO,19/10/2022,09:20:59,99.45,99.25,150,99.45,250,1750,1657500
NIFTY20OCT2217600PE.NFO,19/10/2022,09:21:00,99.05,99.1,150,99.15,50,4750,1657500
NIFTY20OCT2217600PE.NFO,19/10/2022,09:21:01,99.05,99.05,250,99.25,100,7850,1657500
NIFTY20OCT2217600PE.NFO,19/10/2022,09:21:02,98.6,98.65,200,98.7,150,7150,1657500
NIFTY20OCT2217600PE.NFO,19/10/2022,09:21:03,100,100,350,100.1,50,8050,1657500
NIFTY20OCT2217600PE.NFO,19/10/2022,09:21:04,99.55,99.25,850,99.4,150,6400,1657500
NIFTY20OCT2217600PE.NFO,19/10/2022,09:21:05,99.65,99.55,100,99.7,150,3750,1657500
NIFTY20OCT2217600PE.NFO,19/10/2022,09:21:06,100,100,150,100.2,500,8800,1657500
NIFTY20OCT2217600PE.NFO,19/10/2022,09:21:07,100.45,100.45,750,100.7,150,7600,1657500
NIFTY20OCT2217600PE.NFO,19/10/2022,09:21:08,101.25,101.2,150,101.35,350,10000,1657500
NIFTY20OCT2217600PE.NFO,19/10/2022,09:21:09,101.7,101.65,50,101.8,150,8700,1657500
NIFTY20OCT2217600PE.NFO,19/10/2022,09:21:10,101.5,101.55,100,101.7,50,11650,1657500
NIFTY20OCT2217600PE.NFO,19/10/2022,09:21:11,101.7,101.7,100,101.85,200,9450,1657500
NIFTY20OCT2217600PE.NFO,19/10/2022,09:21:12,101.3,101.05,300,101.25,250,11600,1657500
NIFTY20OCT2217600PE.NFO,19/10/2022,09:21:13,100.25,100.25,650,100.4,150,10200,1657500
NIFTY20OCT2217600PE.NFO,19/10/2022,09:21:14,101.25,101,650,101.2,150,9550,1657500
NIFTY20OCT2217600PE.NFO,19/10/2022,09:21:15,101.05,100.9,250,101.05,250,5100,1657500
NIFTY20OCT2217600PE.NFO,19/10/2022,09:21:16,100.55,100.75,200,100.95,350,8550,1657500
NIFTY20OCT2217600PE.NFO,19/10/2022,09:21:17,100.85,100.85,300,100.9,2500,1150,1657500
NIFTY20OCT2217600PE.NFO,19/10/2022,09:21:18,101.1,101.15,150,101.35,150,8400,1657500
NIFTY20OCT2217600PE.NFO,19/10/2022,09:21:19,101.65,101.65,150,101.8,1700,7350,1657500
NIFTY20OCT2217600PE.NFO,19/10/2022,09:21:20,101,100.8,50,101,750,3050,1657500
NIFTY20OCT2217600PE.NFO,19/10/2022,09:21:21,101.6,101.6,2400,101.8,1450,7950,1657500
NIFTY20OCT2217600PE.NFO,19/10/2022,09:21:22,101.15,101.05,100,101.3,100,12500,1657500
NIFTY20OCT2217600PE.NFO,19/10/2022,09:21:23,101.35,101.1,150,101.3,250,19200,1657500
NIFTY20OCT2217600PE.NFO,19/10/2022,09:21:24,101.5,101.45,300,101.5,2350,1000,1657500
NIFTY20OCT2217600PE.NFO,19/10/2022,09:21:25,101.4,101.4,2550,101.5,2550,7400,1657500
NIFTY20OCT2217600PE.NFO,19/10/2022,09:21:26,101.3,101.5,150,101.65,200,6450,1657500
NIFTY20OCT2217600PE.NFO,19/10/2022,09:21:27,101.65,101.65,150,101.85,50,5550,1657500
NIFTY20OCT2217600PE.NFO,19/10/2022,09:21:28,101.95,101.65,250,101.85,150,4850,1657500
NIFTY20OCT2217600PE.NFO,19/10/2022,09:21:29,101.9,101.65,2850,101.9,250,6350,1657500
NIFTY20OCT2217600PE.NFO,19/10/2022,09:21:30,102.15,101.95,150,102.15,250,14600,1657500
NIFTY20OCT2217600PE.NFO,19/10/2022,09:21:31,101.85,101.65,2550,101.9,250,11700,1657500
NIFTY20OCT2217600PE.NFO,19/10/2022,09:21:32,101.8,101.65,250,101.9,1150,7700,1657500
NIFTY20OCT2217600PE.NFO,19/10/2022,09:21:33,102.1,102.1,1750,102.35,200,9100,1657500
NIFTY20OCT2217600PE.NFO,19/10/2022,09:21:34,102.2,102,150,102.2,300,12200,1657500
NIFTY20OCT2217600PE.NFO,19/10/2022,09:21:35,101.95,101.75,500,101.95,100,14350,1657500
NIFTY20OCT2217600PE.NFO,19/10/2022,09:21:36,102.3,102.3,150,102.55,450,14650,1657500
NIFTY20OCT2217600PE.NFO,19/10/2022,09:21:37,101.9,101.95,300,102.1,2450,5150,1657500
NIFTY20OCT2217600PE.NFO,19/10/2022,09:21:38,102.2,102,1150,102.25,250,7400,1657500
NIFTY20OCT2217600PE.NFO,19/10/2022,09:21:39,102,101.8,250,102,750,8950,1657500
NIFTY20OCT2217600PE.NFO,19/10/2022,09:21:40,101.8,101.8,100,101.95,100,11300,1657500
NIFTY20OCT2217600PE.NFO,19/10/2022,09:21:41,101.3,101.25,150,101.35,50,11950,1657500
NIFTY20OCT2217600PE.NFO,19/10/2022,09:21:42,100.95,100.65,50,100.9,1800,12550,1657500
NIFTY20OCT2217600PE.NFO,19/10/2022,09:21:43,100.6,100.55,1650,100.65,2800,3600,1657500
NIFTY20OCT2217600PE.NFO,19/10/2022,09:21:44,100.35,100.25,2100,100.35,2600,10700,1657500
NIFTY20OCT2217600PE.NFO,19/10/2022,09:21:45,100.75,100.75,350,100.9,250,29850,1657500
NIFTY20OCT2217600PE.NFO,19/10/2022,09:21:46,102.2,102.2,50,102.3,350,18950,1657500
NIFTY20OCT2217600PE.NFO,19/10/2022,09:21:47,101.85,101.6,1650,101.85,350,4850,1657500
NIFTY20OCT2217600PE.NFO,19/10/2022,09:21:48,101.9,101.65,150,101.85,50,5600,1657500
NIFTY20OCT2217600PE.NFO,19/10/2022,09:21:49,101.5,101.45,150,101.6,200,6800,1657500
NIFTY20OCT2217600PE.NFO,19/10/2022,09:21:50,101.65,101.35,350,101.6,150,5200,1657500
NIFTY20OCT2217600PE.NFO,19/10/2022,09:21:51,102,102.15,150,102.35,250,12150,1657500
NIFTY20OCT2217600PE.NFO,19/10/2022,09:21:52,102.1,102.1,200,102.25,50,400,1657500
NIFTY20OCT2217600PE.NFO,19/10/2022,09:21:53,101.4,101.25,50,101.5,2450,19100,1657500
NIFTY20OCT2217600PE.NFO,19/10/2022,09:21:54,100.9,100.9,250,101.15,250,7150,1657500
NIFTY20OCT2217600PE.NFO,19/10/2022,09:21:55,101.45,101.45,150,101.65,50,7300,1657500
NIFTY20OCT2217600PE.NFO,19/10/2022,09:21:56,101,100.95,250,101.2,200,1850,1657500
NIFTY20OCT2217600PE.NFO,19/10/2022,09:21:57,100.75,100.75,150,101,200,8750,1657500
NIFTY20OCT2217600PE.NFO,19/10/2022,09:21:58,101.7,101.65,400,101.8,50,7000,1657500
NIFTY20OCT2217600PE.NFO,19/10/2022,09:21:59,102.3,102.3,150,102.5,200,11950,1657500
NIFTY20OCT2217600PE.NFO,19/10/2022,09:22:00,102.3,102.25,450,102.45,150,7200,1657500
NIFTY20OCT2217600PE.NFO,19/10/2022,09:22:01,102.4,102.2,50,102.4,50,5150,1657500
NIFTY20OCT2217600PE.NFO,19/10/2022,09:22:02,102.1,102.1,100,102.3,50,6450,1657500
NIFTY20OCT2217600PE.NFO,19/10/2022,09:22:03,102.6,102.5,400,102.7,150,2200,1657500
NIFTY20OCT2217600PE.NFO,19/10/2022,09:22:04,102.45,102.25,250,102.45,100,2900,1657500
NIFTY20OCT2217600PE.NFO,19/10/2022,09:22:05,102.75,102.65,50,102.8,100,3500,1657500
NIFTY20OCT2217600PE.NFO,19/10/2022,09:22:06,102.45,102.4,150,102.6,50,1900,1657500
NIFTY20OCT2217600PE.NFO,19/10/2022,09:22:07,102.3,102.15,200,102.35,300,6550,1657500
NIFTY20OCT2217600PE.NFO,19/10/2022,09:22:08,102,101.8,50,102,250,9500,1657500
NIFTY20OCT2217600PE.NFO,19/10/2022,09:22:09,102.25,102,750,102.2,300,4100,1657500
NIFTY20OCT2217600PE.NFO,19/10/2022,09:22:10,102.3,102.3,250,102.5,50,3600,1657500
NIFTY20OCT2217600PE.NFO,19/10/2022,09:22:11,102.4,102.3,50,102.45,250,4750,1657500
NIFTY20OCT2217600PE.NFO,19/10/2022,09:22:12,101.95,101.9,750,101.95,200,20500,1657500
NIFTY20OCT2217600PE.NFO,19/10/2022,09:22:13,101.2,101,100,101.25,1000,6450,1657500
NIFTY20OCT2217600PE.NFO,19/10/2022,09:22:14,101.05,100.8,100,101.05,850,3950,1657500
NIFTY20OCT2217600PE.NFO,19/10/2022,09:22:15,100.75,100.45,200,100.7,50,4650,1657500
NIFTY20OCT2217600PE.NFO,19/10/2022,09:22:16,100.5,100.25,500,100.45,100,5800,1657500
NIFTY20OCT2217600PE.NFO,19/10/2022,09:22:18,101.15,101.05,250,101.3,350,2700,1657500
NIFTY20OCT2217600PE.NFO,19/10/2022,09:22:18,100.7,100.8,50,101,400,1750,1657500
NIFTY20OCT2217600PE.NFO,19/10/2022,09:22:19,101.8,101.65,300,101.85,550,2550,1657500
NIFTY20OCT2217600PE.NFO,19/10/2022,09:22:20,101,101,50,101.15,50,1850,1657500
NIFTY20OCT2217600PE.NFO,19/10/2022,09:22:21,100.45,100.4,300,100.65,50,2050,1657500
NIFTY20OCT2217600PE.NFO,19/10/2022,09:22:22,100.25,100.1,400,100.3,200,20150,1657500
NIFTY20OCT2217600PE.NFO,19/10/2022,09:22:23,100.75,100.65,150,100.85,200,10900,1657500
NIFTY20OCT2217600PE.NFO,19/10/2022,09:22:24,100.55,100.4,50,100.6,50,2950,1657500
NIFTY20OCT2217600PE.NFO,19/10/2022,09:22:25,99.85,99.7,50,99.9,200,4400,1657500
NIFTY20OCT2217600PE.NFO,19/10/2022,09:22:26,100,100,200,100.15,150,6850,1657500
NIFTY20OCT2217600PE.NFO,19/10/2022,09:22:27,100.8,100.75,150,100.95,200,5000,1657500
NIFTY20OCT2217600PE.NFO,19/10/2022,09:22:28,100.3,100.3,150,100.45,200,4200,1657500
NIFTY20OCT2217600PE.NFO,19/10/2022,09:22:29,100.4,100.4,150,100.65,100,3900,1657500
NIFTY20OCT2217600PE.NFO,19/10/2022,09:22:30,100.1,100,100,100.2,1100,3350,1657500
NIFTY20OCT2217600PE.NFO,19/10/2022,09:22:32,100.45,100.65,150,100.8,50,1700,1657500
NIFTY20OCT2217600PE.NFO,19/10/2022,09:22:32,100.45,100.45,250,100.65,150,0,1657500
NIFTY20OCT2217600PE.NFO,19/10/2022,09:22:33,100.8,100.65,200,100.85,300,2300,1657500
NIFTY20OCT2217600PE.NFO,19/10/2022,09:22:34,100.4,100.1,200,100.3,300,14000,1657500
NIFTY20OCT2217600PE.NFO,19/10/2022,09:22:35,100.05,100.05,100,100.3,600,4050,1657500
NIFTY20OCT2217600PE.NFO,19/10/2022,09:22:36,99.9,99.8,150,100,50,6100,1657500
NIFTY20OCT2217600PE.NFO,19/10/2022,09:22:37,100.55,100.35,200,100.6,350,5850,1657500
NIFTY20OCT2217600PE.NFO,19/10/2022,09:22:38,100.45,100.25,250,100.5,50,2550,1657500
NIFTY20OCT2217600PE.NFO,19/10/2022,09:22:39,100.2,100.2,300,100.35,150,1900,1657500
NIFTY20OCT2217600PE.NFO,19/10/2022,09:22:40,100.35,100.25,200,100.35,150,1650,1657500
NIFTY20OCT2217600PE.NFO,19/10/2022,09:22:41,101.7,101.65,900,101.9,50,20900,1657500
NIFTY20OCT2217600PE.NFO,19/10/2022,09:22:42,102.4,102.4,50,102.5,250,3500,1657500
NIFTY20OCT2217600PE.NFO,19/10/2022,09:22:43,103.6,103.5,200,103.7,350,8550,1657500
NIFTY20OCT2217600PE.NFO,19/10/2022,09:22:44,103.05,102.8,150,103,2150,5050,1657500
NIFTY20OCT2217600PE.NFO,19/10/2022,09:22:45,102.6,102.35,300,102.55,150,6400,1657500
NIFTY20OCT2217600PE.NFO,19/10/2022,09:22:46,102.3,102.1,150,102.3,150,8000,1657500
NIFTY20OCT2217600PE.NFO,19/10/2022,09:22:47,102.45,102.15,250,102.4,50,5450,1657500
NIFTY20OCT2217600PE.NFO,19/10/2022,09:22:48,102.4,102.05,150,102.25,200,6650,1657500
NIFTY20OCT2217600PE.NFO,19/10/2022,09:22:49,101.95,101.85,300,102,150,4200,1657500
NIFTY20OCT2217600PE.NFO,19/10/2022,09:22:50,102.45,102.4,250,102.65,200,7850,1657500
NIFTY20OCT2217600PE.NFO,19/10/2022,09:22:51,102.85,102.65,50,102.8,100,3150,1657500
NIFTY20OCT2217600PE.NFO,19/10/2022,09:22:52,102.3,102.2,550,102.45,100,8000,1657500
NIFTY20OCT2217600PE.NFO,19/10/2022,09:22:54,102.1,102.05,450,102.25,150,7550,1657500
NIFTY20OCT2217600PE.NFO,19/10/2022,09:22:54,102.05,102,50,102.2,200,100,1657500
NIFTY20OCT2217600PE.NFO,19/10/2022,09:22:55,101.4,101.4,300,101.6,150,5400,1657500
NIFTY20OCT2217600PE.NFO,19/10/2022,09:22:56,101.9,101.7,150,101.9,200,10350,1657500
NIFTY20OCT2217600PE.NFO,19/10/2022,09:22:57,101.85,101.9,150,102.15,400,3150,1657500
NIFTY20OCT2217600PE.NFO,19/10/2022,09:22:58,100.4,100.4,100,100.55,350,15050,1657500
NIFTY20OCT2217600PE.NFO,19/10/2022,09:22:59,100.7,100.55,50,100.7,150,5700,1657500
NIFTY20OCT2217600PE.NFO,19/10/2022,09:23:00,100.65,100.5,900,100.7,300,2500,1657500
NIFTY20OCT2217600PE.NFO,19/10/2022,09:23:01,101.15,101.1,150,101.3,350,2700,1657500
NIFTY20OCT2217600PE.NFO,19/10/2022,09:23:02,101,100.9,300,101.1,150,3000,1657500
NIFTY20OCT2217600PE.NFO,19/10/2022,09:23:04,100.3,100.2,200,100.45,200,3050,1657500
NIFTY20OCT2217600PE.NFO,19/10/2022,09:23:04,100.4,100.2,300,100.45,200,850,1657500
NIFTY20OCT2217600PE.NFO,19/10/2022,09:23:05,100.85,100.6,350,100.85,150,12950,1657500
NIFTY20OCT2217600PE.NFO,19/10/2022,09:23:06,100.65,100.45,250,100.65,400,4900,1657500
NIFTY20OCT2217600PE.NFO,19/10/2022,09:23:07,100.5,100.5,50,100.6,50,3050,1657500
NIFTY20OCT2217600PE.NFO,19/10/2022,09:23:08,100.35,100.2,200,100.35,50,2650,1657500
NIFTY20OCT2217600PE.NFO,19/10/2022,09:23:09,100,100,13200,100.2,450,5750,1657500
NIFTY20OCT2217600PE.NFO,19/10/2022,09:23:11,99.75,99.5,200,99.65,50,22600,1657500
NIFTY20OCT2217600PE.NFO,19/10/2022,09:23:11,99.4,99.4,150,99.6,150,600,1657500
NIFTY20OCT2217600PE.NFO,19/10/2022,09:23:12,99.25,99.35,50,99.4,50,3300,1657500
NIFTY20OCT2217600PE.NFO,19/10/2022,09:23:13,98.8,98.7,1150,98.85,350,15700,1657500
NIFTY20OCT2217600PE.NFO,19/10/2022,09:23:14,98.5,98.3,200,98.5,250,9900,1657500
NIFTY20OCT2217600PE.NFO,19/10/2022,09:23:15,98.7,98.7,300,98.75,50,5650,1657500
NIFTY20OCT2217600PE.NFO,19/10/2022,09:23:16,98.55,98.3,350,98.55,550,8450,1657500
NIFTY20OCT2217600PE.NFO,19/10/2022,09:23:17,98.25,98.05,100,98.25,400,4050,1657500
NIFTY20OCT2217600PE.NFO,19/10/2022,09:23:18,98.6,98.45,50,98.65,250,6300,1657500
NIFTY20OCT2217600PE.NFO,19/10/2022,09:23:19,98.25,98.25,250,98.4,50,5400,1657500
NIFTY20OCT2217600PE.NFO,19/10/2022,09:23:20,97.55,97.55,300,97.7,100,16350,1657500
NIFTY20OCT2217600PE.NFO,19/10/2022,09:23:21,98,97.8,200,98,200,6100,1657500
NIFTY20OCT2217600PE.NFO,19/10/2022,09:23:22,98.1,98.1,300,98.25,200,4700,1657500
NIFTY20OCT2217600PE.NFO,19/10/2022,09:23:23,98.65,98.55,100,98.75,250,9000,1657500
NIFTY20OCT2217600PE.NFO,19/10/2022,09:23:25,98.45,98.35,300,98.55,400,2650,1657500
NIFTY20OCT2217600PE.NFO,19/10/2022,09:23:25,98.5,98.3,100,98.5,200,250,1657500
NIFTY20OCT2217600PE.NFO,19/10/2022,09:23:26,99.1,99.1,150,99.25,200,4500,1657500
NIFTY20OCT2217600PE.NFO,19/10/2022,09:23:27,100.2,100.25,150,100.45,200,11400,1657500
NIFTY20OCT2217600PE.NFO,19/10/2022,09:23:28,100.35,100.45,150,100.65,200,8400,1657500
NIFTY20OCT2217600PE.NFO,19/10/2022,09:23:29,100.7,100.8,150,100.95,450,7150,1657500
NIFTY20OCT2217600PE.NFO,19/10/2022,09:23:30,101.15,101.15,350,101.35,100,7550,1657500
NIFTY20OCT2217600PE.NFO,19/10/2022,09:23:31,101,100.75,50,100.95,300,2350,1657500
NIFTY20OCT2217600PE.NFO,19/10/2022,09:23:32,100.9,100.7,1600,100.95,550,3950,1657500
NIFTY20OCT2217600PE.NFO,19/10/2022,09:23:33,100.95,100.85,50,101,100,5200,1657500
NIFTY20OCT2217600PE.NFO,19/10/2022,09:23:34,100.8,100.55,50,100.8,1550,1350,1657500
NIFTY20OCT2217600PE.NFO,19/10/2022,09:23:35,101,100.85,100,101,1050,2050,1657500
NIFTY20OCT2217600PE.NFO,19/10/2022,09:23:36,101,101,400,101.15,1150,4500,1657500
NIFTY20OCT2217600PE.NFO,19/10/2022,09:23:37,100.5,100.5,100,100.6,50,3850,1657500
NIFTY20OCT2217600PE.NFO,19/10/2022,09:23:38,101.1,101.15,250,101.4,150,3800,1657500
NIFTY20OCT2217600PE.NFO,19/10/2022,09:23:39,101.55,101.55,50,101.75,150,4750,1657500
NIFTY20OCT2217600PE.NFO,19/10/2022,09:23:40,100.95,100.85,50,100.95,150,8100,1974150
NIFTY20OCT2217600PE.NFO,19/10/2022,09:23:41,100.85,100.85,100,101.05,300,2800,1974150
NIFTY20OCT2217600PE.NFO,19/10/2022,09:23:42,100.65,100.65,150,100.75,300,7350,1974150
NIFTY20OCT2217600PE.NFO,19/10/2022,09:23:43,100.9,100.75,150,100.9,150,3800,1974150
NIFTY20OCT2217600PE.NFO,19/10/2022,09:23:44,100.9,100.9,150,101.05,500,2450,1974150
NIFTY20OCT2217600PE.NFO,19/10/2022,09:23:45,100.5,100.3,300,100.5,200,6050,1974150
NIFTY20OCT2217600PE.NFO,19/10/2022,09:23:46,100.1,100.05,200,100.1,50,4750,1974150
NIFTY20OCT2217600PE.NFO,19/10/2022,09:23:47,99.6,99.35,200,99.5,350,11950,1974150
NIFTY20OCT2217600PE.NFO,19/10/2022,09:23:48,99.8,99.65,50,99.85,300,17700,1974150
NIFTY20OCT2217600PE.NFO,19/10/2022,09:23:49,99.1,99.05,50,99.25,500,2350,1974150
NIFTY20OCT2217600PE.NFO,19/10/2022,09:23:50,99.25,99.1,100,99.25,50,1600,1974150
NIFTY20OCT2217600PE.NFO,19/10/2022,09:23:51,98.8,98.8,150,99,350,2650,1974150
NIFTY20OCT2217600PE.NFO,19/10/2022,09:23:52,98.4,98.4,1850,98.5,200,1200,1974150
NIFTY20OCT2217600PE.NFO,19/10/2022,09:23:53,98.4,98.2,850,98.45,500,9750,1974150
NIFTY20OCT2217600PE.NFO,19/10/2022,09:23:54,98.4,98.2,250,98.45,350,2600,1974150
NIFTY20OCT2217600PE.NFO,19/10/2022,09:23:55,98.2,98.1,600,98.3,250,4150,1974150
NIFTY20OCT2217600PE.NFO,19/10/2022,09:23:56,98.65,98.45,200,98.65,100,2150,1974150
NIFTY20OCT2217600PE.NFO,19/10/2022,09:23:57,98.8,98.95,300,99.05,50,5850,1974150
NIFTY20OCT2217600PE.NFO,19/10/2022,09:23:58,98.9,98.95,300,99.15,250,2200,1974150
NIFTY20OCT2217600PE.NFO,19/10/2022,09:23:59,99,98.95,50,99.15,50,3350,1974150
NIFTY20OCT2217600PE.NFO,19/10/2022,09:24:00,98.8,98.65,50,98.7,150,6050,1974150
NIFTY20OCT2217600PE.NFO,19/10/2022,09:24:01,98.6,98.6,350,98.7,150,5000,1974150
NIFTY20OCT2217600PE.NFO,19/10/2022,09:24:02,98.8,98.7,350,98.9,450,4350,1974150
NIFTY20OCT2217600PE.NFO,19/10/2022,09:24:03,98.4,98.45,100,98.65,250,2950,1974150
NIFTY20OCT2217600PE.NFO,19/10/2022,09:24:04,98.7,98.55,100,98.7,150,3600,1974150
NIFTY20OCT2217600PE.NFO,19/10/2022,09:24:05,98,98,5800,98.05,550,7800,1974150
NIFTY20OCT2217600PE.NFO,19/10/2022,09:24:06,98.25,98.1,100,98.3,400,6950,1974150
NIFTY20OCT2217600PE.NFO,19/10/2022,09:24:07,98.4,98.25,200,98.45,100,2350,1974150
NIFTY20OCT2217600PE.NFO,19/10/2022,09:24:08,98.75,98.55,500,98.75,100,6650,1974150
NIFTY20OCT2217600PE.NFO,19/10/2022,09:24:09,98.45,98.6,50,98.75,50,1700,1974150
NIFTY20OCT2217600PE.NFO,19/10/2022,09:24:10,98.4,98.4,150,98.6,350,650,1974150
NIFTY20OCT2217600PE.NFO,19/10/2022,09:24:11,98.65,98.65,700,98.85,250,1700,1974150
NIFTY20OCT2217600PE.NFO,19/10/2022,09:24:12,99.05,98.95,1050,99.15,200,1050,1974150
NIFTY20OCT2217600PE.NFO,19/10/2022,09:24:13,99.2,99.2,50,99.3,200,2300,1974150
NIFTY20OCT2217600PE.NFO,19/10/2022,09:24:14,99.8,99.8,200,100,100,8900,1974150
NIFTY20OCT2217600PE.NFO,19/10/2022,09:24:15,99.3,99.4,50,99.6,100,4900,1974150
NIFTY20OCT2217600PE.NFO,19/10/2022,09:24:16,99.15,99.15,2200,99.25,50,9700,1974150
NIFTY20OCT2217600PE.NFO,19/10/2022,09:24:17,99.05,98.85,50,99.05,150,3800,1974150
NIFTY20OCT2217600PE.NFO,19/10/2022,09:24:18,99.05,98.8,250,99.05,200,2800,1974150
NIFTY20OCT2217600PE.NFO,19/10/2022,09:24:19,98.7,98.5,100,98.75,1700,3750,1974150
NIFTY20OCT2217600PE.NFO,19/10/2022,09:24:20,98.85,98.7,250,98.9,150,3600,1974150
NIFTY20OCT2217600PE.NFO,19/10/2022,09:24:21,98.25,98.25,900,98.35,150,5150,1974150
NIFTY20OCT2217600PE.NFO,19/10/2022,09:24:22,98.35,98.05,250,98.2,200,4150,1974150
NIFTY20OCT2217600PE.NFO,19/10/2022,09:24:23,98.15,98,6950,98.15,50,8850,1974150
NIFTY20OCT2217600PE.NFO,19/10/2022,09:24:25,96.7,96.55,100,96.75,200,43850,1974150
NIFTY20OCT2217600PE.NFO,19/10/2022,09:24:25,96.6,96.55,100,96.75,200,0,1974150
NIFTY20OCT2217600PE.NFO,19/10/2022,09:24:25,97,96.85,700,97.1,1050,6300,1974150
NIFTY20OCT2217600PE.NFO,19/10/2022,09:24:26,96.7,96.75,1250,96.95,200,6900,1974150
NIFTY20OCT2217600PE.NFO,19/10/2022,09:24:27,96.9,96.6,50,96.8,200,3250,1974150
NIFTY20OCT2217600PE.NFO,19/10/2022,09:24:27,96.55,96.6,50,96.8,200,0,1974150
NIFTY20OCT2217600PE.NFO,19/10/2022,09:24:28,96.45,96.2,50,96.4,400,6550,1974150
NIFTY20OCT2217600PE.NFO,19/10/2022,09:24:28,96.2,96.2,50,96.4,400,0,1974150
NIFTY20OCT2217600PE.NFO,19/10/2022,09:24:29,95.8,95.65,500,95.8,50,14150,1974150
NIFTY20OCT2217600PE.NFO,19/10/2022,09:24:29,95.5,95.65,500,95.8,50,0,1974150
NIFTY20OCT2217600PE.NFO,19/10/2022,09:24:30,95.55,95.5,200,95.65,200,3700,1974150
NIFTY20OCT2217600PE.NFO,19/10/2022,09:24:30,95.4,95.5,200,95.65,200,0,1974150
NIFTY20OCT2217600PE.NFO,19/10/2022,09:24:31,95.3,95.1,100,95.3,400,12700,1974150
NIFTY20OCT2217600PE.NFO,19/10/2022,09:24:31,95.05,95.1,100,95.3,400,0,1974150
NIFTY20OCT2217600PE.NFO,19/10/2022,09:24:33,95,95,11400,95.15,100,30000,1974150
NIFTY20OCT2217600PE.NFO,19/10/2022,09:24:33,95,95,11400,95.15,100,0,1974150
NIFTY20OCT2217600PE.NFO,19/10/2022,09:24:34,95,94.8,600,95,650,18450,1974150
NIFTY20OCT2217600PE.NFO,19/10/2022,09:24:34,94.55,94.8,600,95,650,0,1974150
NIFTY20OCT2217600PE.NFO,19/10/2022,09:24:35,94.85,94.65,100,94.85,50,18850,1974150
NIFTY20OCT2217600PE.NFO,19/10/2022,09:24:35,94.25,94.65,100,94.85,50,0,1974150
NIFTY20OCT2217600PE.NFO,19/10/2022,09:24:35,94.55,94.55,250,94.75,350,750,1974150
NIFTY20OCT2217600PE.NFO,19/10/2022,09:24:36,94.6,94.45,950,94.6,50,18250,1974150
NIFTY20OCT2217600PE.NFO,19/10/2022,09:24:36,93.75,94.45,950,94.6,50,0,1974150
NIFTY20OCT2217600PE.NFO,19/10/2022,09:24:37,93.65,93.65,950,93.9,200,13400,1974150
NIFTY20OCT2217600PE.NFO,19/10/2022,09:24:37,93.65,93.65,950,93.9,200,0,1974150
NIFTY20OCT2217600PE.NFO,19/10/2022,09:24:38,94.25,94.3,150,94.45,200,16050,1974150
NIFTY20OCT2217600PE.NFO,19/10/2022,09:24:38,93.35,94.3,150,94.45,200,0,1974150
NIFTY20OCT2217600PE.NFO,19/10/2022,09:24:39,93.85,93.65,150,93.85,300,12250,1974150
NIFTY20OCT2217600PE.NFO,19/10/2022,09:24:40,93.85,93.85,400,93.9,650,11500,1974150
NIFTY20OCT2217600PE.NFO,19/10/2022,09:24:41,94.1,94.15,150,94.35,200,8500,1974150
NIFTY20OCT2217600PE.NFO,19/10/2022,09:24:43,93.05,93,350,93.15,500,28150,1974150
NIFTY20OCT2217600PE.NFO,19/10/2022,09:24:43,92.55,93,350,93.15,500,0,1974150
NIFTY20OCT2217600PE.NFO,19/10/2022,09:24:44,93.7,93.6,100,93.75,1250,18700,1974150
NIFTY20OCT2217600PE.NFO,19/10/2022,09:24:45,93.45,93.4,2000,93.6,150,12950,1974150
NIFTY20OCT2217600PE.NFO,19/10/2022,09:24:45,93.6,93.4,1900,93.6,550,1050,1974150
NIFTY20OCT2217600PE.NFO,19/10/2022,09:24:46,93.6,93.65,150,93.8,800,7750,1974150
NIFTY20OCT2217600PE.NFO,19/10/2022,09:24:47,93.8,93.8,50,93.9,2450,4200,1974150
NIFTY20OCT2217600PE.NFO,19/10/2022,09:24:49,93.05,93.05,300,93.25,400,12150,1974150
NIFTY20OCT2217600PE.NFO,19/10/2022,09:24:50,93.45,93.2,200,93.4,700,31600,1974150
NIFTY20OCT2217600PE.NFO,19/10/2022,09:24:51,93.1,92.85,50,93.05,50,16500,1974150
NIFTY20OCT2217600PE.NFO,19/10/2022,09:24:52,93.4,93.4,2300,93.6,50,5800,1974150
NIFTY20OCT2217600PE.NFO,19/10/2022,09:24:53,94.1,93.85,100,94.05,200,6000,1974150
NIFTY20OCT2217600PE.NFO,19/10/2022,09:24:53,94.1,93.9,1300,94.15,400,3150,1974150
NIFTY20OCT2217600PE.NFO,19/10/2022,09:24:54,93.4,93.55,100,93.65,100,5800,1974150
NIFTY20OCT2217600PE.NFO,19/10/2022,09:24:55,93.85,93.75,100,93.95,1050,11900,1974150
NIFTY20OCT2217600PE.NFO,19/10/2022,09:24:56,93.65,93.65,1150,93.8,400,3850,1974150
NIFTY20OCT2217600PE.NFO,19/10/2022,09:24:57,94.2,93.95,250,94.2,300,7650,1974150
NIFTY20OCT2217600PE.NFO,19/10/2022,09:24:58,94.05,93.9,100,94.1,150,7750,1974150
NIFTY20OCT2217600PE.NFO,19/10/2022,09:25:00,94.35,94.4,950,94.6,100,17550,1974150
NIFTY20OCT2217600PE.NFO,19/10/2022,09:25:00,94.8,94.85,800,95.05,100,1600,1974150
NIFTY20OCT2217600PE.NFO,19/10/2022,09:25:01,95.45,95.5,850,95.75,250,10800,1974150
NIFTY20OCT2217600PE.NFO,19/10/2022,09:25:02,95.8,95.85,450,96.1,50,9650,1974150
NIFTY20OCT2217600PE.NFO,19/10/2022,09:25:04,96.25,96.2,50,96.35,200,14600,1974150
NIFTY20OCT2217600PE.NFO,19/10/2022,09:25:05,96.15,96.1,150,96.25,750,11050,1974150
NIFTY20OCT2217600PE.NFO,19/10/2022,09:25:06,96.15,95.85,500,96.05,50,9250,1974150
NIFTY20OCT2217600PE.NFO,19/10/2022,09:25:06,96.1,96.1,800,96.2,150,2850,1974150
NIFTY20OCT2217600PE.NFO,19/10/2022,09:25:07,94.9,94.7,500,94.9,200,16500,1974150
NIFTY20OCT2217600PE.NFO,19/10/2022,09:25:08,95.05,94.9,150,95.1,500,4950,1974150
NIFTY20OCT2217600PE.NFO,19/10/2022,09:25:09,95,95,150,95.2,2450,5050,1974150
NIFTY20OCT2217600PE.NFO,19/10/2022,09:25:10,95.55,95.45,150,95.65,500,5600,1974150
NIFTY20OCT2217600PE.NFO,19/10/2022,09:25:11,96.7,96.6,150,96.75,50,5900,1974150
NIFTY20OCT2217600PE.NFO,19/10/2022,09:25:12,95.6,95.55,250,95.7,700,16550,1974150
NIFTY20OCT2217600PE.NFO,19/10/2022,09:25:13,96,95.9,200,96,1350,6200,1974150
NIFTY20OCT2217600PE.NFO,19/10/2022,09:25:14,96.35,96.2,300,96.4,200,10100,1974150
NIFTY20OCT2217600PE.NFO,19/10/2022,09:25:15,95.95,95.75,50,95.85,200,6150,1974150
NIFTY20OCT2217600PE.NFO,19/10/2022,09:25:16,96.25,96.3,200,96.5,1600,6350,1974150
NIFTY20OCT2217600PE.NFO,19/10/2022,09:25:18,96.9,96.75,200,96.9,50,9400,1974150
NIFTY20OCT2217600PE.NFO,19/10/2022,09:25:18,96.95,96.75,200,97,5300,2000,1974150
NIFTY20OCT2217600PE.NFO,19/10/2022,09:25:19,96.05,96.05,900,96.25,200,7100,1974150
NIFTY20OCT2217600PE.NFO,19/10/2022,09:25:20,96.95,96.95,150,97.15,150,12300,1974150
NIFTY20OCT2217600PE.NFO,19/10/2022,09:25:21,96.95,96.75,400,96.95,200,10100,1974150
NIFTY20OCT2217600PE.NFO,19/10/2022,09:25:22,96.3,96,1900,96.2,150,5100,1974150
NIFTY20OCT2217600PE.NFO,19/10/2022,09:25:23,96.8,96.65,150,96.8,600,8200,1974150
NIFTY20OCT2217600PE.NFO,19/10/2022,09:25:24,96.75,96.55,450,96.8,300,4650,1974150
NIFTY20OCT2217600PE.NFO,19/10/2022,09:25:25,96.25,96.35,1600,96.5,50,7850,1974150
NIFTY20OCT2217600PE.NFO,19/10/2022,09:25:26,96.6,96.35,1200,96.6,500,4300,1974150
NIFTY20OCT2217600PE.NFO,19/10/2022,09:25:28,96.8,96.75,650,96.95,400,3800,1974150
NIFTY20OCT2217600PE.NFO,19/10/2022,09:25:29,96.5,96.45,500,96.6,300,3100,1974150
NIFTY20OCT2217600PE.NFO,19/10/2022,09:25:29,96.25,96.15,450,96.35,100,1000,1974150
NIFTY20OCT2217600PE.NFO,19/10/2022,09:25:30,95.9,95.9,300,96.05,100,10950,1974150
NIFTY20OCT2217600PE.NFO,19/10/2022,09:25:31,96.8,96.5,150,96.7,850,2550,1974150
NIFTY20OCT2217600PE.NFO,19/10/2022,09:25:32,96.75,96.7,200,96.9,1050,3300,1974150
NIFTY20OCT2217600PE.NFO,19/10/2022,09:25:34,96.6,96.35,400,96.55,550,3550,1974150
NIFTY20OCT2217600PE.NFO,19/10/2022,09:25:34,96.75,96.7,350,96.85,900,3600,1974150
NIFTY20OCT2217600PE.NFO,19/10/2022,09:25:35,97.45,97.2,650,97.45,1900,10250,1974150
NIFTY20OCT2217600PE.NFO,19/10/2022,09:25:36,97.15,97.15,550,97.25,50,4350,1974150
NIFTY20OCT2217600PE.NFO,19/10/2022,09:25:37,97.2,97.15,1600,97.35,50,11000,1974150
NIFTY20OCT2217600PE.NFO,19/10/2022,09:25:38,97.45,97.2,300,97.4,450,3200,1974150
NIFTY20OCT2217600PE.NFO,19/10/2022,09:25:39,97.25,97.05,300,97.25,300,5100,1974150
NIFTY20OCT2217600PE.NFO,19/10/2022,09:25:40,96.3,96.3,750,96.5,250,45650,1974150
NIFTY20OCT2217600PE.NFO,19/10/2022,09:25:41,96.3,96.25,550,96.45,1600,7450,1974150
NIFTY20OCT2217600PE.NFO,19/10/2022,09:25:42,96,96,1950,96.2,1950,7650,1974150
NIFTY20OCT2217600PE.NFO,19/10/2022,09:25:43,96.35,96.2,750,96.4,500,3900,1974150
NIFTY20OCT2217600PE.NFO,19/10/2022,09:25:44,96.6,96.4,450,96.6,2650,5400,1974150
NIFTY20OCT2217600PE.NFO,19/10/2022,09:25:45,96.35,96.15,400,96.35,250,11250,1974150
NIFTY20OCT2217600PE.NFO,19/10/2022,09:25:47,96.8,96.75,250,96.85,100,4950,1974150
NIFTY20OCT2217600PE.NFO,19/10/2022,09:25:47,96.9,96.8,250,96.9,350,1400,1974150
NIFTY20OCT2217600PE.NFO,19/10/2022,09:25:48,97.15,96.9,500,97.1,750,5850,1974150
NIFTY20OCT2217600PE.NFO,19/10/2022,09:25:49,97.25,97.05,400,97.25,100,3150,1974150
NIFTY20OCT2217600PE.NFO,19/10/2022,09:25:50,97.5,97.3,1100,97.5,4300,8450,1974150
NIFTY20OCT2217600PE.NFO,19/10/2022,09:25:52,97.45,97.45,450,97.7,1800,7450,1974150
NIFTY20OCT2217600PE.NFO,19/10/2022,09:25:52,97.6,97.4,750,97.45,600,3950,1974150
NIFTY20OCT2217600PE.NFO,19/10/2022,09:25:53,97.85,97.7,150,97.85,300,5750,1974150
NIFTY20OCT2217600PE.NFO,19/10/2022,09:25:54,98,97.85,50,98,3250,4900,1974150
NIFTY20OCT2217600PE.NFO,19/10/2022,09:25:55,97.6,97.6,950,97.8,100,11050,1974150
NIFTY20OCT2217600PE.NFO,19/10/2022,09:25:56,97.6,97.4,400,97.6,100,2050,1974150
NIFTY20OCT2217600PE.NFO,19/10/2022,09:25:57,97.7,97.5,50,97.7,2600,8650,1974150
NIFTY20OCT2217600PE.NFO,19/10/2022,09:25:58,98,97.85,150,98,500,7700,1974150
NIFTY20OCT2217600PE.NFO,19/10/2022,09:25:59,97.4,97.25,550,97.45,1100,35000,1974150
NIFTY20OCT2217600PE.NFO,19/10/2022,09:26:00,97.5,97.35,600,97.6,1400,18650,1974150
NIFTY20OCT2217600PE.NFO,19/10/2022,09:26:01,97.4,97.45,150,97.6,300,4200,1974150
NIFTY20OCT2217600PE.NFO,19/10/2022,09:26:03,97.25,97.25,650,97.5,2550,2900,1974150
NIFTY20OCT2217600PE.NFO,19/10/2022,09:26:03,97.05,97.15,50,97.3,600,1200,1974150
NIFTY20OCT2217600PE.NFO,19/10/2022,09:26:04,97.05,96.75,650,96.95,500,8650,1974150
NIFTY20OCT2217600PE.NFO,19/10/2022,09:26:06,97.35,97.2,350,97.4,1100,2200,1974150
NIFTY20OCT2217600PE.NFO,19/10/2022,09:26:06,97.4,97.3,3450,97.55,600,7450,1974150
NIFTY20OCT2217600PE.NFO,19/10/2022,09:26:08,97.15,96.95,750,97.15,300,3700,1974150
NIFTY20OCT2217600PE.NFO,19/10/2022,09:26:08,97.15,97,50,97.2,350,600,1974150
NIFTY20OCT2217600PE.NFO,19/10/2022,09:26:09,97,97.05,150,97.2,200,3200,1974150
NIFTY20OCT2217600PE.NFO,19/10/2022,09:26:10,97.3,97.3,750,97.45,200,5550,1974150
NIFTY20OCT2217600PE.NFO,19/10/2022,09:26:11,97.1,97.05,950,97.3,200,2850,1974150
NIFTY20OCT2217600PE.NFO,19/10/2022,09:26:12,97.45,97.35,150,97.5,200,4900,1974150
NIFTY20OCT2217600PE.NFO,19/10/2022,09:26:14,97.85,97.9,150,98,1850,3100,1974150
NIFTY20OCT2217600PE.NFO,19/10/2022,09:26:14,98.3,98.05,500,98.2,550,5100,1974150
NIFTY20OCT2217600PE.NFO,19/10/2022,09:26:15,97.95,97.9,150,98,150,4950,1974150
NIFTY20OCT2217600PE.NFO,19/10/2022,09:26:16,98.25,97.95,2050,98.2,350,7800,1974150
NIFTY20OCT2217600PE.NFO,19/10/2022,09:26:18,98.5,98.25,1150,98.45,50,6350,1974150
NIFTY20OCT2217600PE.NFO,19/10/2022,09:26:18,98.45,98.2,700,98.4,50,3100,1974150
NIFTY20OCT2217600PE.NFO,19/10/2022,09:26:19,98.4,98.25,600,98.4,100,6850,1974150
NIFTY20OCT2217600PE.NFO,19/10/2022,09:26:20,98.55,98.35,50,98.5,150,5850,1974150
NIFTY20OCT2217600PE.NFO,19/10/2022,09:26:21,98.3,98.15,150,98.3,50,10700,1974150
NIFTY20OCT2217600PE.NFO,19/10/2022,09:26:22,98.6,98.4,200,98.55,200,6000,1974150
NIFTY20OCT2217600PE.NFO,19/10/2022,09:26:23,98.4,98.2,100,98.4,600,7250,1974150
NIFTY20OCT2217600PE.NFO,19/10/2022,09:26:24,98.5,98.35,50,98.5,3600,3050,1974150
NIFTY20OCT2217600PE.NFO,19/10/2022,09:26:25,98.15,98.15,1550,98.4,350,8100,1974150
NIFTY20OCT2217600PE.NFO,19/10/2022,09:26:26,98.25,98.05,350,98.25,100,5700,1974150
NIFTY20OCT2217600PE.NFO,19/10/2022,09:26:28,98.35,98.3,200,98.35,50,1650,1974150
NIFTY20OCT2217600PE.NFO,19/10/2022,09:26:28,98.6,98.6,150,98.7,50,3400,1974150
NIFTY20OCT2217600PE.NFO,19/10/2022,09:26:29,99.1,98.85,650,99.1,1150,20150,1974150
NIFTY20OCT2217600PE.NFO,19/10/2022,09:26:30,99.15,99.2,150,99.35,450,6750,1974150
NIFTY20OCT2217600PE.NFO,19/10/2022,09:26:31,99.9,99.55,450,99.75,50,9600,1974150
NIFTY20OCT2217600PE.NFO,19/10/2022,09:26:32,100.05,99.95,150,100.1,100,30650,1974150
NIFTY20OCT2217600PE.NFO,19/10/2022,09:26:33,100.8,100.5,250,100.7,250,3750,1974150
NIFTY20OCT2217600PE.NFO,19/10/2022,09:26:34,100.85,100.7,1800,100.9,200,11100,1974150
NIFTY20OCT2217600PE.NFO,19/10/2022,09:26:35,101,100.8,350,101,2550,11900,1974150
NIFTY20OCT2217600PE.NFO,19/10/2022,09:26:37,101.5,101.15,350,101.35,100,23900,1974150
NIFTY20OCT2217600PE.NFO,19/10/2022,09:26:38,102,101.85,700,102,400,19350,1974150
NIFTY20OCT2217600PE.NFO,19/10/2022,09:26:39,102.55,102.35,50,102.5,100,8950,1974150
NIFTY20OCT2217600PE.NFO,19/10/2022,09:26:39,102.45,102.3,50,102.45,350,550,2286650
NIFTY20OCT2217600PE.NFO,19/10/2022,09:26:40,102.85,102.7,450,102.9,650,14850,2286650
NIFTY20OCT2217600PE.NFO,19/10/2022,09:26:42,101.6,101.7,200,101.9,100,17300,2286650
NIFTY20OCT2217600PE.NFO,19/10/2022,09:26:42,101.7,101.5,250,101.7,100,3100,2286650
NIFTY20OCT2217600PE.NFO,19/10/2022,09:26:43,101.95,101.75,200,101.95,100,15050,2286650
NIFTY20OCT2217600PE.NFO,19/10/2022,09:26:44,101.65,101.6,50,101.8,100,9350,2286650
NIFTY20OCT2217600PE.NFO,19/10/2022,09:26:46,101.35,101.2,150,101.4,700,9950,2286650
NIFTY20OCT2217600PE.NFO,19/10/2022,09:26:47,101,100.8,200,101,100,14750,2286650
NIFTY20OCT2217600PE.NFO,19/10/2022,09:26:48,101.95,101.8,100,102,3800,7450,2286650
NIFTY20OCT2217600PE.NFO,19/10/2022,09:26:49,102.15,102,900,102.2,400,12550,2286650
NIFTY20OCT2217600PE.NFO,19/10/2022,09:26:50,102.45,102.35,150,102.55,50,7950,2286650
NIFTY20OCT2217600PE.NFO,19/10/2022,09:26:51,102.3,102.3,250,102.5,600,3750,2286650
NIFTY20OCT2217600PE.NFO,19/10/2022,09:26:52,102.25,102.2,650,102.45,150,8250,2286650
NIFTY20OCT2217600PE.NFO,19/10/2022,09:26:52,102.35,102.2,150,102.45,50,9150,2286650
NIFTY20OCT2217600PE.NFO,19/10/2022,09:26:54,101.75,101.75,50,101.95,150,15350,2286650
NIFTY20OCT2217600PE.NFO,19/10/2022,09:26:55,101.8,101.5,750,101.75,350,12400,2286650
NIFTY20OCT2217600PE.NFO,19/10/2022,09:26:55,101.7,101.45,300,101.7,50,6000,2286650
NIFTY20OCT2217600PE.NFO,19/10/2022,09:26:56,101.65,101.65,50,101.85,150,3650,2286650
NIFTY20OCT2217600PE.NFO,19/10/2022,09:26:57,101.8,101.6,150,101.85,250,6800,2286650
NIFTY20OCT2217600PE.NFO,19/10/2022,09:26:59,102,101.9,50,102.15,350,6000,2286650
NIFTY20OCT2217600PE.NFO,19/10/2022,09:27:00,102,101.8,150,102,50,6000,2286650
NIFTY20OCT2217600PE.NFO,19/10/2022,09:27:01,102.25,102.15,50,102.35,450,16600,2286650
NIFTY20OCT2217600PE.NFO,19/10/2022,09:27:01,101.95,102,250,102.2,50,350,2286650
NIFTY20OCT2217600PE.NFO,19/10/2022,09:27:02,102.05,102.05,150,102.3,300,4150,2286650
NIFTY20OCT2217600PE.NFO,19/10/2022,09:27:03,102.55,102.25,450,102.45,150,7100,2286650
NIFTY20OCT2217600PE.NFO,19/10/2022,09:27:04,101.5,101.35,100,101.5,1900,11950,2286650
NIFTY20OCT2217600PE.NFO,19/10/2022,09:27:05,102,101.8,50,102,500,12250,2286650
NIFTY20OCT2217600PE.NFO,19/10/2022,09:27:06,101.7,101.45,100,101.65,100,5150,2286650
NIFTY20OCT2217600PE.NFO,19/10/2022,09:27:07,101.6,101.6,250,101.85,750,9750,2286650
NIFTY20OCT2217600PE.NFO,19/10/2022,09:27:08,102,101.75,850,102,3450,3550,2286650
NIFTY20OCT2217600PE.NFO,19/10/2022,09:27:09,101.6,101.5,500,101.7,300,6100,2286650
NIFTY20OCT2217600PE.NFO,19/10/2022,09:27:11,101.2,101.15,150,101.2,100,9150,2286650
NIFTY20OCT2217600PE.NFO,19/10/2022,09:27:11,101.05,101.1,200,101.3,150,2600,2286650
NIFTY20OCT2217600PE.NFO,19/10/2022,09:27:13,101.85,101.8,1350,102,4050,8500,2286650
NIFTY20OCT2217600PE.NFO,19/10/2022,09:27:13,101.45,101.55,550,101.8,200,4150,2286650
NIFTY20OCT2217600PE.NFO,19/10/2022,09:27:15,101.45,101.45,100,101.65,300,4950,2286650
NIFTY20OCT2217600PE.NFO,19/10/2022,09:27:16,101.7,101.5,150,101.65,500,1400,2286650
NIFTY20OCT2217600PE.NFO,19/10/2022,09:27:17,102,101.8,600,102,6600,4250,2286650
NIFTY20OCT2217600PE.NFO,19/10/2022,09:27:18,102,101.9,150,102.1,150,8650,2286650
NIFTY20OCT2217600PE.NFO,19/10/2022,09:27:19,102.1,101.8,100,102,200,3600,2286650
NIFTY20OCT2217600PE.NFO,19/10/2022,09:27:19,102,102.05,950,102.3,150,5750,2286650
NIFTY20OCT2217600PE.NFO,19/10/2022,09:27:20,102.55,102.25,950,102.55,950,6200,2286650
NIFTY20OCT2217600PE.NFO,19/10/2022,09:27:21,102.25,102,900,102.2,1050,5350,2286650
NIFTY20OCT2217600PE.NFO,19/10/2022,09:27:23,101.8,101.75,350,102,2600,9700,2286650
NIFTY20OCT2217600PE.NFO,19/10/2022,09:27:24,102,101.8,300,102,200,6500,2286650
NIFTY20OCT2217600PE.NFO,19/10/2022,09:27:25,102.05,101.9,550,102.15,1050,5250,2286650
NIFTY20OCT2217600PE.NFO,19/10/2022,09:27:25,102.15,101.95,400,102.15,100,3950,2286650
NIFTY20OCT2217600PE.NFO,19/10/2022,09:27:26,102.4,102.45,300,102.65,300,7700,2286650
NIFTY20OCT2217600PE.NFO,19/10/2022,09:27:27,102.45,102.45,200,102.7,400,5700,2286650
NIFTY20OCT2217600PE.NFO,19/10/2022,09:27:28,102.8,102.6,400,102.8,400,8900,2286650
NIFTY20OCT2217600PE.NFO,19/10/2022,09:27:29,102.9,102.65,500,102.9,50,5900,2286650
NIFTY20OCT2217600PE.NFO,19/10/2022,09:27:30,103,102.8,50,103,1950,13500,2286650
NIFTY20OCT2217600PE.NFO,19/10/2022,09:27:31,103.1,103.1,300,103.35,550,7150,2286650
NIFTY20OCT2217600PE.NFO,19/10/2022,09:27:32,103.2,103.05,500,103.25,300,3900,2286650
NIFTY20OCT2217600PE.NFO,19/10/2022,09:27:33,103.25,103.2,150,103.45,50,3100,2286650
NIFTY20OCT2217600PE.NFO,19/10/2022,09:27:34,103.75,103.55,150,103.75,500,7050,2286650
NIFTY20OCT2217600PE.NFO,19/10/2022,09:27:35,103.7,103.5,100,103.75,150,9350,2286650
NIFTY20OCT2217600PE.NFO,19/10/2022,09:27:37,102.65,102.6,50,102.75,300,15750,2286650
NIFTY20OCT2217600PE.NFO,19/10/2022,09:27:38,102.2,102.1,550,102.35,50,10150,2286650
NIFTY20OCT2217600PE.NFO,19/10/2022,09:27:39,102.05,101.8,850,102.05,50,12500,2286650
NIFTY20OCT2217600PE.NFO,19/10/2022,09:27:40,100.9,100.6,1250,100.9,350,20500,2286650
NIFTY20OCT2217600PE.NFO,19/10/2022,09:27:40,100.65,100.7,750,100.95,100,1200,2286650
NIFTY20OCT2217600PE.NFO,19/10/2022,09:27:41,98.9,98.8,150,98.95,200,21750,2286650
NIFTY20OCT2217600PE.NFO,19/10/2022,09:27:42,98.1,98,3000,98.1,50,13600,2286650
NIFTY20OCT2217600PE.NFO,19/10/2022,09:27:44,97.6,97.55,200,97.75,500,20050,2286650
NIFTY20OCT2217600PE.NFO,19/10/2022,09:27:45,97.4,97.4,2450,97.6,400,9750,2286650
NIFTY20OCT2217600PE.NFO,19/10/2022,09:27:46,98.7,98.7,50,98.75,150,12400,2286650
NIFTY20OCT2217600PE.NFO,19/10/2022,09:27:47,99.35,99.4,350,99.6,50,5750,2286650
NIFTY20OCT2217600PE.NFO,19/10/2022,09:27:48,98.4,98.4,400,98.65,250,4150,2286650
NIFTY20OCT2217600PE.NFO,19/10/2022,09:27:49,98.8,98.55,200,98.8,1300,4800,2286650
NIFTY20OCT2217600PE.NFO,19/10/2022,09:27:50,98.95,98.85,200,99,50,3050,2286650
NIFTY20OCT2217600PE.NFO,19/10/2022,09:27:51,98.55,98.4,200,98.65,1350,2050,2286650
NIFTY20OCT2217600PE.NFO,19/10/2022,09:27:52,98.8,98.8,200,98.95,1100,6500,2286650
NIFTY20OCT2217600PE.NFO,19/10/2022,09:27:52,99.1,99.1,2050,99.25,200,3300,2286650
NIFTY20OCT2217600PE.NFO,19/10/2022,09:27:53,99.4,99.2,800,99.4,150,1550,2286650
NIFTY20OCT2217600PE.NFO,19/10/2022,09:27:54,100.45,100.3,100,100.55,550,3250,2286650
NIFTY20OCT2217600PE.NFO,19/10/2022,09:27:55,100.75,100.55,200,100.8,500,8150,2286650
NIFTY20OCT2217600PE.NFO,19/10/2022,09:27:56,100.35,100.25,250,100.4,200,6750,2286650
NIFTY20OCT2217600PE.NFO,19/10/2022,09:27:57,100.2,100,150,100.15,200,5100,2286650
NIFTY20OCT2217600PE.NFO,19/10/2022,09:27:59,100,99.8,850,100.05,250,4600,2286650
NIFTY20OCT2217600PE.NFO,19/10/2022,09:28:00,100.45,100.2,100,100.4,550,4400,2286650
NIFTY20OCT2217600PE.NFO,19/10/2022,09:28:00,100.5,100.5,200,100.7,750,1700,2286650
NIFTY20OCT2217600PE.NFO,19/10/2022,09:28:02,100.5,100.5,100,100.7,200,3400,2286650
NIFTY20OCT2217600PE.NFO,19/10/2022,09:28:02,99.75,99.55,550,99.75,100,3700,2286650
NIFTY20OCT2217600PE.NFO,19/10/2022,09:28:03,99.35,99.05,400,99.35,850,2150,2286650
NIFTY20OCT2217600PE.NFO,19/10/2022,09:28:04,99.3,99.1,250,99.3,400,1800,2286650
NIFTY20OCT2217600PE.NFO,19/10/2022,09:28:05,99.1,99.05,400,99.3,100,2200,2286650
NIFTY20OCT2217600PE.NFO,19/10/2022,09:28:06,99.7,99.45,550,99.65,250,4000,2286650
NIFTY20OCT2217600PE.NFO,19/10/2022,09:28:07,99.75,99.55,450,99.8,2150,2800,2286650
NIFTY20OCT2217600PE.NFO,19/10/2022,09:28:08,99.8,99.65,1450,99.8,350,11850,2286650
NIFTY20OCT2217600PE.NFO,19/10/2022,09:28:09,100,99.85,50,100,750,3850,2286650
NIFTY20OCT2217600PE.NFO,19/10/2022,09:28:10,99.65,99.65,200,99.9,400,1750,2286650
NIFTY20OCT2217600PE.NFO,19/10/2022,09:28:11,100.3,100.2,300,100.4,150,1450,2286650
NIFTY20OCT2217600PE.NFO,19/10/2022,09:28:13,99.45,99.45,300,99.6,300,1000,2286650
NIFTY20OCT2217600PE.NFO,19/10/2022,09:28:14,99.55,99.5,50,99.6,50,1950,2286650
NIFTY20OCT2217600PE.NFO,19/10/2022,09:28:14,99.9,100.1,100,100.35,550,1800,2286650
NIFTY20OCT2217600PE.NFO,19/10/2022,09:28:15,100.1,99.9,200,100.1,150,5000,2286650
NIFTY20OCT2217600PE.NFO,19/10/2022,09:28:16,99.95,99.75,200,99.95,500,2400,2286650
NIFTY20OCT2217600PE.NFO,19/10/2022,09:28:17,99.3,99.25,300,99.45,500,21450,2286650
NIFTY20OCT2217600PE.NFO,19/10/2022,09:28:18,99.45,99.2,850,99.45,1450,3800,2286650
NIFTY20OCT2217600PE.NFO,19/10/2022,09:28:19,99.05,99.05,400,99.25,50,5000,2286650
NIFTY20OCT2217600PE.NFO,19/10/2022,09:28:20,99.8,99.6,150,99.8,1100,1200,2286650
NIFTY20OCT2217600PE.NFO,19/10/2022,09:28:21,99.8,99.5,250,99.75,400,5700,2286650
NIFTY20OCT2217600PE.NFO,19/10/2022,09:28:22,99.3,99.3,100,99.55,200,1750,2286650
NIFTY20OCT2217600PE.NFO,19/10/2022,09:28:23,99.5,99.5,150,99.65,400,3350,2286650
NIFTY20OCT2217600PE.NFO,19/10/2022,09:28:25,100.3,100.25,250,100.45,50,8200,2286650
NIFTY20OCT2217600PE.NFO,19/10/2022,09:28:26,99.8,99.8,300,100,1400,5450,2286650
NIFTY20OCT2217600PE.NFO,19/10/2022,09:28:26,100,99.9,50,100.1,350,3000,2286650
NIFTY20OCT2217600PE.NFO,19/10/2022,09:28:27,99.95,99.9,50,100.05,100,1550,2286650
NIFTY20OCT2217600PE.NFO,19/10/2022,09:28:28,99.4,99.25,600,99.4,100,2650,2286650
NIFTY20OCT2217600PE.NFO,19/10/2022,09:28:29,99.55,99.3,350,99.5,700,2850,2286650
NIFTY20OCT2217600PE.NFO,19/10/2022,09:28:30,99.65,99.45,650,99.7,350,3750,2286650
NIFTY20OCT2217600PE.NFO,19/10/2022,09:28:31,100.7,100.45,100,100.65,350,3850,2286650
NIFTY20OCT2217600PE.NFO,19/10/2022,09:28:33,101.05,100.95,150,101.2,550,11000,2286650
NIFTY20OCT2217600PE.NFO,19/10/2022,09:28:34,100.65,100.55,150,100.7,50,3850,2286650
NIFTY20OCT2217600PE.NFO,19/10/2022,09:28:34,100.35,100.3,450,100.55,350,1050,2286650
NIFTY20OCT2217600PE.NFO,19/10/2022,09:28:35,100.35,100.3,400,100.5,600,2700,2286650
NIFTY20OCT2217600PE.NFO,19/10/2022,09:28:37,100.05,100.05,1250,100.1,150,3500,2286650
NIFTY20OCT2217600PE.NFO,19/10/2022,09:28:38,99.75,99.75,300,99.95,650,4450,2286650
NIFTY20OCT2217600PE.NFO,19/10/2022,09:28:38,100.1,100,100,100.1,100,1450,2286650
NIFTY20OCT2217600PE.NFO,19/10/2022,09:28:39,99.75,99.55,550,99.8,400,1600,2286650
NIFTY20OCT2217600PE.NFO,19/10/2022,09:28:41,100,100,50,100.15,150,1900,2286650
NIFTY20OCT2217600PE.NFO,19/10/2022,09:28:41,99.65,99.4,350,99.65,300,5100,2286650
NIFTY20OCT2217600PE.NFO,19/10/2022,09:28:42,99,99.05,100,99.2,350,22900,2286650
NIFTY20OCT2217600PE.NFO,19/10/2022,09:28:43,99,98.85,1800,99,1700,3450,2286650
NIFTY20OCT2217600PE.NFO,19/10/2022,09:28:44,98.85,98.85,100,99,50,9450,2286650
NIFTY20OCT2217600PE.NFO,19/10/2022,09:28:46,98.95,98.8,50,98.95,50,6400,2286650
NIFTY20OCT2217600PE.NFO,19/10/2022,09:28:47,98.85,98.5,600,98.8,200,2200,2286650
NIFTY20OCT2217600PE.NFO,19/10/2022,09:28:48,97.9,97.7,100,97.9,150,8250,2286650
NIFTY20OCT2217600PE.NFO,19/10/2022,09:28:49,98.35,98.25,350,98.35,50,22850,2286650
NIFTY20OCT2217600PE.NFO,19/10/2022,09:28:50,98.35,98.35,150,98.5,350,6300,2286650
NIFTY20OCT2217600PE.NFO,19/10/2022,09:28:51,98.7,98.65,150,98.8,200,4500,2286650
NIFTY20OCT2217600PE.NFO,19/10/2022,09:28:52,97.75,97.8,850,98,350,17300,2286650
NIFTY20OCT2217600PE.NFO,19/10/2022,09:28:52,98,97.95,400,98.2,350,2050,2286650
NIFTY20OCT2217600PE.NFO,19/10/2022,09:28:53,97.75,97.9,250,98.1,350,13050,2286650
NIFTY20OCT2217600PE.NFO,19/10/2022,09:28:54,97.7,97.7,850,97.9,350,7450,2286650
NIFTY20OCT2217600PE.NFO,19/10/2022,09:28:55,97.7,97.65,200,97.8,150,4350,2286650
NIFTY20OCT2217600PE.NFO,19/10/2022,09:28:57,97.8,97.65,50,97.8,800,3950,2286650
NIFTY20OCT2217600PE.NFO,19/10/2022,09:28:58,97.8,97.8,350,97.95,250,3200,2286650
NIFTY20OCT2217600PE.NFO,19/10/2022,09:28:59,98.1,98,300,98.1,900,1650,2286650
NIFTY20OCT2217600PE.NFO,19/10/2022,09:29:00,97.85,97.85,300,98.1,200,3300,2286650
NIFTY20OCT2217600PE.NFO,19/10/2022,09:29:01,98.15,98.05,400,98.25,150,6650,2286650
NIFTY20OCT2217600PE.NFO,19/10/2022,09:29:02,98.1,98.15,150,98.35,300,1950,2286650
NIFTY20OCT2217600PE.NFO,19/10/2022,09:29:02,97.8,97.8,350,98,300,4000,2286650
NIFTY20OCT2217600PE.NFO,19/10/2022,09:29:03,97.7,97.75,650,98.05,600,3800,2286650
NIFTY20OCT2217600PE.NFO,19/10/2022,09:29:04,98.65,98.65,350,98.85,450,5100,2286650
NIFTY20OCT2217600PE.NFO,19/10/2022,09:29:06,99,98.9,50,99.1,650,5900,2286650
NIFTY20OCT2217600PE.NFO,19/10/2022,09:29:07,99.15,99.15,3150,99.4,250,2550,2286650
NIFTY20OCT2217600PE.NFO,19/10/2022,09:29:08,99.25,99.05,200,99.25,150,30900,2286650
NIFTY20OCT2217600PE.NFO,19/10/2022,09:29:09,98.95,98.85,100,98.95,100,900,2286650
NIFTY20OCT2217600PE.NFO,19/10/2022,09:29:09,98.65,98.7,350,98.95,750,1300,2286650
NIFTY20OCT2217600PE.NFO,19/10/2022,09:29:11,98.8,98.8,300,99,350,7650,2286650
NIFTY20OCT2217600PE.NFO,19/10/2022,09:29:11,98.45,98.25,250,98.5,450,1300,2286650
NIFTY20OCT2217600PE.NFO,19/10/2022,09:29:13,99,98.95,150,99.15,250,4700,2286650
NIFTY20OCT2217600PE.NFO,19/10/2022,09:29:14,99.25,99,100,99.2,150,3450,2286650
NIFTY20OCT2217600PE.NFO,19/10/2022,09:29:14,98.5,98.35,100,98.45,50,1300,2286650
NIFTY20OCT2217600PE.NFO,19/10/2022,09:29:15,98.9,98.7,200,98.9,100,2300,2286650
NIFTY20OCT2217600PE.NFO,19/10/2022,09:29:16,98.9,98.65,150,98.85,150,2800,2286650
NIFTY20OCT2217600PE.NFO,19/10/2022,09:29:17,98.6,98.6,800,98.85,650,4050,2286650
NIFTY20OCT2217600PE.NFO,19/10/2022,09:29:19,99.35,99.25,450,99.45,250,4600,2286650
NIFTY20OCT2217600PE.NFO,19/10/2022,09:29:20,99.55,99.45,900,99.75,700,700,2286650
NIFTY20OCT2217600PE.NFO,19/10/2022,09:29:21,99.1,99,1300,99.25,250,850,2286650
NIFTY20OCT2217600PE.NFO,19/10/2022,09:29:22,99.05,98.85,600,98.95,50,1100,2286650
NIFTY20OCT2217600PE.NFO,19/10/2022,09:29:23,99.55,99.35,650,99.55,100,5000,2286650
NIFTY20OCT2217600PE.NFO,19/10/2022,09:29:24,99.1,98.9,500,99.1,150,1050,2286650
NIFTY20OCT2217600PE.NFO,19/10/2022,09:29:25,99.2,98.95,250,99.2,350,1100,2286650
NIFTY20OCT2217600PE.NFO,19/10/2022,09:29:26,98.85,98.85,50,99,200,750,2286650
NIFTY20OCT2217600PE.NFO,19/10/2022,09:29:27,98.8,98.55,750,98.8,1500,4050,2286650
NIFTY20OCT2217600PE.NFO,19/10/2022,09:29:28,98.5,98.25,50,98.4,150,400,2286650
NIFTY20OCT2217600PE.NFO,19/10/2022,09:29:29,98.65,98.1,650,98.35,500,13650,2286650
NIFTY20OCT2217600PE.NFO,19/10/2022,09:29:30,98.5,98.45,150,98.65,400,2750,2286650
NIFTY20OCT2217600PE.NFO,19/10/2022,09:29:31,98.8,98.45,150,98.65,500,750,2286650
NIFTY20OCT2217600PE.NFO,19/10/2022,09:29:32,98.65,98.45,150,98.65,700,350,2286650
NIFTY20OCT2217600PE.NFO,19/10/2022,09:29:33,99,98.65,550,98.85,150,3450,2286650
NIFTY20OCT2217600PE.NFO,19/10/2022,09:29:34,98.4,98.25,50,98.45,200,2450,2286650
NIFTY20OCT2217600PE.NFO,19/10/2022,09:29:34,98.15,98.05,50,98.2,700,250,2286650
NIFTY20OCT2217600PE.NFO,19/10/2022,09:29:35,97.3,97.4,650,97.6,250,17300,2286650
NIFTY20OCT2217600PE.NFO,19/10/2022,09:29:37,97.8,97.6,350,97.8,500,8200,2286650
NIFTY20OCT2217600PE.NFO,19/10/2022,09:29:38,97.25,97.2,3400,97.45,500,15400,2286650
NIFTY20OCT2217600PE.NFO,19/10/2022,09:29:39,97,97.1,100,97.2,450,6750,2511300
NIFTY20OCT2217600PE.NFO,19/10/2022,09:29:40,96.2,96.2,800,96.35,500,26650,2511300
NIFTY20OCT2217600PE.NFO,19/10/2022,09:29:41,95.4,95.25,250,95.4,50,20050,2511300
NIFTY20OCT2217600PE.NFO,19/10/2022,09:29:41,95.2,95.2,50,95.35,50,9150,2511300
NIFTY20OCT2217600PE.NFO,19/10/2022,09:29:43,96,95.7,550,95.9,500,14100,2511300
NIFTY20OCT2217600PE.NFO,19/10/2022,09:29:44,95.7,95.7,50,95.8,350,9650,2511300
NIFTY20OCT2217600PE.NFO,19/10/2022,09:29:45,95.85,95.8,1050,96,200,5150,2511300
NIFTY20OCT2217600PE.NFO,19/10/2022,09:29:46,96.35,96.2,50,96.35,200,6100,2511300
NIFTY20OCT2217600PE.NFO,19/10/2022,09:29:47,96.5,96.25,750,96.45,150,5300,2511300
NIFTY20OCT2217600PE.NFO,19/10/2022,09:29:48,96.45,96.3,1550,96.5,300,4800,2511300
NIFTY20OCT2217600PE.NFO,19/10/2022,09:29:49,96.55,96.6,750,96.8,500,7750,2511300
NIFTY20OCT2217600PE.NFO,19/10/2022,09:29:50,96.8,96.75,200,96.95,850,2800,2511300
NIFTY20OCT2217600PE.NFO,19/10/2022,09:29:51,97.5,97.5,450,97.7,750,21300,2511300
NIFTY20OCT2217600PE.NFO,19/10/2022,09:29:52,97.7,97.4,200,97.65,1450,2200,2511300
NIFTY20OCT2217600PE.NFO,19/10/2022,09:29:52,97.4,97.25,150,97.4,200,1200,2511300
NIFTY20OCT2217600PE.NFO,19/10/2022,09:29:54,96.95,96.65,200,96.9,1000,5150,2511300
NIFTY20OCT2217600PE.NFO,19/10/2022,09:29:55,97.05,96.85,500,97.05,150,2300,2511300
NIFTY20OCT2217600PE.NFO,19/10/2022,09:29:56,96.75,96.7,100,96.8,350,2650,2511300
NIFTY20OCT2217600PE.NFO,19/10/2022,09:29:56,96.75,96.6,2800,96.9,50,4450,2511300
NIFTY20OCT2217600PE.NFO,19/10/2022,09:29:58,97.25,97.2,1150,97.45,50,4550,2511300
NIFTY20OCT2217600PE.NFO,19/10/2022,09:29:59,97.5,97.2,600,97.45,500,2600,2511300
NIFTY20OCT2217600PE.NFO,19/10/2022,09:30:00,97,96.85,300,96.95,100,5900,2511300
NIFTY20OCT2217600PE.NFO,19/10/2022,09:30:01,96.55,96.55,100,96.7,500,3700,2511300
NIFTY20OCT2217600PE.NFO,19/10/2022,09:30:01,96.6,96.45,100,96.65,500,2400,2511300
NIFTY20OCT2217600PE.NFO,19/10/2022,09:30:03,96.15,96,50,96.15,2450,6800,2511300
NIFTY20OCT2217600PE.NFO,19/10/2022,09:30:04,95.3,95.25,350,95.4,600,17500,2511300
NIFTY20OCT2217600PE.NFO,19/10/2022,09:30:05,95.25,95.05,200,95.15,150,24150,2511300
NIFTY20OCT2217600PE.NFO,19/10/2022,09:30:06,94.35,94.4,100,94.55,550,31700,2511300
NIFTY20OCT2217600PE.NFO,19/10/2022,09:30:07,95.1,95,50,95.2,500,8550,2511300
NIFTY20OCT2217600PE.NFO,19/10/2022,09:30:07,94.9,94.9,600,95.1,600,1300,2511300
NIFTY20OCT2217600PE.NFO,19/10/2022,09:30:08,95,94.85,400,95.05,600,9500,2511300
NIFTY20OCT2217600PE.NFO,19/10/2022,09:30:09,95.55,95.4,200,95.6,300,4850,2511300
NIFTY20OCT2217600PE.NFO,19/10/2022,09:30:11,96.05,95.7,900,95.95,250,5300,2511300
NIFTY20OCT2217600PE.NFO,19/10/2022,09:30:11,95.4,95.4,150,95.55,2200,2650,2511300
NIFTY20OCT2217600PE.NFO,19/10/2022,09:30:12,95.8,95.8,700,96,50,1150,2511300
NIFTY20OCT2217600PE.NFO,19/10/2022,09:30:13,96.2,96,750,96.2,100,3700,2511300
NIFTY20OCT2217600PE.NFO,19/10/2022,09:30:15,95.85,95.8,100,96,550,8300,2511300
NIFTY20OCT2217600PE.NFO,19/10/2022,09:30:16,96.5,96.4,250,96.65,300,11100,2511300
NIFTY20OCT2217600PE.NFO,19/10/2022,09:30:17,96.6,96.65,350,96.8,400,6350,2511300
NIFTY20OCT2217600PE.NFO,19/10/2022,09:30:18,97,96.95,100,97,50,15750,2511300
NIFTY20OCT2217600PE.NFO,19/10/2022,09:30:19,96.55,96.6,400,96.8,350,3100,2511300
NIFTY20OCT2217600PE.NFO,19/10/2022,09:30:20,96.4,96.25,500,96.4,150,4250,2511300
NIFTY20OCT2217600PE.NFO,19/10/2022,09:30:21,95.85,95.4,100,95.6,100,19500,2511300
NIFTY20OCT2217600PE.NFO,19/10/2022,09:30:22,96,95.85,350,96,350,5350,2511300
NIFTY20OCT2217600PE.NFO,19/10/2022,09:30:23,95.45,95.5,500,95.65,150,8450,2511300
NIFTY20OCT2217600PE.NFO,19/10/2022,09:30:23,95.55,95.45,100,95.6,50,1200,2511300
NIFTY20OCT2217600PE.NFO,19/10/2022,09:30:24,95.6,95.5,600,95.6,50,2600,2511300
NIFTY20OCT2217600PE.NFO,19/10/2022,09:30:25,95.7,95.6,450,95.8,700,2550,2511300
NIFTY20OCT2217600PE.NFO,19/10/2022,09:30:27,95.6,95.65,100,95.85,100,6300,2511300
NIFTY20OCT2217600PE.NFO,19/10/2022,09:30:28,95.95,95.75,100,95.95,100,3300,2511300
NIFTY20OCT2217600PE.NFO,19/10/2022,09:30:29,95.85,95.65,150,95.85,500,3050,2511300
NIFTY20OCT2217600PE.NFO,19/10/2022,09:30:30,95.3,95.3,450,95.4,1500,6150,2511300
NIFTY20OCT2217600PE.NFO,19/10/2022,09:30:31,95.3,95.2,650,95.4,1050,2900,2511300
NIFTY20OCT2217600PE.NFO,19/10/2022,09:30:32,95.7,95.4,1250,95.65,900,3300,2511300
NIFTY20OCT2217600PE.NFO,19/10/2022,09:30:33,95.25,95.1,100,95.25,300,3500,2511300
NIFTY20OCT2217600PE.NFO,19/10/2022,09:30:34,94.9,94.75,400,94.9,50,20050,2511300
NIFTY20OCT2217600PE.NFO,19/10/2022,09:30:34,94.7,94.65,150,94.7,2000,7750,2511300
NIFTY20OCT2217600PE.NFO,19/10/2022,09:30:36,94.1,94.05,600,94.3,1050,9700,2511300
NIFTY20OCT2217600PE.NFO,19/10/2022,09:30:37,94,94,250,94.2,200,42150,2511300
NIFTY20OCT2217600PE.NFO,19/10/2022,09:30:38,93.95,93.65,100,93.85,600,12800,2511300
NIFTY20OCT2217600PE.NFO,19/10/2022,09:30:38,93.3,93.2,1350,93.35,100,6050,2511300
NIFTY20OCT2217600PE.NFO,19/10/2022,09:30:39,93.2,93.05,200,93.2,100,11100,2511300
NIFTY20OCT2217600PE.NFO,19/10/2022,09:30:41,92.3,92.1,650,92.3,500,29800,2511300
NIFTY20OCT2217600PE.NFO,19/10/2022,09:30:41,92.05,92.1,650,92.3,500,0,2511300
NIFTY20OCT2217600PE.NFO,19/10/2022,09:30:42,91.25,91.3,550,91.45,650,25350,2511300
NIFTY20OCT2217600PE.NFO,19/10/2022,09:30:42,91.25,91.3,550,91.45,650,0,2511300
NIFTY20OCT2217600PE.NFO,19/10/2022,09:30:43,91.4,91.2,500,91.4,100,40250,2511300
NIFTY20OCT2217600PE.NFO,19/10/2022,09:30:43,90.25,91.2,500,91.4,100,0,2511300
NIFTY20OCT2217600PE.NFO,19/10/2022,09:30:44,91.2,91.2,500,91.3,2950,15650,2511300
NIFTY20OCT2217600PE.NFO,19/10/2022,09:30:45,91.8,91.7,750,91.9,600,19500,2511300
NIFTY20OCT2217600PE.NFO,19/10/2022,09:30:46,91.2,91.2,400,91.35,50,9500,2511300
NIFTY20OCT2217600PE.NFO,19/10/2022,09:30:47,91.6,91.65,100,91.8,150,13800,2511300
NIFTY20OCT2217600PE.NFO,19/10/2022,09:30:49,92.2,92.1,800,92.3,650,9350,2511300
NIFTY20OCT2217600PE.NFO,19/10/2022,09:30:50,93.15,93.1,450,93.35,1250,7300,2511300
NIFTY20OCT2217600PE.NFO,19/10/2022,09:30:51,93.4,93.25,850,93.35,50,8100,2511300
NIFTY20OCT2217600PE.NFO,19/10/2022,09:30:52,93.35,93.1,200,93.3,150,10450,2511300
NIFTY20OCT2217600PE.NFO,19/10/2022,09:30:53,93.1,92.7,550,92.9,400,8200,2511300
NIFTY20OCT2217600PE.NFO,19/10/2022,09:30:54,93.55,93.2,650,93.45,1200,8450,2511300
NIFTY20OCT2217600PE.NFO,19/10/2022,09:30:55,92.9,92.6,100,92.75,150,10950,2511300
NIFTY20OCT2217600PE.NFO,19/10/2022,09:30:56,93.1,92.85,50,93.05,250,7350,2511300
NIFTY20OCT2217600PE.NFO,19/10/2022,09:30:57,93.4,93.35,50,93.55,150,9500,2511300
NIFTY20OCT2217600PE.NFO,19/10/2022,09:30:58,93.8,93.55,100,93.75,400,3850,2511300
NIFTY20OCT2217600PE.NFO,19/10/2022,09:30:59,93.4,93.2,500,93.35,150,10400,2511300
NIFTY20OCT2217600PE.NFO,19/10/2022,09:31:00,93,92.9,300,93,750,8750,2511300
NIFTY20OCT2217600PE.NFO,19/10/2022,09:31:01,92.95,92.85,550,93.05,150,9350,2511300
NIFTY20OCT2217600PE.NFO,19/10/2022,09:31:02,93.45,93.2,450,93.4,700,2050,2511300
NIFTY20OCT2217600PE.NFO,19/10/2022,09:31:03,93.3,93.2,50,93.4,350,5700,2511300
NIFTY20OCT2217600PE.NFO,19/10/2022,09:31:04,94,93.75,850,94,750,3450,2511300
NIFTY20OCT2217600PE.NFO,19/10/2022,09:31:05,94.65,94.6,250,94.75,50,8350,2511300
NIFTY20OCT2217600PE.NFO,19/10/2022,09:31:06,94.45,94.25,300,94.45,100,10450,2511300
NIFTY20OCT2217600PE.NFO,19/10/2022,09:31:07,93.65,93.65,1950,93.7,1750,8050,2511300
NIFTY20OCT2217600PE.NFO,19/10/2022,09:31:08,94.4,94,650,94.15,150,12000,2511300
NIFTY20OCT2217600PE.NFO,19/10/2022,09:31:09,93.7,93.65,1300,93.7,2050,4200,2511300
NIFTY20OCT2217600PE.NFO,19/10/2022,09:31:10,94.4,94.4,50,94.6,400,9250,2511300
NIFTY20OCT2217600PE.NFO,19/10/2022,09:31:11,94.85,94.7,50,94.85,150,9000,2511300
NIFTY20OCT2217600PE.NFO,19/10/2022,09:31:12,95.25,95.05,2100,95.25,600,12800,2511300
NIFTY20OCT2217600PE.NFO,19/10/2022,09:31:13,95.8,95.5,50,95.65,150,8150,2511300
NIFTY20OCT2217600PE.NFO,19/10/2022,09:31:14,95.55,95.55,550,95.75,200,5750,2511300
NIFTY20OCT2217600PE.NFO,19/10/2022,09:31:15,95.9,95.85,500,96,300,11500,2511300
NIFTY20OCT2217600PE.NFO,19/10/2022,09:31:16,96.6,96.5,300,96.75,250,11400,2511300
NIFTY20OCT2217600PE.NFO,19/10/2022,09:31:17,96.75,96.6,650,96.8,100,13200,2511300
NIFTY20OCT2217600PE.NFO,19/10/2022,09:31:18,96.5,96.4,50,96.55,100,9100,2511300
NIFTY20OCT2217600PE.NFO,19/10/2022,09:31:19,96.8,96.65,50,96.8,150,5300,2511300
NIFTY20OCT2217600PE.NFO,19/10/2022,09:31:20,95,95,1400,95.15,700,24500,2511300
NIFTY20OCT2217600PE.NFO,19/10/2022,09:31:21,95.9,95.75,150,95.95,400,14800,2511300
NIFTY20OCT2217600PE.NFO,19/10/2022,09:31:22,96.6,96.45,150,96.6,400,6800,2511300
NIFTY20OCT2217600PE.NFO,19/10/2022,09:31:23,96.25,96.25,400,96.4,150,11700,2511300
NIFTY20OCT2217600PE.NFO,19/10/2022,09:31:24,96.3,96.3,300,96.5,200,7150,2511300
NIFTY20OCT2217600PE.NFO,19/10/2022,09:31:25,95.35,95.35,400,95.6,600,17900,2511300
NIFTY20OCT2217600PE.NFO,19/10/2022,09:31:26,95.1,94.85,100,95.05,450,17800,2511300
NIFTY20OCT2217600PE.NFO,19/10/2022,09:31:27,95.95,95.95,50,96.1,250,5700,2511300
NIFTY20OCT2217600PE.NFO,19/10/2022,09:31:28,96.65,96.45,150,96.65,200,9950,2511300
NIFTY20OCT2217600PE.NFO,19/10/2022,09:31:29,96.55,96.6,100,96.8,450,1500,2511300
NIFTY20OCT2217600PE.NFO,19/10/2022,09:31:30,96.35,96.4,150,96.6,350,7300,2511300
NIFTY20OCT2217600PE.NFO,19/10/2022,09:31:31,96.4,96.2,700,96.4,100,1850,2511300
NIFTY20OCT2217600PE.NFO,19/10/2022,09:31:32,96.6,96.4,250,96.6,150,6450,2511300
NIFTY20OCT2217600PE.NFO,19/10/2022,09:31:33,96.55,96.5,50,96.6,900,3650,2511300
NIFTY20OCT2217600PE.NFO,19/10/2022,09:31:34,96.05,96.05,300,96.3,500,5350,2511300
NIFTY20OCT2217600PE.NFO,19/10/2022,09:31:35,95.8,95.8,50,95.9,100,9350,2511300
NIFTY20OCT2217600PE.NFO,19/10/2022,09:31:36,96,95.85,150,96.05,950,2450,2511300
NIFTY20OCT2217600PE.NFO,19/10/2022,09:31:37,95.8,95.5,200,95.7,950,3300,2511300
NIFTY20OCT2217600PE.NFO,19/10/2022,09:31:38,96,95.8,1000,96,650,7550,2511300
NIFTY20OCT2217600PE.NFO,19/10/2022,09:31:39,96,95.9,600,96.1,50,100,2511300
NIFTY20OCT2217600PE.NFO,19/10/2022,09:31:40,95.9,95.8,50,95.9,200,3550,2511300
NIFTY20OCT2217600PE.NFO,19/10/2022,09:31:41,95.75,95.55,100,95.75,450,5100,2511300
NIFTY20OCT2217600PE.NFO,19/10/2022,09:31:42,95.7,95.55,100,95.7,300,2150,2511300
NIFTY20OCT2217600PE.NFO,19/10/2022,09:31:43,95.75,95.65,200,95.85,500,8700,2511300
NIFTY20OCT2217600PE.NFO,19/10/2022,09:31:44,96.4,96.4,500,96.55,450,20950,2511300
NIFTY20OCT2217600PE.NFO,19/10/2022,09:31:45,96.3,96.3,400,96.5,150,4350,2511300
NIFTY20OCT2217600PE.NFO,19/10/2022,09:31:46,96.5,96.25,450,96.5,650,6600,2511300
NIFTY20OCT2217600PE.NFO,19/10/2022,09:31:47,96.05,96.05,500,96.3,200,7100,2511300
NIFTY20OCT2217600PE.NFO,19/10/2022,09:31:48,95.65,95.5,550,95.65,50,6550,2511300
NIFTY20OCT2217600PE.NFO,19/10/2022,09:31:49,95.7,95.5,150,95.7,450,2350,2511300
NIFTY20OCT2217600PE.NFO,19/10/2022,09:31:50,94.4,94.45,100,94.65,450,13700,2511300
NIFTY20OCT2217600PE.NFO,19/10/2022,09:31:51,94.9,94.65,100,94.8,750,4250,2511300
NIFTY20OCT2217600PE.NFO,19/10/2022,09:31:52,94.95,94.8,300,94.95,500,6850,2511300
NIFTY20OCT2217600PE.NFO,19/10/2022,09:31:53,94.35,94.35,250,94.6,900,1500,2511300
NIFTY20OCT2217600PE.NFO,19/10/2022,09:31:54,94.75,94.65,650,94.85,350,2800,2511300
NIFTY20OCT2217600PE.NFO,19/10/2022,09:31:55,94.85,94.65,650,94.9,1600,1650,2511300
NIFTY20OCT2217600PE.NFO,19/10/2022,09:31:56,95.05,95.2,150,95.25,150,6550,2511300
NIFTY20OCT2217600PE.NFO,19/10/2022,09:31:57,95.8,95.65,250,95.8,100,1100,2511300
NIFTY20OCT2217600PE.NFO,19/10/2022,09:31:58,95.95,95.75,150,95.95,150,2550,2511300
NIFTY20OCT2217600PE.NFO,19/10/2022,09:31:59,96.6,96.35,150,96.55,350,8000,2511300
NIFTY20OCT2217600PE.NFO,19/10/2022,09:32:00,96.5,96.35,150,96.5,300,6700,2511300
NIFTY20OCT2217600PE.NFO,19/10/2022,09:32:01,96.45,96.05,250,96.25,150,3050,2511300
NIFTY20OCT2217600PE.NFO,19/10/2022,09:32:02,95.85,95.8,650,96,200,1800,2511300
NIFTY20OCT2217600PE.NFO,19/10/2022,09:32:03,96.05,95.9,50,96.1,150,2500,2511300
NIFTY20OCT2217600PE.NFO,19/10/2022,09:32:04,95.9,95.85,500,96,50,1450,2511300
NIFTY20OCT2217600PE.NFO,19/10/2022,09:32:05,95.8,95.8,350,96,350,3350,2511300
NIFTY20OCT2217600PE.NFO,19/10/2022,09:32:06,95.6,95.6,350,95.8,200,2300,2511300
NIFTY20OCT2217600PE.NFO,19/10/2022,09:32:07,95.95,95.9,350,96.05,350,1600,2511300
NIFTY20OCT2217600PE.NFO,19/10/2022,09:32:08,96.5,96.4,500,96.6,1850,7050,2511300
NIFTY20OCT2217600PE.NFO,19/10/2022,09:32:09,96,95.9,50,96.05,50,2350,2511300
NIFTY20OCT2217600PE.NFO,19/10/2022,09:32:10,95.95,95.85,50,95.95,150,1350,2511300
NIFTY20OCT2217600PE.NFO,19/10/2022,09:32:11,96.4,96.35,150,96.5,1000,1300,2511300
NIFTY20OCT2217600PE.NFO,19/10/2022,09:32:12,96.1,96.05,100,96.25,350,1650,2511300
NIFTY20OCT2217600PE.NFO,19/10/2022,09:32:13,95.95,95.95,150,96.15,200,1750,2511300
NIFTY20OCT2217600PE.NFO,19/10/2022,09:32:14,95.95,95.75,50,95.95,150,4150,2511300
NIFTY20OCT2217600PE.NFO,19/10/2022,09:32:15,95.45,95.4,1700,95.65,150,5100,2511300
NIFTY20OCT2217600PE.NFO,19/10/2022,09:32:16,95.25,95.1,800,95.3,300,1400,2511300
NIFTY20OCT2217600PE.NFO,19/10/2022,09:32:17,95.8,95.55,200,95.75,350,4400,2511300
NIFTY20OCT2217600PE.NFO,19/10/2022,09:32:18,95.3,95.3,800,95.55,50,4450,2511300
NIFTY20OCT2217600PE.NFO,19/10/2022,09:32:19,95.05,95,650,95.2,150,1550,2511300
NIFTY20OCT2217600PE.NFO,19/10/2022,09:32:20,95.05,95.15,150,95.3,50,2650,2511300
NIFTY20OCT2217600PE.NFO,19/10/2022,09:32:21,95.25,95,450,95.2,400,550,2511300
NIFTY20OCT2217600PE.NFO,19/10/2022,09:32:22,95,94.85,300,95.05,150,1950,2511300
NIFTY20OCT2217600PE.NFO,19/10/2022,09:32:23,95.25,95,100,95.2,300,400,2511300
NIFTY20OCT2217600PE.NFO,19/10/2022,09:32:24,95.05,95.1,100,95.25,400,850,2511300
NIFTY20OCT2217600PE.NFO,19/10/2022,09:32:25,95.3,95.3,100,95.5,600,2350,2511300
NIFTY20OCT2217600PE.NFO,19/10/2022,09:32:26,95.55,95.4,150,95.55,100,1500,2511300
NIFTY20OCT2217600PE.NFO,19/10/2022,09:32:27,94.65,94.5,150,94.65,350,8550,2511300
NIFTY20OCT2217600PE.NFO,19/10/2022,09:32:28,94.55,94.5,100,94.55,150,500,2511300
NIFTY20OCT2217600PE.NFO,19/10/2022,09:32:29,93.9,93.75,50,93.9,100,17350,2511300
NIFTY20OCT2217600PE.NFO,19/10/2022,09:32:30,93.75,93.65,200,93.8,100,3250,2511300
NIFTY20OCT2217600PE.NFO,19/10/2022,09:32:31,93.75,93.55,100,93.75,100,5600,2511300
NIFTY20OCT2217600PE.NFO,19/10/2022,09:32:32,93.35,93.4,350,93.55,50,17400,2511300
NIFTY20OCT2217600PE.NFO,19/10/2022,09:32:33,93.15,93.15,100,93.3,150,1400,2511300
NIFTY20OCT2217600PE.NFO,19/10/2022,09:32:34,93.45,93.45,100,93.6,350,1750,2511300
NIFTY20OCT2217600PE.NFO,19/10/2022,09:32:35,93.05,92.9,100,93.05,100,1900,2511300
NIFTY20OCT2217600PE.NFO,19/10/2022,09:32:36,93,93.05,100,93.2,350,14200,2511300
NIFTY20OCT2217600PE.NFO,19/10/2022,09:32:37,92.85,93,150,93.2,1400,2800,2511300
NIFTY20OCT2217600PE.NFO,19/10/2022,09:32:38,93.6,93.45,500,93.65,200,1650,2511300
NIFTY20OCT2217600PE.NFO,19/10/2022,09:32:39,93.6,93.55,200,93.75,350,3650,2511300
NIFTY20OCT2217600PE.NFO,19/10/2022,09:32:40,93.6,93.4,100,93.55,50,2850,2801450
NIFTY20OCT2217600PE.NFO,19/10/2022,09:32:41,93.8,93.65,350,93.8,350,3500,2801450
NIFTY20OCT2217600PE.NFO,19/10/2022,09:32:42,93.05,93.05,800,93.15,450,2250,2801450
NIFTY20OCT2217600PE.NFO,19/10/2022,09:32:43,93.55,93.25,150,93.45,1050,1500,2801450
NIFTY20OCT2217600PE.NFO,19/10/2022,09:32:44,92.7,92.7,350,92.85,150,5200,2801450
NIFTY20OCT2217600PE.NFO,19/10/2022,09:32:45,92.4,92.25,50,92.4,1400,16200,2801450
NIFTY20OCT2217600PE.NFO,19/10/2022,09:32:46,92.3,92.15,200,92.3,50,10000,2801450
NIFTY20OCT2217600PE.NFO,19/10/2022,09:32:47,92.55,92.35,250,92.55,150,8450,2801450
NIFTY20OCT2217600PE.NFO,19/10/2022,09:32:48,92.2,92.1,100,92.3,1700,8300,2801450
NIFTY20OCT2217600PE.NFO,19/10/2022,09:32:49,92.05,92.05,400,92.15,50,11650,2801450
NIFTY20OCT2217600PE.NFO,19/10/2022,09:32:50,92.6,92.55,450,92.65,150,27700,2801450
NIFTY20OCT2217600PE.NFO,19/10/2022,09:32:51,91.7,91.75,250,91.95,300,13450,2801450
NIFTY20OCT2217600PE.NFO,19/10/2022,09:32:52,91.75,91.75,50,91.9,150,9200,2801450
NIFTY20OCT2217600PE.NFO,19/10/2022,09:32:53,92.05,92,50,92.1,150,300,2801450
NIFTY20OCT2217600PE.NFO,19/10/2022,09:32:54,92,91.9,1050,92,250,4450,2801450
NIFTY20OCT2217600PE.NFO,19/10/2022,09:32:55,92,91.9,500,92,700,5700,2801450
NIFTY20OCT2217600PE.NFO,19/10/2022,09:32:56,91.85,91.85,250,92.05,1100,5650,2801450
NIFTY20OCT2217600PE.NFO,19/10/2022,09:32:57,92,91.75,250,91.9,150,7700,2801450
NIFTY20OCT2217600PE.NFO,19/10/2022,09:32:58,91.85,91.85,100,92.05,350,2750,2801450
NIFTY20OCT2217600PE.NFO,19/10/2022,09:32:59,91.9,91.7,150,91.9,350,4000,2801450
NIFTY20OCT2217600PE.NFO,19/10/2022,09:33:00,91,90.9,50,91.05,400,20150,2801450
NIFTY20OCT2217600PE.NFO,19/10/2022,09:33:01,90.8,90.8,50,90.95,50,5450,2801450
NIFTY20OCT2217600PE.NFO,19/10/2022,09:33:02,91,90.95,150,91.15,250,1450,2801450
NIFTY20OCT2217600PE.NFO,19/10/2022,09:33:03,91.1,91.1,100,91.2,50,6450,2801450
NIFTY20OCT2217600PE.NFO,19/10/2022,09:33:04,91.35,91.35,50,91.5,100,3700,2801450
NIFTY20OCT2217600PE.NFO,19/10/2022,09:33:05,91.5,91.45,700,91.5,1950,14500,2801450
NIFTY20OCT2217600PE.NFO,19/10/2022,09:33:06,92,92,550,92.15,150,10000,2801450
NIFTY20OCT2217600PE.NFO,19/10/2022,09:33:07,92.55,92.55,100,92.75,100,2300,2801450
NIFTY20OCT2217600PE.NFO,19/10/2022,09:33:08,92.45,92.5,450,92.7,500,4100,2801450
NIFTY20OCT2217600PE.NFO,19/10/2022,09:33:09,92.7,92.8,100,92.9,3300,3700,2801450
NIFTY20OCT2217600PE.NFO,19/10/2022,09:33:11,92.9,92.9,50,92.95,50,7650,2801450
NIFTY20OCT2217600PE.NFO,19/10/2022,09:33:11,93.1,93.05,250,93.2,150,1150,2801450
NIFTY20OCT2217600PE.NFO,19/10/2022,09:33:12,93.65,93.5,800,93.65,150,2250,2801450
NIFTY20OCT2217600PE.NFO,19/10/2022,09:33:13,93.7,93.5,150,93.7,150,4550,2801450
NIFTY20OCT2217600PE.NFO,19/10/2022,09:33:14,93.3,93.1,150,93.3,1150,4200,2801450
NIFTY20OCT2217600PE.NFO,19/10/2022,09:33:15,93,93,850,93.15,400,7100,2801450
NIFTY20OCT2217600PE.NFO,19/10/2022,09:33:16,93.2,93.05,250,93.25,200,3100,2801450
NIFTY20OCT2217600PE.NFO,19/10/2022,09:33:17,93.25,93.2,250,93.25,150,1600,2801450
NIFTY20OCT2217600PE.NFO,19/10/2022,09:33:18,93,92.8,50,93,700,1050,2801450
NIFTY20OCT2217600PE.NFO,19/10/2022,09:33:19,92.55,92.5,200,92.7,400,1650,2801450
NIFTY20OCT2217600PE.NFO,19/10/2022,09:33:20,92.5,92.3,100,92.5,350,2500,2801450
NIFTY20OCT2217600PE.NFO,19/10/2022,09:33:21,91.8,91.7,2200,91.85,100,9500,2801450
NIFTY20OCT2217600PE.NFO,19/10/2022,09:33:22,91.7,91.7,100,91.85,200,3800,2801450
NIFTY20OCT2217600PE.NFO,19/10/2022,09:33:23,91.95,91.95,1050,92.2,700,4950,2801450
NIFTY20OCT2217600PE.NFO,19/10/2022,09:33:24,92,91.9,150,92,300,6100,2801450
NIFTY20OCT2217600PE.NFO,19/10/2022,09:33:25,91.7,91.6,350,91.75,150,10450,2801450
NIFTY20OCT2217600PE.NFO,19/10/2022,09:33:26,91.75,91.45,350,91.65,300,4750,2801450
NIFTY20OCT2217600PE.NFO,19/10/2022,09:33:27,91.55,91.35,300,91.55,200,8950,2801450
NIFTY20OCT2217600PE.NFO,19/10/2022,09:33:28,91.2,91,6450,91.15,700,3800,2801450
NIFTY20OCT2217600PE.NFO,19/10/2022,09:33:29,91.35,91.6,350,91.8,150,6750,2801450
NIFTY20OCT2217600PE.NFO,19/10/2022,09:33:30,91.85,91.95,500,92.15,100,4400,2801450
NIFTY20OCT2217600PE.NFO,19/10/2022,09:33:31,92.1,92.1,900,92.3,400,6600,2801450
NIFTY20OCT2217600PE.NFO,19/10/2022,09:33:33,91.95,91.75,50,91.9,150,3050,2801450
NIFTY20OCT2217600PE.NFO,19/10/2022,09:33:33,91.7,91.75,200,91.9,50,100,2801450
NIFTY20OCT2217600PE.NFO,19/10/2022,09:33:34,92.3,92.05,500,92.3,1550,7750,2801450
NIFTY20OCT2217600PE.NFO,19/10/2022,09:33:35,92.2,92,250,92.2,500,3700,2801450
NIFTY20OCT2217600PE.NFO,19/10/2022,09:33:36,92.2,92.05,950,92.25,250,1650,2801450
NIFTY20OCT2217600PE.NFO,19/10/2022,09:33:37,92,91.85,50,91.9,100,7950,2801450
NIFTY20OCT2217600PE.NFO,19/10/2022,09:33:38,92.1,92.1,750,92.3,300,2600,2801450
NIFTY20OCT2217600PE.NFO,19/10/2022,09:33:39,92.3,92.1,850,92.3,50,3550,2801450
NIFTY20OCT2217600PE.NFO,19/10/2022,09:33:40,92.35,92.1,100,92.3,400,1300,2801450
NIFTY20OCT2217600PE.NFO,19/10/2022,09:33:41,92.5,92.5,550,92.7,200,2300,2801450
NIFTY20OCT2217600PE.NFO,19/10/2022,09:33:42,92.75,92.75,100,92.95,300,7300,2801450
NIFTY20OCT2217600PE.NFO,19/10/2022,09:33:43,93.5,93.3,1550,93.5,300,2350,2801450
NIFTY20OCT2217600PE.NFO,19/10/2022,09:33:44,93.7,93.7,300,93.9,1000,2250,2801450
NIFTY20OCT2217600PE.NFO,19/10/2022,09:33:45,93.25,93.2,400,93.35,50,4050,2801450
NIFTY20OCT2217600PE.NFO,19/10/2022,09:33:46,93.35,93.15,200,93.3,250,5750,2801450
NIFTY20OCT2217600PE.NFO,19/10/2022,09:33:47,93.15,93.05,150,93.15,100,1200,2801450
NIFTY20OCT2217600PE.NFO,19/10/2022,09:33:48,92.95,92.7,150,92.85,450,11850,2801450
NIFTY20OCT2217600PE.NFO,19/10/2022,09:33:49,93.1,92.9,1050,93.1,550,3650,2801450
NIFTY20OCT2217600PE.NFO,19/10/2022,09:33:50,93.45,93.5,200,93.65,100,3750,2801450
NIFTY20OCT2217600PE.NFO,19/10/2022,09:33:51,93.4,93.15,100,93.35,350,1150,2801450
NIFTY20OCT2217600PE.NFO,19/10/2022,09:33:52,93.85,93.7,150,93.9,1300,4600,2801450
NIFTY20OCT2217600PE.NFO,19/10/2022,09:33:53,94.3,94.35,150,94.5,400,9850,2801450
NIFTY20OCT2217600PE.NFO,19/10/2022,09:33:54,95,94.95,250,95.15,400,7900,2801450
NIFTY20OCT2217600PE.NFO,19/10/2022,09:33:55,94.7,94.4,400,94.55,150,2400,2801450
NIFTY20OCT2217600PE.NFO,19/10/2022,09:33:56,95.05,94.8,350,94.95,200,4000,2801450
NIFTY20OCT2217600PE.NFO,19/10/2022,09:33:57,94.45,94.45,1050,94.65,400,2850,2801450
NIFTY20OCT2217600PE.NFO,19/10/2022,09:33:58,95.2,95.05,250,95.25,600,4100,2801450
NIFTY20OCT2217600PE.NFO,19/10/2022,09:33:59,95,94.9,200,95,50,4650,2801450
NIFTY20OCT2217600PE.NFO,19/10/2022,09:34:00,95.1,95,50,95.05,200,3400,2801450
NIFTY20OCT2217600PE.NFO,19/10/2022,09:34:01,94.9,94.85,400,95.05,100,2700,2801450
NIFTY20OCT2217600PE.NFO,19/10/2022,09:34:02,95.35,95.15,1700,95.25,400,2650,2801450
NIFTY20OCT2217600PE.NFO,19/10/2022,09:34:03,95.15,95,100,95.15,400,3700,2801450
NIFTY20OCT2217600PE.NFO,19/10/2022,09:34:04,95.5,95.45,50,95.6,50,8850,2801450
NIFTY20OCT2217600PE.NFO,19/10/2022,09:34:05,95.25,95.1,350,95.25,250,8600,2801450
NIFTY20OCT2217600PE.NFO,19/10/2022,09:34:06,94.9,94.8,350,94.9,100,14050,2801450
NIFTY20OCT2217600PE.NFO,19/10/2022,09:34:07,95.1,95,400,95.2,350,6100,2801450
NIFTY20OCT2217600PE.NFO,19/10/2022,09:34:08,94.85,94.65,150,94.8,550,6250,2801450
NIFTY20OCT2217600PE.NFO,19/10/2022,09:34:10,94.4,94.35,400,94.55,600,8550,2801450
NIFTY20OCT2217600PE.NFO,19/10/2022,09:34:10,94.4,94.2,2150,94.4,350,1650,2801450
NIFTY20OCT2217600PE.NFO,19/10/2022,09:34:11,94.45,94.15,150,94.45,1450,7950,2801450
NIFTY20OCT2217600PE.NFO,19/10/2022,09:34:12,94.3,94.1,400,94.3,600,6100,2801450
NIFTY20OCT2217600PE.NFO,19/10/2022,09:34:13,94.1,93.95,550,94.15,950,4500,2801450
NIFTY20OCT2217600PE.NFO,19/10/2022,09:34:14,94.3,94.3,250,94.5,300,3200,2801450
NIFTY20OCT2217600PE.NFO,19/10/2022,09:34:15,94.6,94.4,150,94.55,100,3800,2801450
NIFTY20OCT2217600PE.NFO,19/10/2022,09:34:16,94.3,94.15,50,94.35,1050,1000,2801450
NIFTY20OCT2217600PE.NFO,19/10/2022,09:34:17,94.45,94.25,100,94.4,250,750,2801450
NIFTY20OCT2217600PE.NFO,19/10/2022,09:34:18,95,94.9,50,95,1800,2450,2801450
NIFTY20OCT2217600PE.NFO,19/10/2022,09:34:19,95,94.8,150,94.95,150,0,2801450
NIFTY20OCT2217600PE.NFO,19/10/2022,09:34:20,94.7,94.55,50,94.7,50,2100,2801450
NIFTY20OCT2217600PE.NFO,19/10/2022,09:34:21,94.25,94.05,50,94.2,600,1250,2801450
NIFTY20OCT2217600PE.NFO,19/10/2022,09:34:22,94.6,94.6,250,94.8,450,1250,2801450
NIFTY20OCT2217600PE.NFO,19/10/2022,09:34:23,94.65,94.45,100,94.65,350,1100,2801450
NIFTY20OCT2217600PE.NFO,19/10/2022,09:34:24,94.55,94.45,200,94.6,200,3350,2801450
NIFTY20OCT2217600PE.NFO,19/10/2022,09:34:25,94.2,94.05,400,94.25,100,3100,2801450
NIFTY20OCT2217600PE.NFO,19/10/2022,09:34:26,94.3,94.2,250,94.35,250,2550,2801450
NIFTY20OCT2217600PE.NFO,19/10/2022,09:34:27,94.5,94.3,200,94.45,100,3550,2801450
NIFTY20OCT2217600PE.NFO,19/10/2022,09:34:28,94.3,94.1,150,94.2,250,500,2801450
NIFTY20OCT2217600PE.NFO,19/10/2022,09:34:29,94.1,94.05,100,94.25,450,12500,2801450
NIFTY20OCT2217600PE.NFO,19/10/2022,09:34:30,94.3,94.3,50,94.4,200,3550,2801450
NIFTY20OCT2217600PE.NFO,19/10/2022,09:34:31,94.1,94.1,150,94.3,50,800,2801450
NIFTY20OCT2217600PE.NFO,19/10/2022,09:34:32,94.5,94.35,600,94.5,50,2100,2801450
NIFTY20OCT2217600PE.NFO,19/10/2022,09:34:33,94.5,94.3,50,94.45,50,350,2801450
NIFTY20OCT2217600PE.NFO,19/10/2022,09:34:34,94.2,94.2,150,94.35,150,650,2801450
NIFTY20OCT2217600PE.NFO,19/10/2022,09:34:35,93.7,93.4,200,93.6,50,4700,2801450
NIFTY20OCT2217600PE.NFO,19/10/2022,09:34:36,93.85,93.85,50,94,250,4250,2801450
NIFTY20OCT2217600PE.NFO,19/10/2022,09:34:37,93.85,93.65,250,93.85,200,700,2801450
NIFTY20OCT2217600PE.NFO,19/10/2022,09:34:38,93.95,93.8,50,93.95,100,1100,2801450
NIFTY20OCT2217600PE.NFO,19/10/2022,09:34:39,94.4,94.4,2000,94.5,650,700,2801450
NIFTY20OCT2217600PE.NFO,19/10/2022,09:34:40,94.45,94.45,100,94.55,50,2000,2801450
NIFTY20OCT2217600PE.NFO,19/10/2022,09:34:41,94.6,94.45,50,94.6,200,650,2801450
NIFTY20OCT2217600PE.NFO,19/10/2022,09:34:42,94.65,94.4,150,94.6,550,1850,2801450
NIFTY20OCT2217600PE.NFO,19/10/2022,09:34:43,94.75,94.6,250,94.8,250,2400,2801450
NIFTY20OCT2217600PE.NFO,19/10/2022,09:34:44,95.1,95.1,600,95.3,900,12200,2801450
NIFTY20OCT2217600PE.NFO,19/10/2022,09:34:45,95.6,95.5,400,95.7,250,6200,2801450
NIFTY20OCT2217600PE.NFO,19/10/2022,09:34:46,95.7,95.7,200,95.85,50,11700,2801450
NIFTY20OCT2217600PE.NFO,19/10/2022,09:34:47,95.5,95.35,50,95.55,1050,6350,2801450
NIFTY20OCT2217600PE.NFO,19/10/2022,09:34:48,95.5,95.55,450,95.65,100,1500,2801450
NIFTY20OCT2217600PE.NFO,19/10/2022,09:34:49,95.6,95.4,100,95.6,500,4250,2801450
