Ticker,Date,Time,LTP,BuyPrice,BuyQty,SellPrice,SellQty,LTQ,OpenInterest
NIFTY13OCT2217300CE.NFO,10/10/2022,09:15:00,68.75,58.55,200,64.35,400,5700,3255200
NIFTY13OCT2217300CE.NFO,10/10/2022,09:15:00,68.75,58.55,200,64.35,400,0,3255200
NIFTY13OCT2217300CE.NFO,10/10/2022,09:15:00,68.75,58.55,200,64.35,400,0,3255200
NIFTY13OCT2217300CE.NFO,10/10/2022,09:15:00,51,58.55,200,64.35,400,0,3255200
NIFTY13OCT2217300CE.NFO,10/10/2022,09:15:01,56.7,56.25,400,56.7,300,22750,3255200
NIFTY13OCT2217300CE.NFO,10/10/2022,09:15:03,51.45,51.5,400,53.4,100,19250,3255200
NIFTY13OCT2217300CE.NFO,10/10/2022,09:15:04,53.95,53.95,150,55.05,450,43600,3255200
NIFTY13OCT2217300CE.NFO,10/10/2022,09:15:04,50.35,53.95,150,55.05,450,0,3255200
NIFTY13OCT2217300CE.NFO,10/10/2022,09:15:05,54.85,54.85,250,55.7,400,32850,3255200
NIFTY13OCT2217300CE.NFO,10/10/2022,09:15:07,52.85,52.6,450,52.85,300,50050,3255200
NIFTY13OCT2217300CE.NFO,10/10/2022,09:15:08,52.85,52.5,50,52.85,450,26800,3255200
NIFTY13OCT2217300CE.NFO,10/10/2022,09:15:09,52.6,52.35,400,52.6,50,45250,3255200
NIFTY13OCT2217300CE.NFO,10/10/2022,09:15:10,52.55,52.4,400,52.55,450,45600,3255200
NIFTY13OCT2217300CE.NFO,10/10/2022,09:15:11,52.15,52.1,350,52.35,400,41500,3255200
NIFTY13OCT2217300CE.NFO,10/10/2022,09:15:12,52,51.8,100,52,450,22900,3255200
NIFTY13OCT2217300CE.NFO,10/10/2022,09:15:14,50.8,50.8,400,51,50,45400,3255200
NIFTY13OCT2217300CE.NFO,10/10/2022,09:15:15,52.8,52.8,300,52.85,2750,43250,3255200
NIFTY13OCT2217300CE.NFO,10/10/2022,09:15:16,53.1,53.05,100,53.25,50,46850,3255200
NIFTY13OCT2217300CE.NFO,10/10/2022,09:15:18,53.6,53.35,100,53.6,400,34950,3255200
NIFTY13OCT2217300CE.NFO,10/10/2022,09:15:19,54.85,54.75,500,54.9,50,33700,3255200
NIFTY13OCT2217300CE.NFO,10/10/2022,09:15:20,55.1,54.9,100,55.1,400,21700,3255200
NIFTY13OCT2217300CE.NFO,10/10/2022,09:15:21,54.9,54.9,200,55.1,1250,27700,3255200
NIFTY13OCT2217300CE.NFO,10/10/2022,09:15:23,56.6,56.45,50,56.5,100,26600,3255200
NIFTY13OCT2217300CE.NFO,10/10/2022,09:15:24,57.45,57.3,100,57.45,1150,33250,3255200
NIFTY13OCT2217300CE.NFO,10/10/2022,09:15:25,57.95,57.8,800,58,200,13800,3255200
NIFTY13OCT2217300CE.NFO,10/10/2022,09:15:27,59.5,59.45,50,59.6,300,28050,3255200
NIFTY13OCT2217300CE.NFO,10/10/2022,09:15:28,58.65,58.5,50,58.7,400,17400,3255200
NIFTY13OCT2217300CE.NFO,10/10/2022,09:15:29,58.25,58.05,400,58.25,450,23350,3255200
NIFTY13OCT2217300CE.NFO,10/10/2022,09:15:31,58.35,58.15,750,58.5,850,25100,3255200
NIFTY13OCT2217300CE.NFO,10/10/2022,09:15:32,57.05,56.9,50,57.05,50,28400,3255200
NIFTY13OCT2217300CE.NFO,10/10/2022,09:15:33,59.2,59.05,250,59.2,1250,20200,3255200
NIFTY13OCT2217300CE.NFO,10/10/2022,09:15:35,59,58.95,50,59.1,300,26250,3255200
NIFTY13OCT2217300CE.NFO,10/10/2022,09:15:36,60.35,60.1,200,60.4,600,14050,3255200
NIFTY13OCT2217300CE.NFO,10/10/2022,09:15:37,61.4,61.35,600,61.65,250,16850,3255200
NIFTY13OCT2217300CE.NFO,10/10/2022,09:15:38,62.35,62.4,50,62.65,50,26200,3255200
NIFTY13OCT2217300CE.NFO,10/10/2022,09:15:39,62.4,62.1,200,62.3,50,41150,3255200
NIFTY13OCT2217300CE.NFO,10/10/2022,09:15:41,61.85,61.65,650,61.9,200,23200,3255200
NIFTY13OCT2217300CE.NFO,10/10/2022,09:15:42,61.8,61.85,150,62.1,200,27350,3255200
NIFTY13OCT2217300CE.NFO,10/10/2022,09:15:43,60.7,60.55,100,60.7,200,26700,3255200
NIFTY13OCT2217300CE.NFO,10/10/2022,09:15:44,60,59.85,50,60,50,21700,3255200
NIFTY13OCT2217300CE.NFO,10/10/2022,09:15:45,58.7,58.45,550,58.7,1000,24450,3255200
NIFTY13OCT2217300CE.NFO,10/10/2022,09:15:46,58.25,58.25,300,58.5,1050,38200,3255200
NIFTY13OCT2217300CE.NFO,10/10/2022,09:15:48,60.25,60.25,50,60.35,450,36350,3255200
NIFTY13OCT2217300CE.NFO,10/10/2022,09:15:49,59.7,59.65,550,59.85,50,27300,3255200
NIFTY13OCT2217300CE.NFO,10/10/2022,09:15:50,59.85,59.65,100,59.8,200,14300,3255200
NIFTY13OCT2217300CE.NFO,10/10/2022,09:15:51,59.85,59.8,900,60.05,200,33900,3255200
NIFTY13OCT2217300CE.NFO,10/10/2022,09:15:53,58.85,58.85,50,59.1,50,88350,3255200
NIFTY13OCT2217300CE.NFO,10/10/2022,09:15:54,59.55,59.35,150,59.55,50,39900,3255200
NIFTY13OCT2217300CE.NFO,10/10/2022,09:15:55,59.5,59.2,1050,59.45,50,19100,3255200
NIFTY13OCT2217300CE.NFO,10/10/2022,09:15:56,58.75,58.7,50,58.8,50,18200,3255200
NIFTY13OCT2217300CE.NFO,10/10/2022,09:15:57,57.55,57.35,50,57.5,200,32450,3255200
NIFTY13OCT2217300CE.NFO,10/10/2022,09:15:59,57.35,57.35,50,57.5,550,19050,3255200
NIFTY13OCT2217300CE.NFO,10/10/2022,09:16:00,56.25,56.2,100,56.3,1200,20050,3255200
NIFTY13OCT2217300CE.NFO,10/10/2022,09:16:01,55.7,55.7,200,55.85,350,34900,3255200
NIFTY13OCT2217300CE.NFO,10/10/2022,09:16:02,54,53.75,350,54,1450,39800,3255200
NIFTY13OCT2217300CE.NFO,10/10/2022,09:16:03,54.2,54.2,350,54.25,250,21300,3255200
NIFTY13OCT2217300CE.NFO,10/10/2022,09:16:04,54.2,54.15,250,54.3,400,18400,3255200
NIFTY13OCT2217300CE.NFO,10/10/2022,09:16:05,53.2,53.2,150,53.35,250,25350,3255200
NIFTY13OCT2217300CE.NFO,10/10/2022,09:16:07,54.75,54.7,1100,54.9,50,40600,3255200
NIFTY13OCT2217300CE.NFO,10/10/2022,09:16:08,53.8,53.75,300,54,400,42250,3255200
NIFTY13OCT2217300CE.NFO,10/10/2022,09:16:09,52.95,52.75,100,52.9,650,35850,3255200
NIFTY13OCT2217300CE.NFO,10/10/2022,09:16:10,53.2,53.2,50,53.3,50,18500,3255200
NIFTY13OCT2217300CE.NFO,10/10/2022,09:16:11,53.35,53.25,300,53.4,250,21400,3255200
NIFTY13OCT2217300CE.NFO,10/10/2022,09:16:13,53.35,53.45,600,53.6,50,29200,3255200
NIFTY13OCT2217300CE.NFO,10/10/2022,09:16:14,52.65,52.65,50,52.75,150,26950,3255200
NIFTY13OCT2217300CE.NFO,10/10/2022,09:16:15,52.45,52.25,50,52.4,450,22750,3255200
NIFTY13OCT2217300CE.NFO,10/10/2022,09:16:16,52.45,52.45,250,52.6,250,24750,3255200
NIFTY13OCT2217300CE.NFO,10/10/2022,09:16:17,52.9,52.95,50,53.1,750,20850,3255200
NIFTY13OCT2217300CE.NFO,10/10/2022,09:16:19,53.4,53.4,150,53.5,100,22300,3255200
NIFTY13OCT2217300CE.NFO,10/10/2022,09:16:20,53.6,53.6,1700,53.75,150,15650,3255200
NIFTY13OCT2217300CE.NFO,10/10/2022,09:16:21,53.55,53.5,1600,53.65,50,24700,3255200
NIFTY13OCT2217300CE.NFO,10/10/2022,09:16:22,54.2,54.1,600,54.25,350,21000,3255200
NIFTY13OCT2217300CE.NFO,10/10/2022,09:16:23,54.25,54.15,100,54.25,50,14050,3255200
NIFTY13OCT2217300CE.NFO,10/10/2022,09:16:25,54.75,54.6,300,54.75,250,30700,3255200
NIFTY13OCT2217300CE.NFO,10/10/2022,09:16:26,54.3,54.35,50,54.4,100,28350,3255200
NIFTY13OCT2217300CE.NFO,10/10/2022,09:16:27,54.05,54.05,200,54.2,750,24850,3255200
NIFTY13OCT2217300CE.NFO,10/10/2022,09:16:28,54.25,54.15,250,54.3,200,21150,3255200
NIFTY13OCT2217300CE.NFO,10/10/2022,09:16:29,54.75,54.55,100,54.7,550,22500,3255200
NIFTY13OCT2217300CE.NFO,10/10/2022,09:16:30,55.45,55.5,1200,55.7,350,21600,3255200
NIFTY13OCT2217300CE.NFO,10/10/2022,09:16:31,55.75,55.75,50,55.85,500,21950,3255200
NIFTY13OCT2217300CE.NFO,10/10/2022,09:16:32,56.1,56,50,56.15,1300,25800,3255200
NIFTY13OCT2217300CE.NFO,10/10/2022,09:16:34,56.05,56.05,950,56.15,50,20350,3255200
NIFTY13OCT2217300CE.NFO,10/10/2022,09:16:35,56.2,56.05,650,56.2,100,21000,3255200
NIFTY13OCT2217300CE.NFO,10/10/2022,09:16:36,56.55,56.55,1050,56.65,100,17350,3255200
NIFTY13OCT2217300CE.NFO,10/10/2022,09:16:37,56.9,56.95,700,57.1,150,19000,3255200
NIFTY13OCT2217300CE.NFO,10/10/2022,09:16:38,57.1,56.95,200,57.1,400,13000,3255200
NIFTY13OCT2217300CE.NFO,10/10/2022,09:16:39,57.35,57.2,200,57.35,550,22900,3255200
NIFTY13OCT2217300CE.NFO,10/10/2022,09:16:40,56.9,56.75,400,56.85,100,12350,3255200
NIFTY13OCT2217300CE.NFO,10/10/2022,09:16:42,56,56,7900,56.15,100,33900,3255200
NIFTY13OCT2217300CE.NFO,10/10/2022,09:16:43,54.95,54.9,650,55.05,200,31500,3255200
NIFTY13OCT2217300CE.NFO,10/10/2022,09:16:44,55.2,55.2,1550,55.4,350,11600,3255200
NIFTY13OCT2217300CE.NFO,10/10/2022,09:16:45,55.1,54.9,800,55.1,2350,13950,3255200
NIFTY13OCT2217300CE.NFO,10/10/2022,09:16:46,55.9,55.9,50,56,27800,27550,3255200
NIFTY13OCT2217300CE.NFO,10/10/2022,09:16:48,55.9,55.75,350,55.85,300,45150,3255200
NIFTY13OCT2217300CE.NFO,10/10/2022,09:16:49,55.5,55.5,100,55.6,650,12750,3255200
NIFTY13OCT2217300CE.NFO,10/10/2022,09:16:50,55.4,55.45,200,55.6,950,15900,3255200
NIFTY13OCT2217300CE.NFO,10/10/2022,09:16:51,55.65,55.5,800,55.7,1400,12750,3255200
NIFTY13OCT2217300CE.NFO,10/10/2022,09:16:52,55.6,55.5,50,55.6,150,17350,3255200
NIFTY13OCT2217300CE.NFO,10/10/2022,09:16:53,55.75,55.7,650,55.85,350,15650,3255200
NIFTY13OCT2217300CE.NFO,10/10/2022,09:16:54,55.4,55.35,550,55.45,50,14900,3255200
NIFTY13OCT2217300CE.NFO,10/10/2022,09:16:55,55.25,55.05,400,55.25,1550,21950,3255200
NIFTY13OCT2217300CE.NFO,10/10/2022,09:16:56,55.35,55.3,100,55.4,1450,33400,3255200
NIFTY13OCT2217300CE.NFO,10/10/2022,09:16:57,55.75,55.6,750,55.7,750,44150,3255200
NIFTY13OCT2217300CE.NFO,10/10/2022,09:16:59,55.75,55.6,850,55.7,150,18400,3255200
NIFTY13OCT2217300CE.NFO,10/10/2022,09:17:00,55.45,55.45,350,55.55,200,16450,3255200
NIFTY13OCT2217300CE.NFO,10/10/2022,09:17:01,55.2,55.15,1300,55.2,550,17550,3255200
NIFTY13OCT2217300CE.NFO,10/10/2022,09:17:01,55.2,55.2,650,55.3,150,25650,3255200
NIFTY13OCT2217300CE.NFO,10/10/2022,09:17:03,54.7,54.65,600,54.75,1700,45650,3255200
NIFTY13OCT2217300CE.NFO,10/10/2022,09:17:04,54.5,54.35,550,54.5,1300,31550,3255200
NIFTY13OCT2217300CE.NFO,10/10/2022,09:17:06,54.2,54.15,500,54.25,100,36350,3255200
NIFTY13OCT2217300CE.NFO,10/10/2022,09:17:07,54.6,54.55,650,54.65,5250,126150,3255200
NIFTY13OCT2217300CE.NFO,10/10/2022,09:17:08,53.8,53.8,900,53.95,550,23550,3255200
NIFTY13OCT2217300CE.NFO,10/10/2022,09:17:10,53.75,53.7,200,53.8,19250,39850,3255200
NIFTY13OCT2217300CE.NFO,10/10/2022,09:17:11,53.55,53.45,500,53.55,450,25100,3255200
NIFTY13OCT2217300CE.NFO,10/10/2022,09:17:13,53.5,53.4,600,53.55,850,72350,3255200
NIFTY13OCT2217300CE.NFO,10/10/2022,09:17:14,52.95,52.85,550,53,1600,22600,3255200
NIFTY13OCT2217300CE.NFO,10/10/2022,09:17:16,52.85,52.8,100,52.85,17700,28250,3255200
NIFTY13OCT2217300CE.NFO,10/10/2022,09:17:17,52.75,52.7,250,52.8,12300,44450,3255200
NIFTY13OCT2217300CE.NFO,10/10/2022,09:17:18,52.65,52.6,50,52.65,1000,14500,3255200
NIFTY13OCT2217300CE.NFO,10/10/2022,09:17:19,52.5,52.5,350,52.6,7000,38100,3255200
NIFTY13OCT2217300CE.NFO,10/10/2022,09:17:21,52.5,52.45,200,52.5,17100,15650,3255200
NIFTY13OCT2217300CE.NFO,10/10/2022,09:17:22,52.55,52.5,400,52.55,950,53600,3255200
NIFTY13OCT2217300CE.NFO,10/10/2022,09:17:23,52.5,52.45,350,52.5,13350,27950,3596150
NIFTY13OCT2217300CE.NFO,10/10/2022,09:17:24,52.3,52.3,300,52.4,400,24450,3596150
NIFTY13OCT2217300CE.NFO,10/10/2022,09:17:25,52,51.9,950,52,200,25450,3596150
NIFTY13OCT2217300CE.NFO,10/10/2022,09:17:27,51.45,51.4,150,51.5,1500,13650,3596150
NIFTY13OCT2217300CE.NFO,10/10/2022,09:17:28,51.05,51,2550,51.05,750,28000,3596150
NIFTY13OCT2217300CE.NFO,10/10/2022,09:17:29,51.5,51.4,50,51.45,500,17650,3596150
NIFTY13OCT2217300CE.NFO,10/10/2022,09:17:31,50.7,50.6,1000,50.7,100,26550,3596150
NIFTY13OCT2217300CE.NFO,10/10/2022,09:17:33,50.45,50.4,1150,50.5,50,27250,3596150
NIFTY13OCT2217300CE.NFO,10/10/2022,09:17:33,50.15,50.4,1150,50.5,50,0,3596150
NIFTY13OCT2217300CE.NFO,10/10/2022,09:17:34,50.25,50.25,200,50.35,700,11650,3596150
NIFTY13OCT2217300CE.NFO,10/10/2022,09:17:34,50.1,50.25,200,50.35,700,0,3596150
NIFTY13OCT2217300CE.NFO,10/10/2022,09:17:36,50.05,50,49250,50.05,350,27200,3596150
NIFTY13OCT2217300CE.NFO,10/10/2022,09:17:36,50,50,49250,50.05,350,0,3596150
NIFTY13OCT2217300CE.NFO,10/10/2022,09:17:37,49.7,49.75,700,49.85,750,64700,3596150
NIFTY13OCT2217300CE.NFO,10/10/2022,09:17:37,49.65,49.75,700,49.85,750,0,3596150
NIFTY13OCT2217300CE.NFO,10/10/2022,09:17:39,49.65,49.5,1350,49.65,1800,10650,3596150
NIFTY13OCT2217300CE.NFO,10/10/2022,09:17:39,49.5,49.5,1350,49.65,1800,0,3596150
NIFTY13OCT2217300CE.NFO,10/10/2022,09:17:40,49.9,49.85,50,49.9,600,56700,3596150
NIFTY13OCT2217300CE.NFO,10/10/2022,09:17:40,49.45,49.85,50,49.9,600,0,3596150
NIFTY13OCT2217300CE.NFO,10/10/2022,09:17:42,49.95,49.85,1650,50,46800,27450,3596150
NIFTY13OCT2217300CE.NFO,10/10/2022,09:17:42,49.25,49.85,1650,50,46800,0,3596150
NIFTY13OCT2217300CE.NFO,10/10/2022,09:17:43,49.9,49.9,400,49.95,50,41500,3596150
NIFTY13OCT2217300CE.NFO,10/10/2022,09:17:44,49.95,49.8,2400,49.95,950,25550,3596150
NIFTY13OCT2217300CE.NFO,10/10/2022,09:17:46,50.25,50.2,1000,50.25,25500,40600,3596150
NIFTY13OCT2217300CE.NFO,10/10/2022,09:17:47,50.25,50.25,50,50.3,850,39450,3596150
NIFTY13OCT2217300CE.NFO,10/10/2022,09:17:48,51,50.95,1700,51.05,100,41700,3596150
NIFTY13OCT2217300CE.NFO,10/10/2022,09:17:50,52.4,52.3,1150,52.35,50,106200,3596150
NIFTY13OCT2217300CE.NFO,10/10/2022,09:17:52,51.4,51.3,800,51.4,550,38050,3596150
NIFTY13OCT2217300CE.NFO,10/10/2022,09:17:53,50.35,50.35,50,50.45,1600,40250,3596150
NIFTY13OCT2217300CE.NFO,10/10/2022,09:17:55,50.85,50.75,100,50.8,1200,22200,3596150
NIFTY13OCT2217300CE.NFO,10/10/2022,09:17:56,50.85,50.8,1250,50.95,1650,9400,3596150
NIFTY13OCT2217300CE.NFO,10/10/2022,09:17:58,50.45,50.45,700,50.55,200,10750,3596150
NIFTY13OCT2217300CE.NFO,10/10/2022,09:17:59,50.9,50.8,700,50.85,50,15350,3596150
NIFTY13OCT2217300CE.NFO,10/10/2022,09:18:01,49.8,49.75,1150,49.85,200,41100,3596150
NIFTY13OCT2217300CE.NFO,10/10/2022,09:18:02,49.4,49.3,250,49.4,700,22950,3596150
NIFTY13OCT2217300CE.NFO,10/10/2022,09:18:04,49.5,49.45,250,49.55,1600,23500,3596150
NIFTY13OCT2217300CE.NFO,10/10/2022,09:18:04,49.1,49.45,250,49.55,1600,0,3596150
NIFTY13OCT2217300CE.NFO,10/10/2022,09:18:05,49.25,49.15,900,49.25,550,9100,3596150
NIFTY13OCT2217300CE.NFO,10/10/2022,09:18:05,49.05,49.15,900,49.25,550,0,3596150
NIFTY13OCT2217300CE.NFO,10/10/2022,09:18:06,49,49.05,150,49.15,2850,20250,3596150
NIFTY13OCT2217300CE.NFO,10/10/2022,09:18:06,49,49.05,150,49.15,2850,0,3596150
NIFTY13OCT2217300CE.NFO,10/10/2022,09:18:08,48.9,48.9,900,49,2350,18700,3596150
NIFTY13OCT2217300CE.NFO,10/10/2022,09:18:08,48.55,48.9,900,49,2350,0,3596150
NIFTY13OCT2217300CE.NFO,10/10/2022,09:18:09,49,48.95,50,49,2650,29700,3596150
NIFTY13OCT2217300CE.NFO,10/10/2022,09:18:10,49.3,49.2,1050,49.3,1200,25400,3596150
NIFTY13OCT2217300CE.NFO,10/10/2022,09:18:11,48.75,48.65,1150,48.75,250,18700,3596150
NIFTY13OCT2217300CE.NFO,10/10/2022,09:18:13,48.7,48.7,1500,48.8,1750,3550,3596150
NIFTY13OCT2217300CE.NFO,10/10/2022,09:18:14,48.55,48.4,2900,48.5,200,10450,3596150
NIFTY13OCT2217300CE.NFO,10/10/2022,09:18:14,48.4,48.4,2900,48.5,200,0,3596150
NIFTY13OCT2217300CE.NFO,10/10/2022,09:18:15,48.4,48.4,1750,48.5,1400,9450,3596150
NIFTY13OCT2217300CE.NFO,10/10/2022,09:18:16,48.15,48.05,50,48.15,1350,27250,3596150
NIFTY13OCT2217300CE.NFO,10/10/2022,09:18:16,48,48.05,50,48.15,1350,0,3596150
NIFTY13OCT2217300CE.NFO,10/10/2022,09:18:18,48.15,48.05,2250,48.2,6100,28700,3596150
NIFTY13OCT2217300CE.NFO,10/10/2022,09:18:18,47.8,48.05,2250,48.2,6100,0,3596150
NIFTY13OCT2217300CE.NFO,10/10/2022,09:18:19,48.05,47.95,100,48.05,1050,8000,3596150
NIFTY13OCT2217300CE.NFO,10/10/2022,09:18:20,48.4,48.25,450,48.4,2950,10200,3596150
NIFTY13OCT2217300CE.NFO,10/10/2022,09:18:22,48,47.85,2300,48,4700,10550,3596150
NIFTY13OCT2217300CE.NFO,10/10/2022,09:18:22,47.75,47.85,2300,48,4700,0,3596150
NIFTY13OCT2217300CE.NFO,10/10/2022,09:18:23,47.9,47.8,1450,47.9,300,17250,3596150
NIFTY13OCT2217300CE.NFO,10/10/2022,09:18:23,47.7,47.8,1450,47.9,300,0,3596150
NIFTY13OCT2217300CE.NFO,10/10/2022,09:18:24,47.65,47.65,650,47.7,50,11650,3596150
NIFTY13OCT2217300CE.NFO,10/10/2022,09:18:24,47.5,47.65,650,47.7,50,0,3596150
NIFTY13OCT2217300CE.NFO,10/10/2022,09:18:26,47.8,47.8,200,47.9,2050,17100,3596150
NIFTY13OCT2217300CE.NFO,10/10/2022,09:18:27,47.2,47.15,1950,47.2,150,20500,3596150
NIFTY13OCT2217300CE.NFO,10/10/2022,09:18:27,47.05,47.15,1950,47.2,150,0,3596150
NIFTY13OCT2217300CE.NFO,10/10/2022,09:18:28,47.25,47.25,1100,47.4,3500,24550,3596150
NIFTY13OCT2217300CE.NFO,10/10/2022,09:18:30,47.5,47.45,1300,47.55,150,14900,3596150
NIFTY13OCT2217300CE.NFO,10/10/2022,09:18:31,47.5,47.4,1500,47.5,200,20050,3596150
NIFTY13OCT2217300CE.NFO,10/10/2022,09:18:32,47.3,47.25,3300,47.3,150,16900,3596150
NIFTY13OCT2217300CE.NFO,10/10/2022,09:18:33,47.35,47.35,2900,47.5,1200,7000,3596150
NIFTY13OCT2217300CE.NFO,10/10/2022,09:18:35,47.6,47.65,1250,47.75,50,15550,3596150
NIFTY13OCT2217300CE.NFO,10/10/2022,09:18:36,48.05,48.05,1100,48.1,50,11600,3596150
NIFTY13OCT2217300CE.NFO,10/10/2022,09:18:38,48.45,48.4,1250,48.5,50,26850,3596150
NIFTY13OCT2217300CE.NFO,10/10/2022,09:18:39,48.85,48.8,1650,48.9,1000,39100,3596150
NIFTY13OCT2217300CE.NFO,10/10/2022,09:18:41,48.95,48.95,750,49.05,1250,15850,3596150
NIFTY13OCT2217300CE.NFO,10/10/2022,09:18:42,48.55,48.4,2600,48.55,2500,11900,3596150
NIFTY13OCT2217300CE.NFO,10/10/2022,09:18:43,48.05,48,6500,48.1,950,6600,3596150
NIFTY13OCT2217300CE.NFO,10/10/2022,09:18:45,47.8,47.8,1750,47.95,3050,15650,3596150
NIFTY13OCT2217300CE.NFO,10/10/2022,09:18:46,47.8,47.8,1700,47.9,150,19550,3596150
NIFTY13OCT2217300CE.NFO,10/10/2022,09:18:47,47.9,47.8,1450,47.9,200,7350,3596150
NIFTY13OCT2217300CE.NFO,10/10/2022,09:18:48,47.45,47.5,100,47.65,3750,20750,3596150
NIFTY13OCT2217300CE.NFO,10/10/2022,09:18:50,47.6,47.5,100,47.55,1250,13750,3596150
NIFTY13OCT2217300CE.NFO,10/10/2022,09:18:51,47.55,47.45,50,47.55,2100,11500,3596150
NIFTY13OCT2217300CE.NFO,10/10/2022,09:18:52,47.8,47.65,2800,47.8,4500,7500,3596150
NIFTY13OCT2217300CE.NFO,10/10/2022,09:18:53,47.4,47.35,1350,47.4,50,8050,3596150
NIFTY13OCT2217300CE.NFO,10/10/2022,09:18:54,47.25,47.25,2300,47.35,50,7050,3596150
NIFTY13OCT2217300CE.NFO,10/10/2022,09:18:56,47.3,47.25,1800,47.35,50,18400,3596150
NIFTY13OCT2217300CE.NFO,10/10/2022,09:18:57,47.4,47.45,250,47.55,1250,10550,3596150
NIFTY13OCT2217300CE.NFO,10/10/2022,09:18:58,47.2,47.15,50,47.2,2250,32400,3596150
NIFTY13OCT2217300CE.NFO,10/10/2022,09:19:00,47.05,47.05,50,47.1,2950,10500,3596150
NIFTY13OCT2217300CE.NFO,10/10/2022,09:19:01,46.3,46.25,2000,46.35,100,34350,3596150
NIFTY13OCT2217300CE.NFO,10/10/2022,09:19:01,46.3,46.25,2000,46.35,100,0,3596150
NIFTY13OCT2217300CE.NFO,10/10/2022,09:19:02,46.3,46.15,4550,46.3,1250,47800,3596150
NIFTY13OCT2217300CE.NFO,10/10/2022,09:19:02,46,46.15,4550,46.3,1250,0,3596150
NIFTY13OCT2217300CE.NFO,10/10/2022,09:19:04,46.05,46,50,46.05,1300,12250,3596150
NIFTY13OCT2217300CE.NFO,10/10/2022,09:19:04,45.95,46,50,46.05,1300,0,3596150
NIFTY13OCT2217300CE.NFO,10/10/2022,09:19:05,46,45.95,100,46,1650,15800,3596150
NIFTY13OCT2217300CE.NFO,10/10/2022,09:19:05,45.8,45.95,100,46,1650,0,3596150
NIFTY13OCT2217300CE.NFO,10/10/2022,09:19:07,45.65,45.5,1950,45.65,5000,14100,3596150
NIFTY13OCT2217300CE.NFO,10/10/2022,09:19:07,45.45,45.5,1950,45.65,5000,0,3596150
NIFTY13OCT2217300CE.NFO,10/10/2022,09:19:08,45.8,45.85,50,45.9,2600,17450,3596150
NIFTY13OCT2217300CE.NFO,10/10/2022,09:19:09,45.75,45.6,2300,45.75,4200,10800,3596150
NIFTY13OCT2217300CE.NFO,10/10/2022,09:19:10,45.5,45.4,900,45.5,1900,6200,3596150
NIFTY13OCT2217300CE.NFO,10/10/2022,09:19:10,45.4,45.4,900,45.5,1900,0,3596150
NIFTY13OCT2217300CE.NFO,10/10/2022,09:19:12,45.45,45.45,450,45.55,2300,29600,3596150
NIFTY13OCT2217300CE.NFO,10/10/2022,09:19:12,45.25,45.45,450,45.55,2300,0,3596150
NIFTY13OCT2217300CE.NFO,10/10/2022,09:19:13,46.15,46.15,2000,46.25,2100,49500,3596150
NIFTY13OCT2217300CE.NFO,10/10/2022,09:19:14,46.25,46.2,2650,46.3,50,13500,3596150
NIFTY13OCT2217300CE.NFO,10/10/2022,09:19:16,47.1,47.05,500,47.1,2450,49600,3596150
NIFTY13OCT2217300CE.NFO,10/10/2022,09:19:17,46.9,46.9,4900,47.05,2150,36950,3596150
NIFTY13OCT2217300CE.NFO,10/10/2022,09:19:18,46.25,46.3,150,46.35,600,14400,3596150
NIFTY13OCT2217300CE.NFO,10/10/2022,09:19:20,46.1,46,3400,46.15,4600,34950,3596150
NIFTY13OCT2217300CE.NFO,10/10/2022,09:19:21,45.85,45.8,2600,45.9,400,22650,3596150
NIFTY13OCT2217300CE.NFO,10/10/2022,09:19:22,46.15,46.1,2750,46.2,1300,30650,3596150
NIFTY13OCT2217300CE.NFO,10/10/2022,09:19:24,46,46,400,46.1,2050,15150,3596150
NIFTY13OCT2217300CE.NFO,10/10/2022,09:19:25,46.15,46,3750,46.15,4400,9450,3596150
NIFTY13OCT2217300CE.NFO,10/10/2022,09:19:26,46.15,46.15,550,46.25,3250,13550,3596150
NIFTY13OCT2217300CE.NFO,10/10/2022,09:19:27,46.8,46.75,600,46.85,4250,50150,3596150
NIFTY13OCT2217300CE.NFO,10/10/2022,09:19:29,46.9,46.8,2350,46.9,1700,15050,3596150
NIFTY13OCT2217300CE.NFO,10/10/2022,09:19:30,46.8,46.8,200,46.9,2000,26900,3596150
NIFTY13OCT2217300CE.NFO,10/10/2022,09:19:31,46.9,46.8,1200,46.9,1600,13100,3596150
NIFTY13OCT2217300CE.NFO,10/10/2022,09:19:32,46.35,46.3,3900,46.4,600,26000,3596150
NIFTY13OCT2217300CE.NFO,10/10/2022,09:19:33,46.75,46.75,350,46.85,1950,10600,3596150
NIFTY13OCT2217300CE.NFO,10/10/2022,09:19:34,46.9,46.75,2650,46.9,2250,8900,3596150
NIFTY13OCT2217300CE.NFO,10/10/2022,09:19:35,46.75,46.75,250,46.85,2050,6300,3596150
NIFTY13OCT2217300CE.NFO,10/10/2022,09:19:37,46.7,46.65,3000,46.75,50,8200,3596150
NIFTY13OCT2217300CE.NFO,10/10/2022,09:19:38,46.7,46.75,950,46.85,3850,14300,3596150
NIFTY13OCT2217300CE.NFO,10/10/2022,09:19:39,46.65,46.55,500,46.6,5450,10200,3596150
NIFTY13OCT2217300CE.NFO,10/10/2022,09:19:40,46.55,46.55,2550,46.65,150,11400,3596150
NIFTY13OCT2217300CE.NFO,10/10/2022,09:19:41,46.65,46.6,50,46.65,700,14000,3596150
NIFTY13OCT2217300CE.NFO,10/10/2022,09:19:42,46.55,46.4,5900,46.55,5100,9900,3596150
NIFTY13OCT2217300CE.NFO,10/10/2022,09:19:43,46.55,46.45,3300,46.55,300,7550,3596150
NIFTY13OCT2217300CE.NFO,10/10/2022,09:19:44,46.65,46.6,50,46.65,2500,11400,3596150
NIFTY13OCT2217300CE.NFO,10/10/2022,09:19:45,46.75,46.7,500,46.75,77200,26200,3596150
NIFTY13OCT2217300CE.NFO,10/10/2022,09:19:46,46.75,46.7,300,46.75,19700,69900,3596150
NIFTY13OCT2217300CE.NFO,10/10/2022,09:19:48,46.75,46.65,1950,46.75,10900,17750,3596150
NIFTY13OCT2217300CE.NFO,10/10/2022,09:19:49,46.65,46.5,2700,46.65,6550,12150,3596150
NIFTY13OCT2217300CE.NFO,10/10/2022,09:19:50,46.85,46.75,3500,46.85,2350,21200,3596150
NIFTY13OCT2217300CE.NFO,10/10/2022,09:19:51,46.6,46.5,2400,46.6,2450,31450,3596150
NIFTY13OCT2217300CE.NFO,10/10/2022,09:19:53,46.65,46.5,2950,46.65,2900,12400,3596150
NIFTY13OCT2217300CE.NFO,10/10/2022,09:19:54,46.9,46.8,5900,46.9,300,12800,3596150
NIFTY13OCT2217300CE.NFO,10/10/2022,09:19:55,46.95,46.8,5850,46.95,2000,32550,3596150
NIFTY13OCT2217300CE.NFO,10/10/2022,09:19:56,46.75,46.75,950,46.85,3300,20300,3596150
NIFTY13OCT2217300CE.NFO,10/10/2022,09:19:57,46.6,46.6,200,46.7,2250,18850,3596150
NIFTY13OCT2217300CE.NFO,10/10/2022,09:19:59,46.7,46.5,1150,46.6,2300,17450,3596150
NIFTY13OCT2217300CE.NFO,10/10/2022,09:20:00,46.45,46.35,5250,46.45,50,17400,3596150
NIFTY13OCT2217300CE.NFO,10/10/2022,09:20:01,45.2,45.1,3700,45.15,150,39200,3596150
NIFTY13OCT2217300CE.NFO,10/10/2022,09:20:01,45.15,45.1,3700,45.15,150,0,3596150
NIFTY13OCT2217300CE.NFO,10/10/2022,09:20:02,44.45,44.4,2300,44.5,2450,88550,3596150
NIFTY13OCT2217300CE.NFO,10/10/2022,09:20:02,44.4,44.4,2300,44.5,2450,0,3596150
NIFTY13OCT2217300CE.NFO,10/10/2022,09:20:04,44.2,44.2,5550,44.35,3900,40600,3596150
NIFTY13OCT2217300CE.NFO,10/10/2022,09:20:04,44.2,44.2,5550,44.35,3900,0,3596150
NIFTY13OCT2217300CE.NFO,10/10/2022,09:20:05,44,43.9,3050,44,850,35600,3596150
NIFTY13OCT2217300CE.NFO,10/10/2022,09:20:05,43.95,43.9,3050,44,850,0,3596150
NIFTY13OCT2217300CE.NFO,10/10/2022,09:20:06,44.2,44.1,2300,44.2,1650,33050,3596150
NIFTY13OCT2217300CE.NFO,10/10/2022,09:20:06,43.75,44.1,2300,44.2,1650,0,3596150
NIFTY13OCT2217300CE.NFO,10/10/2022,09:20:07,43.95,43.9,7000,44,150,17300,3596150
NIFTY13OCT2217300CE.NFO,10/10/2022,09:20:08,44.1,44,5600,44.1,50,32050,3596150
NIFTY13OCT2217300CE.NFO,10/10/2022,09:20:09,44.05,43.95,4800,44.05,150,16600,3596150
NIFTY13OCT2217300CE.NFO,10/10/2022,09:20:10,43.4,43.3,2800,43.4,3900,47400,3596150
NIFTY13OCT2217300CE.NFO,10/10/2022,09:20:10,43.25,43.3,2800,43.4,3900,0,3596150
NIFTY13OCT2217300CE.NFO,10/10/2022,09:20:11,43.35,43.25,100,43.35,3700,12600,3596150
NIFTY13OCT2217300CE.NFO,10/10/2022,09:20:11,43.2,43.25,100,43.35,3700,0,3596150
NIFTY13OCT2217300CE.NFO,10/10/2022,09:20:12,43.15,43,2850,43.1,5600,25300,3596150
NIFTY13OCT2217300CE.NFO,10/10/2022,09:20:12,42.95,43,2850,43.1,5600,0,3596150
NIFTY13OCT2217300CE.NFO,10/10/2022,09:20:13,42.6,42.65,100,42.75,3300,14700,3596150
NIFTY13OCT2217300CE.NFO,10/10/2022,09:20:13,42.6,42.65,100,42.75,3300,0,3596150
NIFTY13OCT2217300CE.NFO,10/10/2022,09:20:14,42.85,42.7,6500,42.85,6200,9500,3596150
NIFTY13OCT2217300CE.NFO,10/10/2022,09:20:16,42.3,42.25,1850,42.35,4650,22650,3596150
NIFTY13OCT2217300CE.NFO,10/10/2022,09:20:16,42.25,42.25,1850,42.35,4650,0,3596150
NIFTY13OCT2217300CE.NFO,10/10/2022,09:20:17,42.4,42.25,2950,42.4,7450,12450,3596150
NIFTY13OCT2217300CE.NFO,10/10/2022,09:20:17,42.1,42.25,2950,42.4,7450,0,3596150
NIFTY13OCT2217300CE.NFO,10/10/2022,09:20:18,42.4,42.3,6150,42.4,150,19800,3596150
NIFTY13OCT2217300CE.NFO,10/10/2022,09:20:18,42.05,42.3,6150,42.4,150,0,3596150
NIFTY13OCT2217300CE.NFO,10/10/2022,09:20:19,42.25,42.1,50,42.2,3800,62600,3596150
NIFTY13OCT2217300CE.NFO,10/10/2022,09:20:20,41.9,41.9,2250,41.95,100,41950,3596150
NIFTY13OCT2217300CE.NFO,10/10/2022,09:20:20,41.85,41.9,2250,41.95,100,0,3596150
NIFTY13OCT2217300CE.NFO,10/10/2022,09:20:21,41.9,41.9,100,42,7900,13050,3596150
NIFTY13OCT2217300CE.NFO,10/10/2022,09:20:23,42.35,42.3,3650,42.4,5900,43000,3596150
NIFTY13OCT2217300CE.NFO,10/10/2022,09:20:24,42,42.05,500,42.1,3150,15850,4421050
NIFTY13OCT2217300CE.NFO,10/10/2022,09:20:25,41.9,41.85,2650,41.95,3450,10750,4421050
NIFTY13OCT2217300CE.NFO,10/10/2022,09:20:26,41.7,41.65,50,41.7,2900,13850,4421050
NIFTY13OCT2217300CE.NFO,10/10/2022,09:20:26,41.55,41.65,50,41.7,2900,0,4421050
NIFTY13OCT2217300CE.NFO,10/10/2022,09:20:27,41.9,41.95,2800,42,200,13850,4421050
NIFTY13OCT2217300CE.NFO,10/10/2022,09:20:27,41.4,41.95,2800,42,200,0,4421050
NIFTY13OCT2217300CE.NFO,10/10/2022,09:20:28,42.25,42.2,5300,42.3,950,19300,4421050
NIFTY13OCT2217300CE.NFO,10/10/2022,09:20:29,43.25,43.2,3550,43.3,3200,49500,4421050
NIFTY13OCT2217300CE.NFO,10/10/2022,09:20:31,42.95,42.8,2600,42.9,3050,25150,4421050
NIFTY13OCT2217300CE.NFO,10/10/2022,09:20:32,42.6,42.5,7700,42.6,2800,24150,4421050
NIFTY13OCT2217300CE.NFO,10/10/2022,09:20:33,42.3,42.3,5950,42.4,1050,29900,4421050
NIFTY13OCT2217300CE.NFO,10/10/2022,09:20:34,42.3,42.2,6650,42.3,900,12300,4421050
NIFTY13OCT2217300CE.NFO,10/10/2022,09:20:35,42.9,42.9,150,43,4700,9950,4421050
NIFTY13OCT2217300CE.NFO,10/10/2022,09:20:36,42.85,42.85,1250,42.95,3400,22450,4421050
NIFTY13OCT2217300CE.NFO,10/10/2022,09:20:37,43.15,43.05,100,43.15,7000,11000,4421050
NIFTY13OCT2217300CE.NFO,10/10/2022,09:20:38,43.3,43.1,5450,43.25,4050,11250,4421050
NIFTY13OCT2217300CE.NFO,10/10/2022,09:20:40,43.7,43.7,2850,43.8,3950,9800,4421050
NIFTY13OCT2217300CE.NFO,10/10/2022,09:20:41,43.35,43.3,7100,43.45,3200,4500,4421050
NIFTY13OCT2217300CE.NFO,10/10/2022,09:20:41,43.25,43.25,4450,43.4,7900,350,4421050
NIFTY13OCT2217300CE.NFO,10/10/2022,09:20:42,43.6,43.45,6050,43.6,4500,8700,4421050
NIFTY13OCT2217300CE.NFO,10/10/2022,09:20:43,43.3,43.15,3550,43.3,5550,23850,4421050
NIFTY13OCT2217300CE.NFO,10/10/2022,09:20:44,43.25,43.3,4700,43.35,50,28550,4421050
NIFTY13OCT2217300CE.NFO,10/10/2022,09:20:45,43.15,43,2850,43.1,150,32900,4421050
NIFTY13OCT2217300CE.NFO,10/10/2022,09:20:46,43.05,43,4650,43.1,5400,59950,4421050
NIFTY13OCT2217300CE.NFO,10/10/2022,09:20:48,42.95,42.85,3350,42.9,50,21450,4421050
NIFTY13OCT2217300CE.NFO,10/10/2022,09:20:49,42.85,42.8,350,42.85,2700,12050,4421050
NIFTY13OCT2217300CE.NFO,10/10/2022,09:20:50,42.9,42.85,950,42.95,5500,27950,4421050
NIFTY13OCT2217300CE.NFO,10/10/2022,09:20:51,42.85,42.75,3100,42.8,100,7450,4421050
NIFTY13OCT2217300CE.NFO,10/10/2022,09:20:52,42.85,42.85,550,42.9,50,18150,4421050
NIFTY13OCT2217300CE.NFO,10/10/2022,09:20:54,42.65,42.55,4950,42.65,750,15100,4421050
NIFTY13OCT2217300CE.NFO,10/10/2022,09:20:54,42.65,42.6,5200,42.7,2800,250,4421050
NIFTY13OCT2217300CE.NFO,10/10/2022,09:20:55,42.6,42.65,100,42.7,2850,22200,4421050
NIFTY13OCT2217300CE.NFO,10/10/2022,09:20:56,42.6,42.5,4400,42.55,100,24600,4421050
NIFTY13OCT2217300CE.NFO,10/10/2022,09:20:57,42.5,42.45,50,42.5,8900,25400,4421050
NIFTY13OCT2217300CE.NFO,10/10/2022,09:20:58,42.5,42.5,350,42.6,3150,26600,4421050
NIFTY13OCT2217300CE.NFO,10/10/2022,09:21:00,42.15,42.1,3200,42.15,2600,25300,4421050
NIFTY13OCT2217300CE.NFO,10/10/2022,09:21:01,41.7,41.7,6800,41.75,150,41200,4421050
NIFTY13OCT2217300CE.NFO,10/10/2022,09:21:02,41.6,41.55,600,41.6,650,13650,4421050
NIFTY13OCT2217300CE.NFO,10/10/2022,09:21:03,41.55,41.55,6100,41.6,50,26350,4421050
NIFTY13OCT2217300CE.NFO,10/10/2022,09:21:04,41.4,41.45,3900,41.55,800,5450,4421050
NIFTY13OCT2217300CE.NFO,10/10/2022,09:21:05,41.7,41.65,100,41.7,2000,8200,4421050
NIFTY13OCT2217300CE.NFO,10/10/2022,09:21:07,41.3,41.3,2750,41.4,550,19500,4421050
NIFTY13OCT2217300CE.NFO,10/10/2022,09:21:07,41.3,41.3,2750,41.4,550,0,4421050
NIFTY13OCT2217300CE.NFO,10/10/2022,09:21:08,41.4,41.45,50,41.5,2500,12900,4421050
NIFTY13OCT2217300CE.NFO,10/10/2022,09:21:08,41.25,41.45,50,41.5,2500,0,4421050
NIFTY13OCT2217300CE.NFO,10/10/2022,09:21:09,42,41.9,2900,42,2300,25100,4421050
NIFTY13OCT2217300CE.NFO,10/10/2022,09:21:10,41.5,41.45,4000,41.6,6150,25800,4421050
NIFTY13OCT2217300CE.NFO,10/10/2022,09:21:11,41.3,41.3,5500,41.4,1150,10950,4421050
NIFTY13OCT2217300CE.NFO,10/10/2022,09:21:12,41.35,41.35,2300,41.45,3200,10050,4421050
NIFTY13OCT2217300CE.NFO,10/10/2022,09:21:14,41.75,41.75,3000,41.85,2700,13600,4421050
NIFTY13OCT2217300CE.NFO,10/10/2022,09:21:14,41.2,41.75,3000,41.85,2700,0,4421050
NIFTY13OCT2217300CE.NFO,10/10/2022,09:21:15,41.85,41.85,4750,42,8700,12600,4421050
NIFTY13OCT2217300CE.NFO,10/10/2022,09:21:15,41.9,41.9,4800,42,3300,5300,4421050
NIFTY13OCT2217300CE.NFO,10/10/2022,09:21:16,42.25,42.1,7050,42.25,5450,36650,4421050
NIFTY13OCT2217300CE.NFO,10/10/2022,09:21:17,42.4,42.3,400,42.4,3350,31950,4421050
NIFTY13OCT2217300CE.NFO,10/10/2022,09:21:18,42.15,42.1,900,42.15,4050,10900,4421050
NIFTY13OCT2217300CE.NFO,10/10/2022,09:21:19,42.45,42.4,400,42.45,5250,6200,4421050
NIFTY13OCT2217300CE.NFO,10/10/2022,09:21:20,42.5,42.4,1850,42.5,25750,10800,4421050
NIFTY13OCT2217300CE.NFO,10/10/2022,09:21:22,42.45,42.45,2800,42.5,200,31600,4421050
NIFTY13OCT2217300CE.NFO,10/10/2022,09:21:23,42.15,42.15,750,42.2,2850,15600,4421050
NIFTY13OCT2217300CE.NFO,10/10/2022,09:21:23,42.15,42.15,5850,42.25,3750,250,4421050
NIFTY13OCT2217300CE.NFO,10/10/2022,09:21:24,42.4,42.4,3600,42.5,2600,8500,4421050
NIFTY13OCT2217300CE.NFO,10/10/2022,09:21:25,42.55,42.65,100,42.7,2850,9800,4421050
NIFTY13OCT2217300CE.NFO,10/10/2022,09:21:26,42.85,42.75,5700,42.85,13300,14300,4421050
NIFTY13OCT2217300CE.NFO,10/10/2022,09:21:27,42.75,42.75,3800,42.85,5500,59800,4421050
NIFTY13OCT2217300CE.NFO,10/10/2022,09:21:28,42.9,42.75,3200,42.9,5250,11350,4421050
NIFTY13OCT2217300CE.NFO,10/10/2022,09:21:29,42.95,42.85,2800,42.95,5550,18050,4421050
NIFTY13OCT2217300CE.NFO,10/10/2022,09:21:30,42.85,42.85,3500,43,22200,15950,4421050
NIFTY13OCT2217300CE.NFO,10/10/2022,09:21:31,42.9,42.85,50,42.9,750,5900,4421050
NIFTY13OCT2217300CE.NFO,10/10/2022,09:21:33,43.2,43.1,6250,43.2,50,42300,4421050
NIFTY13OCT2217300CE.NFO,10/10/2022,09:21:33,43.2,43.15,5400,43.2,50,17800,4421050
NIFTY13OCT2217300CE.NFO,10/10/2022,09:21:34,43.05,43.05,1450,43.1,200,13750,4421050
NIFTY13OCT2217300CE.NFO,10/10/2022,09:21:35,43,42.95,1650,43,800,15950,4421050
NIFTY13OCT2217300CE.NFO,10/10/2022,09:21:36,42.9,42.85,1700,42.9,50,18400,4421050
NIFTY13OCT2217300CE.NFO,10/10/2022,09:21:37,43.05,42.95,1050,43,300,11500,4421050
NIFTY13OCT2217300CE.NFO,10/10/2022,09:21:38,43.25,43.15,4250,43.25,2950,19850,4421050
NIFTY13OCT2217300CE.NFO,10/10/2022,09:21:40,43.2,43.15,50,43.2,2850,7650,4421050
NIFTY13OCT2217300CE.NFO,10/10/2022,09:21:41,43.1,43.05,3700,43.15,50,9050,4421050
NIFTY13OCT2217300CE.NFO,10/10/2022,09:21:42,43.1,43.1,300,43.15,16150,42750,4421050
NIFTY13OCT2217300CE.NFO,10/10/2022,09:21:42,43.05,43.05,1350,43.1,350,700,4421050
NIFTY13OCT2217300CE.NFO,10/10/2022,09:21:43,42.6,42.55,3600,42.6,100,118400,4421050
NIFTY13OCT2217300CE.NFO,10/10/2022,09:21:44,42.6,42.45,7400,42.55,2900,19600,4421050
NIFTY13OCT2217300CE.NFO,10/10/2022,09:21:45,42.45,42.4,4100,42.5,850,9400,4421050
NIFTY13OCT2217300CE.NFO,10/10/2022,09:21:46,42.45,42.45,4000,42.5,50,13700,4421050
NIFTY13OCT2217300CE.NFO,10/10/2022,09:21:48,42.7,42.65,3050,42.7,100,9150,4421050
NIFTY13OCT2217300CE.NFO,10/10/2022,09:21:49,42.8,42.7,2800,42.8,3000,2900,4421050
NIFTY13OCT2217300CE.NFO,10/10/2022,09:21:50,42.7,42.65,50,42.7,5150,9050,4421050
NIFTY13OCT2217300CE.NFO,10/10/2022,09:21:51,42.75,42.6,4500,42.7,200,8750,4421050
NIFTY13OCT2217300CE.NFO,10/10/2022,09:21:51,42.85,42.75,50,42.85,5000,550,4421050
NIFTY13OCT2217300CE.NFO,10/10/2022,09:21:52,42.9,42.75,4600,42.9,5500,15000,4421050
NIFTY13OCT2217300CE.NFO,10/10/2022,09:21:53,42.8,42.75,2950,42.85,3350,5850,4421050
NIFTY13OCT2217300CE.NFO,10/10/2022,09:21:55,43.1,43.1,100,43.15,2700,46950,4421050
NIFTY13OCT2217300CE.NFO,10/10/2022,09:21:56,43.3,43.2,3950,43.3,850,13700,4421050
NIFTY13OCT2217300CE.NFO,10/10/2022,09:21:57,43.5,43.4,7250,43.5,3550,31950,4421050
NIFTY13OCT2217300CE.NFO,10/10/2022,09:21:58,43.75,43.6,5500,43.7,50,8100,4421050
NIFTY13OCT2217300CE.NFO,10/10/2022,09:21:59,43.7,43.7,600,43.8,3200,4650,4421050
NIFTY13OCT2217300CE.NFO,10/10/2022,09:21:59,43.65,43.7,2900,43.8,50,200,4421050
NIFTY13OCT2217300CE.NFO,10/10/2022,09:22:00,43.6,43.5,2800,43.6,2350,15950,4421050
NIFTY13OCT2217300CE.NFO,10/10/2022,09:22:01,43.55,43.4,4950,43.55,4200,3550,4421050
NIFTY13OCT2217300CE.NFO,10/10/2022,09:22:02,43.4,43.35,3600,43.5,2500,4900,4421050
NIFTY13OCT2217300CE.NFO,10/10/2022,09:22:04,43.35,43.25,6900,43.35,600,9950,4421050
NIFTY13OCT2217300CE.NFO,10/10/2022,09:22:05,43.4,43.35,50,43.45,4650,3000,4421050
NIFTY13OCT2217300CE.NFO,10/10/2022,09:22:06,43.25,43.2,2000,43.3,5550,6750,4421050
NIFTY13OCT2217300CE.NFO,10/10/2022,09:22:06,43.4,43.35,3800,43.45,5100,150,4421050
NIFTY13OCT2217300CE.NFO,10/10/2022,09:22:07,43.3,43.25,4000,43.35,50,7500,4421050
NIFTY13OCT2217300CE.NFO,10/10/2022,09:22:08,43.25,43.2,3000,43.3,1550,2150,4421050
NIFTY13OCT2217300CE.NFO,10/10/2022,09:22:09,43.5,43.45,50,43.5,2800,7800,4421050
NIFTY13OCT2217300CE.NFO,10/10/2022,09:22:10,43.4,43.35,50,43.4,5500,4700,4421050
NIFTY13OCT2217300CE.NFO,10/10/2022,09:22:11,43.55,43.45,6550,43.6,7400,8100,4421050
NIFTY13OCT2217300CE.NFO,10/10/2022,09:22:13,44.45,44.3,4400,44.45,4400,47400,4421050
NIFTY13OCT2217300CE.NFO,10/10/2022,09:22:14,44.25,44.25,6450,44.4,3000,6150,4421050
NIFTY13OCT2217300CE.NFO,10/10/2022,09:22:15,45.25,45.15,3450,45.25,50,46700,4421050
NIFTY13OCT2217300CE.NFO,10/10/2022,09:22:17,45.7,45.65,100,45.7,4000,17450,4421050
NIFTY13OCT2217300CE.NFO,10/10/2022,09:22:18,44.55,44.5,1500,44.6,2800,22100,4421050
NIFTY13OCT2217300CE.NFO,10/10/2022,09:22:19,44.55,44.55,3550,44.7,2550,18250,4421050
NIFTY13OCT2217300CE.NFO,10/10/2022,09:22:20,44.65,44.55,200,44.65,5000,9950,4421050
NIFTY13OCT2217300CE.NFO,10/10/2022,09:22:21,45.2,45.2,5700,45.25,50,18950,4421050
NIFTY13OCT2217300CE.NFO,10/10/2022,09:22:22,44.85,44.8,6300,44.9,450,18450,4421050
NIFTY13OCT2217300CE.NFO,10/10/2022,09:22:23,44.35,44.35,4950,44.5,5800,13600,4421050
NIFTY13OCT2217300CE.NFO,10/10/2022,09:22:23,44.6,44.5,2800,44.6,950,3400,4421050
NIFTY13OCT2217300CE.NFO,10/10/2022,09:22:24,44.25,44.15,3550,44.25,350,28150,4421050
NIFTY13OCT2217300CE.NFO,10/10/2022,09:22:25,44.2,44.1,4600,44.2,550,9150,4421050
NIFTY13OCT2217300CE.NFO,10/10/2022,09:22:26,44.45,44.4,250,44.45,350,12550,4421050
NIFTY13OCT2217300CE.NFO,10/10/2022,09:22:27,43.95,43.85,3000,43.95,550,10000,4421050
NIFTY13OCT2217300CE.NFO,10/10/2022,09:22:29,44.2,44.15,100,44.2,600,11300,4421050
NIFTY13OCT2217300CE.NFO,10/10/2022,09:22:30,43.95,43.9,3000,44,1850,20800,4421050
NIFTY13OCT2217300CE.NFO,10/10/2022,09:22:31,43.95,43.95,3500,44.05,3950,13050,4421050
NIFTY13OCT2217300CE.NFO,10/10/2022,09:22:32,44.85,44.65,5050,44.8,7050,15850,4421050
NIFTY13OCT2217300CE.NFO,10/10/2022,09:22:32,44.75,44.7,1100,44.75,450,2150,4421050
NIFTY13OCT2217300CE.NFO,10/10/2022,09:22:33,45.2,45.15,5800,45.2,4400,12300,4421050
NIFTY13OCT2217300CE.NFO,10/10/2022,09:22:34,45.25,45.2,5650,45.25,200,16200,4421050
NIFTY13OCT2217300CE.NFO,10/10/2022,09:22:35,45.5,45.45,3450,45.55,2850,9350,4421050
NIFTY13OCT2217300CE.NFO,10/10/2022,09:22:37,45.2,45.15,1750,45.2,50,13250,4421050
NIFTY13OCT2217300CE.NFO,10/10/2022,09:22:38,45.25,45.2,100,45.25,4150,9000,4421050
NIFTY13OCT2217300CE.NFO,10/10/2022,09:22:39,44.9,44.75,5900,44.9,3850,13650,4421050
NIFTY13OCT2217300CE.NFO,10/10/2022,09:22:40,44.75,44.65,5750,44.75,350,10200,4421050
NIFTY13OCT2217300CE.NFO,10/10/2022,09:22:40,44.8,44.75,2650,44.85,4850,3250,4421050
NIFTY13OCT2217300CE.NFO,10/10/2022,09:22:41,45.25,45.25,3100,45.35,7050,8100,4421050
NIFTY13OCT2217300CE.NFO,10/10/2022,09:22:42,45.45,45.4,3250,45.5,700,11650,4421050
NIFTY13OCT2217300CE.NFO,10/10/2022,09:22:43,45.8,45.75,3750,45.8,450,6750,4421050
NIFTY13OCT2217300CE.NFO,10/10/2022,09:22:44,45.95,45.85,3450,46,9250,9350,4421050
NIFTY13OCT2217300CE.NFO,10/10/2022,09:22:45,45.8,45.7,5000,45.8,2000,14700,4421050
NIFTY13OCT2217300CE.NFO,10/10/2022,09:22:46,45.85,45.75,3250,45.85,2400,24900,4421050
NIFTY13OCT2217300CE.NFO,10/10/2022,09:22:47,45.95,45.85,2900,45.95,4150,20200,4421050
NIFTY13OCT2217300CE.NFO,10/10/2022,09:22:49,46.2,46,2850,46.15,5750,7450,4421050
NIFTY13OCT2217300CE.NFO,10/10/2022,09:22:50,46,46,1000,46.1,5750,9750,4421050
NIFTY13OCT2217300CE.NFO,10/10/2022,09:22:51,46.2,46.05,6700,46.2,7200,6450,4421050
NIFTY13OCT2217300CE.NFO,10/10/2022,09:22:51,46.15,46.1,3150,46.15,850,1250,4421050
NIFTY13OCT2217300CE.NFO,10/10/2022,09:22:52,46.3,46.3,5250,46.4,1500,7600,4421050
NIFTY13OCT2217300CE.NFO,10/10/2022,09:22:53,46.55,46.55,5450,46.6,450,7250,4421050
NIFTY13OCT2217300CE.NFO,10/10/2022,09:22:55,46.5,46.55,250,46.65,6200,19150,4421050
NIFTY13OCT2217300CE.NFO,10/10/2022,09:22:56,46.75,46.75,150,46.8,3850,47450,4421050
NIFTY13OCT2217300CE.NFO,10/10/2022,09:22:57,46.5,46.5,150,46.55,1500,6400,4421050
NIFTY13OCT2217300CE.NFO,10/10/2022,09:22:58,46.4,46.3,5600,46.4,2550,10350,4421050
NIFTY13OCT2217300CE.NFO,10/10/2022,09:22:58,46.3,46.3,4650,46.4,4450,2200,4421050
NIFTY13OCT2217300CE.NFO,10/10/2022,09:22:59,46.45,46.4,2600,46.5,5550,12500,4421050
NIFTY13OCT2217300CE.NFO,10/10/2022,09:23:00,45.7,45.6,5600,45.7,2850,43900,4421050
NIFTY13OCT2217300CE.NFO,10/10/2022,09:23:01,45.65,45.6,3200,45.65,150,23500,4421050
NIFTY13OCT2217300CE.NFO,10/10/2022,09:23:03,45.15,45.15,750,45.2,50,16050,4421050
NIFTY13OCT2217300CE.NFO,10/10/2022,09:23:03,45.3,45.3,5050,45.35,50,10000,4421050
NIFTY13OCT2217300CE.NFO,10/10/2022,09:23:04,45.2,45.15,2650,45.2,50,13750,4421050
NIFTY13OCT2217300CE.NFO,10/10/2022,09:23:05,45.4,45.35,4050,45.45,4900,14600,4421050
NIFTY13OCT2217300CE.NFO,10/10/2022,09:23:07,45.5,45.45,50,45.55,4950,10100,4421050
NIFTY13OCT2217300CE.NFO,10/10/2022,09:23:08,46.05,45.95,3200,46.05,4800,20100,4421050
NIFTY13OCT2217300CE.NFO,10/10/2022,09:23:08,46,46,2750,46.1,3000,300,4421050
NIFTY13OCT2217300CE.NFO,10/10/2022,09:23:09,46.45,46.4,300,46.45,2800,6250,4421050
NIFTY13OCT2217300CE.NFO,10/10/2022,09:23:10,46.45,46.45,550,46.5,3650,23000,4421050
NIFTY13OCT2217300CE.NFO,10/10/2022,09:23:11,46.6,46.45,4000,46.55,2750,18950,4421050
NIFTY13OCT2217300CE.NFO,10/10/2022,09:23:12,46.4,46.3,3650,46.4,1450,9400,4421050
NIFTY13OCT2217300CE.NFO,10/10/2022,09:23:13,46.75,46.7,400,46.75,50,19800,4421050
NIFTY13OCT2217300CE.NFO,10/10/2022,09:23:14,46.85,46.75,950,46.85,2900,11400,4421050
NIFTY13OCT2217300CE.NFO,10/10/2022,09:23:15,46.9,46.85,50,46.9,2750,7550,4421050
NIFTY13OCT2217300CE.NFO,10/10/2022,09:23:17,46.45,46.35,3800,46.4,150,6700,4421050
NIFTY13OCT2217300CE.NFO,10/10/2022,09:23:18,46.65,46.6,2700,46.65,50,16700,4421050
NIFTY13OCT2217300CE.NFO,10/10/2022,09:23:18,46.55,46.65,5300,46.7,50,550,4421050
NIFTY13OCT2217300CE.NFO,10/10/2022,09:23:19,46.65,46.55,2700,46.65,3400,7700,4421050
NIFTY13OCT2217300CE.NFO,10/10/2022,09:23:20,46.7,46.6,3800,46.7,2750,7750,4421050
NIFTY13OCT2217300CE.NFO,10/10/2022,09:23:21,46.65,46.5,7950,46.65,4300,6700,4421050
NIFTY13OCT2217300CE.NFO,10/10/2022,09:23:22,46.75,46.7,2800,46.8,5850,7750,4421050
NIFTY13OCT2217300CE.NFO,10/10/2022,09:23:23,46.7,46.6,2700,46.65,150,3700,5186150
NIFTY13OCT2217300CE.NFO,10/10/2022,09:23:25,46.6,46.55,50,46.6,150,5800,5186150
NIFTY13OCT2217300CE.NFO,10/10/2022,09:23:26,46.6,46.55,50,46.6,2200,2550,5186150
NIFTY13OCT2217300CE.NFO,10/10/2022,09:23:27,46.5,46.4,2700,46.45,100,25450,5186150
NIFTY13OCT2217300CE.NFO,10/10/2022,09:23:27,45.9,45.9,2700,45.95,100,16150,5186150
NIFTY13OCT2217300CE.NFO,10/10/2022,09:23:28,46.05,46.05,4750,46.15,3050,21800,5186150
NIFTY13OCT2217300CE.NFO,10/10/2022,09:23:29,45.9,45.85,5000,46,6150,3450,5186150
NIFTY13OCT2217300CE.NFO,10/10/2022,09:23:30,45.7,45.7,4200,45.8,2850,12100,5186150
NIFTY13OCT2217300CE.NFO,10/10/2022,09:23:31,45.85,45.9,150,46,5450,6500,5186150
NIFTY13OCT2217300CE.NFO,10/10/2022,09:23:32,46.15,46.05,2750,46.15,3500,7550,5186150
NIFTY13OCT2217300CE.NFO,10/10/2022,09:23:34,46.1,46.1,5200,46.2,4550,7050,5186150
NIFTY13OCT2217300CE.NFO,10/10/2022,09:23:35,46.25,46.1,5150,46.25,7500,3300,5186150
NIFTY13OCT2217300CE.NFO,10/10/2022,09:23:36,46.2,46.1,1300,46.2,2650,6850,5186150
NIFTY13OCT2217300CE.NFO,10/10/2022,09:23:36,46.2,46.1,50,46.15,3400,1100,5186150
NIFTY13OCT2217300CE.NFO,10/10/2022,09:23:37,46.4,46.4,3200,46.5,6200,9400,5186150
NIFTY13OCT2217300CE.NFO,10/10/2022,09:23:38,46.65,46.6,3800,46.65,2750,8200,5186150
NIFTY13OCT2217300CE.NFO,10/10/2022,09:23:39,46.8,46.75,2600,46.85,2900,17400,5186150
NIFTY13OCT2217300CE.NFO,10/10/2022,09:23:41,46.8,46.75,150,46.85,4950,17300,5186150
NIFTY13OCT2217300CE.NFO,10/10/2022,09:23:42,47,46.9,3500,47,5600,29650,5186150
NIFTY13OCT2217300CE.NFO,10/10/2022,09:23:43,47.05,47.05,3850,47.1,50,15100,5186150
NIFTY13OCT2217300CE.NFO,10/10/2022,09:23:44,47,46.9,850,47,3700,24400,5186150
NIFTY13OCT2217300CE.NFO,10/10/2022,09:23:45,46.8,46.85,3000,46.95,1550,10850,5186150
NIFTY13OCT2217300CE.NFO,10/10/2022,09:23:46,46.65,46.5,1050,46.55,2800,7900,5186150
NIFTY13OCT2217300CE.NFO,10/10/2022,09:23:47,46.65,46.65,150,46.7,800,17700,5186150
NIFTY13OCT2217300CE.NFO,10/10/2022,09:23:48,46.75,46.75,2900,46.8,150,16650,5186150
NIFTY13OCT2217300CE.NFO,10/10/2022,09:23:49,47.1,47.05,550,47.1,400,49400,5186150
NIFTY13OCT2217300CE.NFO,10/10/2022,09:23:50,47.1,47.05,3800,47.15,167800,21500,5186150
NIFTY13OCT2217300CE.NFO,10/10/2022,09:23:51,47.1,47.1,700,47.15,48950,126550,5186150
NIFTY13OCT2217300CE.NFO,10/10/2022,09:23:53,47.1,47.05,50,47.1,3700,25950,5186150
NIFTY13OCT2217300CE.NFO,10/10/2022,09:23:54,47.1,47.05,50,47.1,3050,14900,5186150
NIFTY13OCT2217300CE.NFO,10/10/2022,09:23:55,47,46.95,2800,47.05,6200,4700,5186150
NIFTY13OCT2217300CE.NFO,10/10/2022,09:23:56,46.6,46.6,4300,46.7,3400,48500,5186150
NIFTY13OCT2217300CE.NFO,10/10/2022,09:23:57,46.75,46.65,5250,46.75,3550,9350,5186150
NIFTY13OCT2217300CE.NFO,10/10/2022,09:23:58,46.6,46.5,2800,46.6,7700,18300,5186150
NIFTY13OCT2217300CE.NFO,10/10/2022,09:23:58,46.6,46.55,2550,46.6,3300,2200,5186150
NIFTY13OCT2217300CE.NFO,10/10/2022,09:24:00,46.75,46.65,3400,46.75,5600,16850,5186150
NIFTY13OCT2217300CE.NFO,10/10/2022,09:24:01,46.45,46.45,2150,46.5,200,18350,5186150
NIFTY13OCT2217300CE.NFO,10/10/2022,09:24:02,46.2,46.2,6200,46.25,150,15950,5186150
NIFTY13OCT2217300CE.NFO,10/10/2022,09:24:03,46.4,46.35,2900,46.4,600,16450,5186150
NIFTY13OCT2217300CE.NFO,10/10/2022,09:24:04,46.05,46.05,1400,46.1,5900,11200,5186150
NIFTY13OCT2217300CE.NFO,10/10/2022,09:24:05,45.9,45.85,2550,45.95,4900,22900,5186150
NIFTY13OCT2217300CE.NFO,10/10/2022,09:24:05,46,45.95,2800,46,4300,2150,5186150
NIFTY13OCT2217300CE.NFO,10/10/2022,09:24:07,45.95,45.85,4450,45.95,3750,11900,5186150
NIFTY13OCT2217300CE.NFO,10/10/2022,09:24:08,45.85,45.7,5800,45.8,2800,4150,5186150
NIFTY13OCT2217300CE.NFO,10/10/2022,09:24:09,45.75,45.75,3300,45.85,5650,10400,5186150
NIFTY13OCT2217300CE.NFO,10/10/2022,09:24:10,45.75,45.75,1900,45.8,1600,91450,5186150
NIFTY13OCT2217300CE.NFO,10/10/2022,09:24:11,45.85,45.6,3800,45.7,2800,17850,5186150
NIFTY13OCT2217300CE.NFO,10/10/2022,09:24:11,45.75,45.65,4650,45.75,50,600,5186150
NIFTY13OCT2217300CE.NFO,10/10/2022,09:24:13,45.65,45.6,1950,45.7,5200,8550,5186150
NIFTY13OCT2217300CE.NFO,10/10/2022,09:24:14,45.9,45.85,2950,45.95,5500,26950,5186150
NIFTY13OCT2217300CE.NFO,10/10/2022,09:24:15,45.85,45.8,1800,45.85,2550,20150,5186150
NIFTY13OCT2217300CE.NFO,10/10/2022,09:24:16,45.7,45.55,3150,45.6,500,7200,5186150
NIFTY13OCT2217300CE.NFO,10/10/2022,09:24:17,45.5,45.45,50,45.5,600,15500,5186150
NIFTY13OCT2217300CE.NFO,10/10/2022,09:24:18,45.55,45.45,4500,45.6,5150,8700,5186150
NIFTY13OCT2217300CE.NFO,10/10/2022,09:24:18,45,44.95,5600,45.05,5800,76000,5186150
NIFTY13OCT2217300CE.NFO,10/10/2022,09:24:20,45.65,45.55,3750,45.65,2950,15200,5186150
NIFTY13OCT2217300CE.NFO,10/10/2022,09:24:21,45.7,45.65,3550,45.75,2800,5450,5186150
NIFTY13OCT2217300CE.NFO,10/10/2022,09:24:22,45.8,45.8,50,45.85,3500,13250,5186150
NIFTY13OCT2217300CE.NFO,10/10/2022,09:24:23,45.75,45.7,3600,45.8,2400,4000,5186150
NIFTY13OCT2217300CE.NFO,10/10/2022,09:24:24,45.45,45.3,5200,45.45,8500,24050,5186150
NIFTY13OCT2217300CE.NFO,10/10/2022,09:24:25,45.55,45.4,3650,45.55,3850,3300,5186150
NIFTY13OCT2217300CE.NFO,10/10/2022,09:24:26,45.35,45.4,5600,45.5,3400,8300,5186150
NIFTY13OCT2217300CE.NFO,10/10/2022,09:24:26,45.35,45.3,150,45.35,5500,300,5186150
NIFTY13OCT2217300CE.NFO,10/10/2022,09:24:27,45.75,45.65,7700,45.75,3250,15250,5186150
NIFTY13OCT2217300CE.NFO,10/10/2022,09:24:28,45.65,45.65,3000,45.75,3650,7500,5186150
NIFTY13OCT2217300CE.NFO,10/10/2022,09:24:30,45.5,45.35,4250,45.45,2800,2350,5186150
NIFTY13OCT2217300CE.NFO,10/10/2022,09:24:31,45.35,45.2,6600,45.3,2650,6450,5186150
NIFTY13OCT2217300CE.NFO,10/10/2022,09:24:31,45.25,45.15,5000,45.25,3700,4150,5186150
NIFTY13OCT2217300CE.NFO,10/10/2022,09:24:33,45,44.95,150,45,7550,8800,5186150
NIFTY13OCT2217300CE.NFO,10/10/2022,09:24:34,45,44.9,4000,45,87250,11600,5186150
NIFTY13OCT2217300CE.NFO,10/10/2022,09:24:35,44.95,44.85,6500,44.95,2800,10250,5186150
NIFTY13OCT2217300CE.NFO,10/10/2022,09:24:36,43.9,43.85,150,43.9,4250,276600,5186150
NIFTY13OCT2217300CE.NFO,10/10/2022,09:24:37,43.95,43.85,5500,43.95,2750,56350,5186150
NIFTY13OCT2217300CE.NFO,10/10/2022,09:24:38,43.95,43.9,750,43.95,2950,50900,5186150
NIFTY13OCT2217300CE.NFO,10/10/2022,09:24:39,44.25,44.3,150,44.35,2900,61500,5186150
NIFTY13OCT2217300CE.NFO,10/10/2022,09:24:41,44.35,44.35,5500,44.45,3600,15450,5186150
NIFTY13OCT2217300CE.NFO,10/10/2022,09:24:42,44.45,44.35,4200,44.4,200,14250,5186150
NIFTY13OCT2217300CE.NFO,10/10/2022,09:24:43,44.45,44.4,2700,44.45,200,10150,5186150
NIFTY13OCT2217300CE.NFO,10/10/2022,09:24:44,44.45,44.35,4150,44.45,5500,9100,5186150
NIFTY13OCT2217300CE.NFO,10/10/2022,09:24:45,44.45,44.35,6450,44.45,5550,10800,5186150
NIFTY13OCT2217300CE.NFO,10/10/2022,09:24:46,44.45,44.35,4900,44.45,2700,18500,5186150
NIFTY13OCT2217300CE.NFO,10/10/2022,09:24:47,44.55,44.6,1650,44.65,2300,15500,5186150
NIFTY13OCT2217300CE.NFO,10/10/2022,09:24:47,44.55,44.5,1800,44.6,6400,2250,5186150
NIFTY13OCT2217300CE.NFO,10/10/2022,09:24:48,44.65,44.55,2900,44.65,4400,22050,5186150
NIFTY13OCT2217300CE.NFO,10/10/2022,09:24:49,44.5,44.5,4550,44.6,2300,2300,5186150
NIFTY13OCT2217300CE.NFO,10/10/2022,09:24:51,44.65,44.65,3450,44.7,250,32150,5186150
NIFTY13OCT2217300CE.NFO,10/10/2022,09:24:52,44.9,44.8,5500,44.9,3700,13050,5186150
NIFTY13OCT2217300CE.NFO,10/10/2022,09:24:53,44.7,44.7,2750,44.75,250,6400,5186150
NIFTY13OCT2217300CE.NFO,10/10/2022,09:24:53,44.5,44.4,5150,44.5,4850,4450,5186150
NIFTY13OCT2217300CE.NFO,10/10/2022,09:24:54,44.6,44.55,200,44.6,5350,7600,5186150
NIFTY13OCT2217300CE.NFO,10/10/2022,09:24:56,43.7,43.65,2750,43.75,4300,82400,5186150
NIFTY13OCT2217300CE.NFO,10/10/2022,09:24:57,43.8,43.75,150,43.8,3450,15050,5186150
NIFTY13OCT2217300CE.NFO,10/10/2022,09:24:58,43.95,43.85,3650,43.95,5000,28600,5186150
NIFTY13OCT2217300CE.NFO,10/10/2022,09:24:59,43.9,43.85,1100,43.9,2800,34900,5186150
NIFTY13OCT2217300CE.NFO,10/10/2022,09:25:00,43.95,43.9,2900,44,159450,33900,5186150
NIFTY13OCT2217300CE.NFO,10/10/2022,09:25:01,43.25,43.2,2850,43.25,200,39150,5186150
NIFTY13OCT2217300CE.NFO,10/10/2022,09:25:02,42.8,42.8,150,42.85,5150,30350,5186150
NIFTY13OCT2217300CE.NFO,10/10/2022,09:25:03,42.3,42.3,1500,42.35,200,14200,5186150
NIFTY13OCT2217300CE.NFO,10/10/2022,09:25:04,42.35,42.35,3700,42.45,4400,8750,5186150
NIFTY13OCT2217300CE.NFO,10/10/2022,09:25:05,42.65,42.55,2050,42.65,2950,14000,5186150
NIFTY13OCT2217300CE.NFO,10/10/2022,09:25:06,42.8,42.7,50,42.75,1500,10100,5186150
NIFTY13OCT2217300CE.NFO,10/10/2022,09:25:08,42.65,42.65,3800,42.7,250,8100,5186150
NIFTY13OCT2217300CE.NFO,10/10/2022,09:25:09,43.05,43,4850,43.1,50,19900,5186150
NIFTY13OCT2217300CE.NFO,10/10/2022,09:25:10,43,42.9,1350,42.95,1050,4150,5186150
NIFTY13OCT2217300CE.NFO,10/10/2022,09:25:11,42.9,42.9,1300,43,4500,7400,5186150
NIFTY13OCT2217300CE.NFO,10/10/2022,09:25:12,43.25,43.25,2950,43.35,4350,15100,5186150
NIFTY13OCT2217300CE.NFO,10/10/2022,09:25:12,43.2,43.15,1200,43.2,200,1200,5186150
NIFTY13OCT2217300CE.NFO,10/10/2022,09:25:13,43.2,43.15,850,43.2,1350,12550,5186150
NIFTY13OCT2217300CE.NFO,10/10/2022,09:25:14,43.3,43.25,200,43.35,1950,5600,5186150
NIFTY13OCT2217300CE.NFO,10/10/2022,09:25:15,43.35,43.2,3300,43.3,150,6150,5186150
NIFTY13OCT2217300CE.NFO,10/10/2022,09:25:17,42.6,42.4,3750,42.5,7000,21450,5186150
NIFTY13OCT2217300CE.NFO,10/10/2022,09:25:18,42.5,42.5,5400,42.65,7500,4350,5186150
NIFTY13OCT2217300CE.NFO,10/10/2022,09:25:19,42.8,42.75,3300,42.85,3400,6350,5186150
NIFTY13OCT2217300CE.NFO,10/10/2022,09:25:20,42.7,42.7,50,42.75,6050,6200,5186150
NIFTY13OCT2217300CE.NFO,10/10/2022,09:25:20,42.75,42.75,1550,42.85,3550,200,5186150
NIFTY13OCT2217300CE.NFO,10/10/2022,09:25:21,42.4,42.3,1050,42.4,5550,14600,5186150
NIFTY13OCT2217300CE.NFO,10/10/2022,09:25:22,42.55,42.45,1550,42.5,1400,7700,5186150
NIFTY13OCT2217300CE.NFO,10/10/2022,09:25:23,42.55,42.45,4400,42.55,50,6700,5186150
NIFTY13OCT2217300CE.NFO,10/10/2022,09:25:25,42.3,42.3,2750,42.4,5750,9550,5186150
NIFTY13OCT2217300CE.NFO,10/10/2022,09:25:26,41.85,41.8,2550,41.9,3150,26700,5186150
NIFTY13OCT2217300CE.NFO,10/10/2022,09:25:27,41.6,41.6,3900,41.7,3600,8150,5186150
NIFTY13OCT2217300CE.NFO,10/10/2022,09:25:28,41.75,41.65,4250,41.75,3250,8100,5186150
NIFTY13OCT2217300CE.NFO,10/10/2022,09:25:29,41.85,41.85,4500,41.95,2850,3450,5186150
NIFTY13OCT2217300CE.NFO,10/10/2022,09:25:30,41.7,41.7,450,41.75,150,61400,5186150
NIFTY13OCT2217300CE.NFO,10/10/2022,09:25:30,41.85,41.75,4350,41.85,4200,1000,5186150
NIFTY13OCT2217300CE.NFO,10/10/2022,09:25:31,41.1,41.1,1550,41.15,300,21500,5186150
NIFTY13OCT2217300CE.NFO,10/10/2022,09:25:31,41.1,41.1,1550,41.15,300,0,5186150
NIFTY13OCT2217300CE.NFO,10/10/2022,09:25:33,41.15,41.1,1600,41.15,2700,27000,5186150
NIFTY13OCT2217300CE.NFO,10/10/2022,09:25:33,40.95,41.1,1600,41.15,2700,0,5186150
NIFTY13OCT2217300CE.NFO,10/10/2022,09:25:34,41,41,1950,41.1,2150,11800,5186150
NIFTY13OCT2217300CE.NFO,10/10/2022,09:25:35,41,40.9,50,40.95,1550,4400,5186150
NIFTY13OCT2217300CE.NFO,10/10/2022,09:25:36,40.75,40.75,1100,40.85,2400,20350,5186150
NIFTY13OCT2217300CE.NFO,10/10/2022,09:25:36,40.5,40.75,1100,40.85,2400,0,5186150
NIFTY13OCT2217300CE.NFO,10/10/2022,09:25:37,41,41,3900,41.1,4500,10000,5186150
NIFTY13OCT2217300CE.NFO,10/10/2022,09:25:38,41.15,41.15,4950,41.25,1550,17500,5186150
NIFTY13OCT2217300CE.NFO,10/10/2022,09:25:39,41.6,41.65,2000,41.75,1800,19250,5186150
NIFTY13OCT2217300CE.NFO,10/10/2022,09:25:40,41.65,41.6,100,41.65,2450,6100,5186150
NIFTY13OCT2217300CE.NFO,10/10/2022,09:25:41,41.65,41.65,3750,41.75,3050,10800,5186150
NIFTY13OCT2217300CE.NFO,10/10/2022,09:25:41,41.75,41.75,2650,41.85,4400,300,5186150
NIFTY13OCT2217300CE.NFO,10/10/2022,09:25:42,41.9,41.85,200,41.9,1700,19300,5186150
NIFTY13OCT2217300CE.NFO,10/10/2022,09:25:44,42.1,42.1,150,42.2,1550,16850,5186150
NIFTY13OCT2217300CE.NFO,10/10/2022,09:25:45,42.3,42.2,150,42.3,3100,14950,5186150
NIFTY13OCT2217300CE.NFO,10/10/2022,09:25:46,41.7,41.6,4200,41.7,4550,11150,5186150
NIFTY13OCT2217300CE.NFO,10/10/2022,09:25:47,41.8,41.75,50,41.8,2600,7900,5186150
NIFTY13OCT2217300CE.NFO,10/10/2022,09:25:47,41.7,41.7,4350,41.8,950,2050,5186150
NIFTY13OCT2217300CE.NFO,10/10/2022,09:25:48,41.4,41.35,4250,41.45,4650,10300,5186150
NIFTY13OCT2217300CE.NFO,10/10/2022,09:25:49,41.6,41.55,4050,41.65,4750,5750,5186150
NIFTY13OCT2217300CE.NFO,10/10/2022,09:25:50,41.65,41.65,900,41.75,2950,16400,5186150
NIFTY13OCT2217300CE.NFO,10/10/2022,09:25:52,42.25,42.2,1650,42.25,750,22000,5186150
NIFTY13OCT2217300CE.NFO,10/10/2022,09:25:53,42.7,42.7,3050,42.8,1350,18050,5186150
NIFTY13OCT2217300CE.NFO,10/10/2022,09:25:54,43.15,43.1,1450,43.15,50,19100,5186150
NIFTY13OCT2217300CE.NFO,10/10/2022,09:25:54,43.25,43.25,2800,43.35,3300,6350,5186150
NIFTY13OCT2217300CE.NFO,10/10/2022,09:25:55,43.7,43.6,3900,43.7,6850,25050,5186150
NIFTY13OCT2217300CE.NFO,10/10/2022,09:25:57,43.5,43.4,3850,43.55,4600,18000,5186150
NIFTY13OCT2217300CE.NFO,10/10/2022,09:25:58,43.55,43.45,3150,43.55,1500,17100,5186150
NIFTY13OCT2217300CE.NFO,10/10/2022,09:25:59,43.95,43.9,3300,44,152900,28900,5186150
NIFTY13OCT2217300CE.NFO,10/10/2022,09:26:00,43.9,43.95,50,44,121650,43350,5186150
NIFTY13OCT2217300CE.NFO,10/10/2022,09:26:01,43.95,43.85,4500,43.95,1400,21600,5186150
NIFTY13OCT2217300CE.NFO,10/10/2022,09:26:02,43.95,43.9,4650,44,71500,63200,5186150
NIFTY13OCT2217300CE.NFO,10/10/2022,09:26:04,44.45,44.45,200,44.5,4200,135500,5186150
NIFTY13OCT2217300CE.NFO,10/10/2022,09:26:05,44.85,44.75,3100,44.85,3850,18100,5186150
NIFTY13OCT2217300CE.NFO,10/10/2022,09:26:06,45.3,45.25,4300,45.35,3250,20250,5186150
NIFTY13OCT2217300CE.NFO,10/10/2022,09:26:07,45.1,45.1,100,45.2,2600,12050,5186150
NIFTY13OCT2217300CE.NFO,10/10/2022,09:26:09,44.75,44.75,50,44.8,2950,18250,5186150
NIFTY13OCT2217300CE.NFO,10/10/2022,09:26:10,45.25,45.2,100,45.25,1650,22500,5186150
NIFTY13OCT2217300CE.NFO,10/10/2022,09:26:11,45.35,45.4,5500,45.5,4050,7000,5186150
NIFTY13OCT2217300CE.NFO,10/10/2022,09:26:12,45.25,45.25,3650,45.3,50,19850,5186150
NIFTY13OCT2217300CE.NFO,10/10/2022,09:26:13,45.65,45.6,5250,45.7,4650,8200,5186150
NIFTY13OCT2217300CE.NFO,10/10/2022,09:26:14,45.45,45.4,250,45.45,4600,8650,5186150
NIFTY13OCT2217300CE.NFO,10/10/2022,09:26:16,46.1,46,50,46.05,5300,11300,5186150
NIFTY13OCT2217300CE.NFO,10/10/2022,09:26:17,45.75,45.65,3500,45.75,2650,8900,5186150
NIFTY13OCT2217300CE.NFO,10/10/2022,09:26:18,45.75,45.7,2700,45.8,3550,11150,5186150
NIFTY13OCT2217300CE.NFO,10/10/2022,09:26:19,45.75,45.65,450,45.75,2050,11350,5186150
NIFTY13OCT2217300CE.NFO,10/10/2022,09:26:19,45.75,45.6,4700,45.7,100,500,5186150
NIFTY13OCT2217300CE.NFO,10/10/2022,09:26:20,46.25,46.25,4400,46.35,4550,9100,5186150
NIFTY13OCT2217300CE.NFO,10/10/2022,09:26:22,46.75,46.8,2400,46.9,1650,30000,5186150
NIFTY13OCT2217300CE.NFO,10/10/2022,09:26:23,47,47.05,250,47.1,3350,20950,5186150
NIFTY13OCT2217300CE.NFO,10/10/2022,09:26:23,47.15,47.1,7500,47.15,13350,28450,5186150
NIFTY13OCT2217300CE.NFO,10/10/2022,09:26:25,47.1,47.1,5250,47.15,1750,148850,5186150
NIFTY13OCT2217300CE.NFO,10/10/2022,09:26:26,47.25,47.2,1600,47.25,31650,56300,5186150
NIFTY13OCT2217300CE.NFO,10/10/2022,09:26:27,47.85,47.75,3100,47.85,4650,81000,6163300
NIFTY13OCT2217300CE.NFO,10/10/2022,09:26:28,47.55,47.5,2800,47.55,250,28150,6163300
NIFTY13OCT2217300CE.NFO,10/10/2022,09:26:29,48.2,48.15,4700,48.25,3200,38300,6163300
NIFTY13OCT2217300CE.NFO,10/10/2022,09:26:30,48.45,48.35,4700,48.45,2800,17050,6163300
NIFTY13OCT2217300CE.NFO,10/10/2022,09:26:32,48.9,48.85,3000,48.9,1700,19250,6163300
NIFTY13OCT2217300CE.NFO,10/10/2022,09:26:33,47.85,47.8,2450,47.9,6450,34000,6163300
NIFTY13OCT2217300CE.NFO,10/10/2022,09:26:34,47.7,47.7,6750,47.75,800,28700,6163300
NIFTY13OCT2217300CE.NFO,10/10/2022,09:26:35,47.35,47.35,3950,47.45,2850,26450,6163300
NIFTY13OCT2217300CE.NFO,10/10/2022,09:26:37,46,45.95,200,46,3550,33900,6163300
NIFTY13OCT2217300CE.NFO,10/10/2022,09:26:38,46,46,2950,46.05,750,20800,6163300
NIFTY13OCT2217300CE.NFO,10/10/2022,09:26:39,45.95,45.95,2000,46,750,11000,6163300
NIFTY13OCT2217300CE.NFO,10/10/2022,09:26:40,46.1,46.1,100,46.15,4600,12300,6163300
NIFTY13OCT2217300CE.NFO,10/10/2022,09:26:40,46.35,46.3,200,46.35,4350,1450,6163300
NIFTY13OCT2217300CE.NFO,10/10/2022,09:26:42,45.8,45.8,2150,45.85,50,11050,6163300
NIFTY13OCT2217300CE.NFO,10/10/2022,09:26:43,45.65,45.55,3900,45.6,50,14900,6163300
NIFTY13OCT2217300CE.NFO,10/10/2022,09:26:44,46.05,46,1100,46.05,4250,9400,6163300
NIFTY13OCT2217300CE.NFO,10/10/2022,09:26:45,46.4,46.3,5800,46.4,1350,6200,6163300
NIFTY13OCT2217300CE.NFO,10/10/2022,09:26:46,46.3,46.35,4250,46.45,2250,8100,6163300
NIFTY13OCT2217300CE.NFO,10/10/2022,09:26:47,46.35,46.3,1650,46.35,2100,16350,6163300
NIFTY13OCT2217300CE.NFO,10/10/2022,09:26:48,46.85,46.7,6400,46.85,5050,5150,6163300
NIFTY13OCT2217300CE.NFO,10/10/2022,09:26:49,47,46.95,1650,47,400,5400,6163300
NIFTY13OCT2217300CE.NFO,10/10/2022,09:26:50,46.85,46.8,6350,46.9,2800,7750,6163300
NIFTY13OCT2217300CE.NFO,10/10/2022,09:26:51,47.4,47.35,2950,47.4,50,6400,6163300
NIFTY13OCT2217300CE.NFO,10/10/2022,09:26:52,47.15,47.15,4600,47.25,3100,16750,6163300
NIFTY13OCT2217300CE.NFO,10/10/2022,09:26:53,47.6,47.5,4350,47.6,2200,7450,6163300
NIFTY13OCT2217300CE.NFO,10/10/2022,09:26:54,47.75,47.75,150,47.8,1150,13150,6163300
NIFTY13OCT2217300CE.NFO,10/10/2022,09:26:55,48.35,48.3,750,48.35,2050,16250,6163300
NIFTY13OCT2217300CE.NFO,10/10/2022,09:26:57,47.6,47.5,2750,47.6,7950,30000,6163300
NIFTY13OCT2217300CE.NFO,10/10/2022,09:26:58,48.15,48.25,150,48.3,1800,8300,6163300
NIFTY13OCT2217300CE.NFO,10/10/2022,09:26:59,47.7,47.65,1500,47.7,2750,9050,6163300
NIFTY13OCT2217300CE.NFO,10/10/2022,09:27:00,47.4,47.3,4450,47.4,3300,12850,6163300
NIFTY13OCT2217300CE.NFO,10/10/2022,09:27:01,47.65,47.65,800,47.75,4550,11900,6163300
NIFTY13OCT2217300CE.NFO,10/10/2022,09:27:02,47.5,47.45,2600,47.55,4150,19800,6163300
NIFTY13OCT2217300CE.NFO,10/10/2022,09:27:03,47.8,47.7,4350,47.8,1050,16500,6163300
NIFTY13OCT2217300CE.NFO,10/10/2022,09:27:04,47.85,47.8,1400,47.85,1300,13700,6163300
NIFTY13OCT2217300CE.NFO,10/10/2022,09:27:05,47.95,47.85,100,47.95,4000,2400,6163300
NIFTY13OCT2217300CE.NFO,10/10/2022,09:27:06,48.1,48.15,50,48.2,3900,12550,6163300
NIFTY13OCT2217300CE.NFO,10/10/2022,09:27:07,47.55,47.45,4450,47.55,4750,13150,6163300
NIFTY13OCT2217300CE.NFO,10/10/2022,09:27:08,47.55,47.55,150,47.6,2550,7850,6163300
NIFTY13OCT2217300CE.NFO,10/10/2022,09:27:09,46.9,46.8,200,46.85,500,23800,6163300
NIFTY13OCT2217300CE.NFO,10/10/2022,09:27:10,46.75,46.75,4800,46.85,2300,30850,6163300
NIFTY13OCT2217300CE.NFO,10/10/2022,09:27:11,46.85,46.75,4700,46.85,2800,9150,6163300
NIFTY13OCT2217300CE.NFO,10/10/2022,09:27:12,47.3,47.2,2550,47.3,4550,8400,6163300
NIFTY13OCT2217300CE.NFO,10/10/2022,09:27:12,47.25,47.2,2050,47.3,5550,350,6163300
NIFTY13OCT2217300CE.NFO,10/10/2022,09:27:14,47.35,47.35,3050,47.45,4150,7200,6163300
NIFTY13OCT2217300CE.NFO,10/10/2022,09:27:15,47,46.9,3400,47,5350,11250,6163300
NIFTY13OCT2217300CE.NFO,10/10/2022,09:27:16,47,46.9,2950,47,6250,11600,6163300
NIFTY13OCT2217300CE.NFO,10/10/2022,09:27:17,47.15,47.1,100,47.15,1250,24850,6163300
NIFTY13OCT2217300CE.NFO,10/10/2022,09:27:18,46.9,46.85,1750,46.9,2450,8100,6163300
NIFTY13OCT2217300CE.NFO,10/10/2022,09:27:18,46.9,46.8,2750,46.9,2850,3700,6163300
NIFTY13OCT2217300CE.NFO,10/10/2022,09:27:19,46.65,46.6,750,46.65,750,6700,6163300
NIFTY13OCT2217300CE.NFO,10/10/2022,09:27:21,46.35,46.25,2700,46.35,4750,13250,6163300
NIFTY13OCT2217300CE.NFO,10/10/2022,09:27:22,46.15,46.1,4350,46.2,4550,17100,6163300
NIFTY13OCT2217300CE.NFO,10/10/2022,09:27:23,46.3,46.25,4000,46.35,2150,6850,6163300
NIFTY13OCT2217300CE.NFO,10/10/2022,09:27:24,46.25,46.2,3300,46.3,5050,7750,6163300
NIFTY13OCT2217300CE.NFO,10/10/2022,09:27:25,46.2,46.1,1950,46.2,2050,10150,6163300
NIFTY13OCT2217300CE.NFO,10/10/2022,09:27:26,45.9,46.05,4350,46.15,3150,5400,6163300
NIFTY13OCT2217300CE.NFO,10/10/2022,09:27:26,46.25,46.25,4550,46.35,6200,3200,6163300
NIFTY13OCT2217300CE.NFO,10/10/2022,09:27:28,46.5,46.45,5150,46.55,1000,9150,6163300
NIFTY13OCT2217300CE.NFO,10/10/2022,09:27:29,46.45,46.35,900,46.45,4700,4750,6163300
NIFTY13OCT2217300CE.NFO,10/10/2022,09:27:30,46.3,46.35,4400,46.45,1050,7650,6163300
NIFTY13OCT2217300CE.NFO,10/10/2022,09:27:31,45.4,45.3,4550,45.4,1500,13200,6163300
NIFTY13OCT2217300CE.NFO,10/10/2022,09:27:32,45.85,45.75,2800,45.8,1750,6350,6163300
NIFTY13OCT2217300CE.NFO,10/10/2022,09:27:32,45.45,45.45,5200,45.5,200,550,6163300
NIFTY13OCT2217300CE.NFO,10/10/2022,09:27:33,45.1,45.1,2850,45.2,2300,9450,6163300
NIFTY13OCT2217300CE.NFO,10/10/2022,09:27:35,45.25,45.2,3200,45.3,2700,24300,6163300
NIFTY13OCT2217300CE.NFO,10/10/2022,09:27:36,45.2,45.25,1700,45.35,5100,3950,6163300
NIFTY13OCT2217300CE.NFO,10/10/2022,09:27:37,45.55,45.45,4550,45.55,4050,11350,6163300
NIFTY13OCT2217300CE.NFO,10/10/2022,09:27:38,46,45.95,3400,46.1,7700,6650,6163300
NIFTY13OCT2217300CE.NFO,10/10/2022,09:27:39,46.25,46.25,4100,46.35,1500,7800,6163300
NIFTY13OCT2217300CE.NFO,10/10/2022,09:27:40,46.55,46.45,2700,46.55,5100,7850,6163300
NIFTY13OCT2217300CE.NFO,10/10/2022,09:27:40,46.6,46.5,3250,46.6,2600,2200,6163300
NIFTY13OCT2217300CE.NFO,10/10/2022,09:27:42,45.75,45.65,2150,45.75,50,34850,6163300
NIFTY13OCT2217300CE.NFO,10/10/2022,09:27:43,45.95,45.9,200,45.95,50,2700,6163300
NIFTY13OCT2217300CE.NFO,10/10/2022,09:27:44,45.9,45.8,4050,45.9,450,2750,6163300
NIFTY13OCT2217300CE.NFO,10/10/2022,09:27:45,46.4,46.3,3800,46.4,2100,5850,6163300
NIFTY13OCT2217300CE.NFO,10/10/2022,09:27:46,47,47.1,50,47.15,200,14600,6163300
NIFTY13OCT2217300CE.NFO,10/10/2022,09:27:47,46.55,46.5,50,46.6,3600,3150,6163300
NIFTY13OCT2217300CE.NFO,10/10/2022,09:27:49,46.85,46.75,5700,46.85,4500,3100,6163300
NIFTY13OCT2217300CE.NFO,10/10/2022,09:27:50,47.1,47,8800,47.1,750,3150,6163300
NIFTY13OCT2217300CE.NFO,10/10/2022,09:27:51,47.45,47.35,150,47.45,5700,3250,6163300
NIFTY13OCT2217300CE.NFO,10/10/2022,09:27:52,47.15,47,2600,47.15,6500,4500,6163300
NIFTY13OCT2217300CE.NFO,10/10/2022,09:27:53,46.7,46.6,6150,46.75,8950,7450,6163300
NIFTY13OCT2217300CE.NFO,10/10/2022,09:27:54,47,47.05,150,47.15,4550,10050,6163300
NIFTY13OCT2217300CE.NFO,10/10/2022,09:27:55,47.4,47.35,800,47.4,2500,7150,6163300
NIFTY13OCT2217300CE.NFO,10/10/2022,09:27:56,47.15,47.05,3650,47.15,150,3000,6163300
NIFTY13OCT2217300CE.NFO,10/10/2022,09:27:57,47.15,47.15,4700,47.25,2800,2750,6163300
NIFTY13OCT2217300CE.NFO,10/10/2022,09:27:58,47.05,46.95,3400,47.05,750,3950,6163300
NIFTY13OCT2217300CE.NFO,10/10/2022,09:27:59,47.6,47.5,850,47.6,4550,5400,6163300
NIFTY13OCT2217300CE.NFO,10/10/2022,09:28:00,47.7,47.6,2950,47.7,3500,5350,6163300
NIFTY13OCT2217300CE.NFO,10/10/2022,09:28:01,47.65,47.65,1700,47.7,750,6500,6163300
NIFTY13OCT2217300CE.NFO,10/10/2022,09:28:01,47.6,47.5,2550,47.6,5050,3600,6163300
NIFTY13OCT2217300CE.NFO,10/10/2022,09:28:02,47.65,47.65,100,47.75,4750,2000,6163300
NIFTY13OCT2217300CE.NFO,10/10/2022,09:28:04,47.7,47.65,50,47.7,4450,27100,6163300
NIFTY13OCT2217300CE.NFO,10/10/2022,09:28:05,47.45,47.45,400,47.5,1650,5850,6163300
NIFTY13OCT2217300CE.NFO,10/10/2022,09:28:06,48,47.95,1750,48.05,5500,24950,6163300
NIFTY13OCT2217300CE.NFO,10/10/2022,09:28:07,48.3,48.2,500,48.3,4350,9900,6163300
NIFTY13OCT2217300CE.NFO,10/10/2022,09:28:08,48.35,48.3,50,48.35,1850,11050,6163300
NIFTY13OCT2217300CE.NFO,10/10/2022,09:28:09,48.45,48.35,4550,48.5,8450,12550,6163300
NIFTY13OCT2217300CE.NFO,10/10/2022,09:28:10,48.6,48.55,5250,48.65,950,10500,6163300
NIFTY13OCT2217300CE.NFO,10/10/2022,09:28:11,48.85,48.75,3700,48.85,4700,4100,6163300
NIFTY13OCT2217300CE.NFO,10/10/2022,09:28:12,48.8,48.75,4700,48.85,4200,23000,6163300
NIFTY13OCT2217300CE.NFO,10/10/2022,09:28:13,48.45,48.4,6200,48.5,2550,4900,6163300
NIFTY13OCT2217300CE.NFO,10/10/2022,09:28:14,48.55,48.45,4700,48.6,7450,4350,6163300
NIFTY13OCT2217300CE.NFO,10/10/2022,09:28:15,48.55,48.5,50,48.6,5000,9100,6163300
NIFTY13OCT2217300CE.NFO,10/10/2022,09:28:16,48.3,48.3,200,48.4,2400,6400,6163300
NIFTY13OCT2217300CE.NFO,10/10/2022,09:28:19,48.15,48.15,4250,48.2,200,50000,6163300
NIFTY13OCT2217300CE.NFO,10/10/2022,09:28:20,48.75,48.65,3150,48.75,3650,14950,6163300
NIFTY13OCT2217300CE.NFO,10/10/2022,09:28:21,48.15,48.05,4700,48.15,1000,15000,6163300
NIFTY13OCT2217300CE.NFO,10/10/2022,09:28:22,48.4,48.3,4750,48.4,900,7450,6163300
NIFTY13OCT2217300CE.NFO,10/10/2022,09:28:23,48.4,48.3,4700,48.4,1800,4650,6163300
NIFTY13OCT2217300CE.NFO,10/10/2022,09:28:24,48.35,48.25,4700,48.4,8000,24850,6163300
NIFTY13OCT2217300CE.NFO,10/10/2022,09:28:25,48.25,48.25,1900,48.35,4350,4000,6163300
NIFTY13OCT2217300CE.NFO,10/10/2022,09:28:26,48.5,48.4,1750,48.5,4250,10850,6163300
NIFTY13OCT2217300CE.NFO,10/10/2022,09:28:27,48.3,48.3,4600,48.45,5350,6900,6163300
NIFTY13OCT2217300CE.NFO,10/10/2022,09:28:28,48.3,48.3,4800,48.35,50,9150,6163300
NIFTY13OCT2217300CE.NFO,10/10/2022,09:28:29,48.3,48.3,250,48.4,4550,3650,6163300
NIFTY13OCT2217300CE.NFO,10/10/2022,09:28:30,48.2,48.15,150,48.2,50,15400,6163300
NIFTY13OCT2217300CE.NFO,10/10/2022,09:28:31,48.15,48.1,100,48.2,6150,5000,6163300
NIFTY13OCT2217300CE.NFO,10/10/2022,09:28:32,47.95,47.9,300,48,4300,7000,6163300
NIFTY13OCT2217300CE.NFO,10/10/2022,09:28:33,47.8,47.65,4850,47.8,3050,1250,6163300
NIFTY13OCT2217300CE.NFO,10/10/2022,09:28:34,47.8,47.75,4700,47.9,5500,3900,6163300
NIFTY13OCT2217300CE.NFO,10/10/2022,09:28:35,47.8,47.9,3700,47.95,150,5750,6163300
NIFTY13OCT2217300CE.NFO,10/10/2022,09:28:36,48,47.9,4950,48,100,5050,6163300
NIFTY13OCT2217300CE.NFO,10/10/2022,09:28:37,47.6,47.55,4000,47.65,150,3100,6163300
NIFTY13OCT2217300CE.NFO,10/10/2022,09:28:38,47.8,47.75,4000,47.8,2900,4700,6163300
NIFTY13OCT2217300CE.NFO,10/10/2022,09:28:39,48,47.95,100,48,550,18450,6163300
NIFTY13OCT2217300CE.NFO,10/10/2022,09:28:40,47.95,47.75,2400,47.85,1950,4600,6163300
NIFTY13OCT2217300CE.NFO,10/10/2022,09:28:41,48,47.95,2100,48.05,1950,5550,6163300
NIFTY13OCT2217300CE.NFO,10/10/2022,09:28:42,48.05,48.05,1550,48.1,200,14200,6163300
NIFTY13OCT2217300CE.NFO,10/10/2022,09:28:43,48.3,48.25,1700,48.35,950,7800,6163300
NIFTY13OCT2217300CE.NFO,10/10/2022,09:28:44,48.55,48.45,8050,48.55,1650,2650,6163300
NIFTY13OCT2217300CE.NFO,10/10/2022,09:28:45,49,48.95,5700,49,2900,19900,6163300
NIFTY13OCT2217300CE.NFO,10/10/2022,09:28:46,49.4,49.3,2500,49.4,4350,7150,6163300
NIFTY13OCT2217300CE.NFO,10/10/2022,09:28:47,48.85,48.7,2900,48.8,4300,18150,6163300
NIFTY13OCT2217300CE.NFO,10/10/2022,09:28:48,48.6,48.55,3700,48.65,7550,9800,6163300
NIFTY13OCT2217300CE.NFO,10/10/2022,09:28:49,48.7,48.65,3600,48.7,300,5300,6163300
NIFTY13OCT2217300CE.NFO,10/10/2022,09:28:50,48.6,48.55,100,48.6,2200,4350,6163300
NIFTY13OCT2217300CE.NFO,10/10/2022,09:28:51,48.65,48.6,400,48.65,2950,1600,6163300
NIFTY13OCT2217300CE.NFO,10/10/2022,09:28:52,48.5,48.35,1550,48.5,9000,5550,6163300
NIFTY13OCT2217300CE.NFO,10/10/2022,09:28:53,48.1,48.05,4150,48.2,6950,24750,6163300
NIFTY13OCT2217300CE.NFO,10/10/2022,09:28:54,48.2,48.05,4500,48.2,4100,7600,6163300
NIFTY13OCT2217300CE.NFO,10/10/2022,09:28:55,48,47.95,4350,48.05,3700,9000,6163300
NIFTY13OCT2217300CE.NFO,10/10/2022,09:28:56,47.9,47.75,4950,47.9,6150,14800,6163300
NIFTY13OCT2217300CE.NFO,10/10/2022,09:28:57,47.9,47.85,8150,48,8150,2750,6163300
NIFTY13OCT2217300CE.NFO,10/10/2022,09:28:58,47.85,47.75,5700,47.85,2600,6050,6163300
NIFTY13OCT2217300CE.NFO,10/10/2022,09:28:59,47.85,47.7,3150,47.75,100,4050,6163300
NIFTY13OCT2217300CE.NFO,10/10/2022,09:29:00,47.5,47.5,300,47.55,100,31300,6163300
NIFTY13OCT2217300CE.NFO,10/10/2022,09:29:01,46.65,46.5,4850,46.6,1550,27050,6163300
NIFTY13OCT2217300CE.NFO,10/10/2022,09:29:02,46.75,46.75,4050,46.85,2850,11200,6163300
NIFTY13OCT2217300CE.NFO,10/10/2022,09:29:03,46.6,46.55,3250,46.65,100,9000,6163300
NIFTY13OCT2217300CE.NFO,10/10/2022,09:29:04,46.9,46.85,550,46.9,3200,9950,6163300
NIFTY13OCT2217300CE.NFO,10/10/2022,09:29:05,46.55,46.5,2800,46.6,4750,700,6163300
NIFTY13OCT2217300CE.NFO,10/10/2022,09:29:06,46.3,46.25,4400,46.35,2950,7800,6163300
NIFTY13OCT2217300CE.NFO,10/10/2022,09:29:07,46.3,46.2,2100,46.3,3250,5250,6163300
NIFTY13OCT2217300CE.NFO,10/10/2022,09:29:08,46.3,46.25,150,46.35,4900,6200,6163300
NIFTY13OCT2217300CE.NFO,10/10/2022,09:29:09,47.1,47.2,1400,47.25,400,16200,6163300
NIFTY13OCT2217300CE.NFO,10/10/2022,09:29:10,47.1,47.15,150,47.2,4400,4000,6163300
NIFTY13OCT2217300CE.NFO,10/10/2022,09:29:11,47.45,47.4,4350,47.45,1300,4200,6163300
NIFTY13OCT2217300CE.NFO,10/10/2022,09:29:12,47.5,47.45,500,47.55,4300,6050,6163300
NIFTY13OCT2217300CE.NFO,10/10/2022,09:29:13,47.1,47,4050,47.1,3350,4500,6163300
NIFTY13OCT2217300CE.NFO,10/10/2022,09:29:14,47.1,47.05,5050,47.15,1500,7600,6163300
NIFTY13OCT2217300CE.NFO,10/10/2022,09:29:15,46.85,46.75,50,46.8,3250,2050,6163300
NIFTY13OCT2217300CE.NFO,10/10/2022,09:29:16,46.5,46.4,3750,46.55,11350,4800,6163300
NIFTY13OCT2217300CE.NFO,10/10/2022,09:29:17,46.6,46.55,150,46.6,2900,4900,6163300
NIFTY13OCT2217300CE.NFO,10/10/2022,09:29:18,46.75,46.7,2100,46.8,4150,9050,6163300
NIFTY13OCT2217300CE.NFO,10/10/2022,09:29:19,46.9,46.75,3250,46.9,2900,11450,6163300
NIFTY13OCT2217300CE.NFO,10/10/2022,09:29:20,47.15,47,4050,47.15,6000,6050,6163300
NIFTY13OCT2217300CE.NFO,10/10/2022,09:29:21,47.15,47.1,4800,47.2,4350,6200,6163300
NIFTY13OCT2217300CE.NFO,10/10/2022,09:29:22,46.95,46.9,500,46.95,3300,11500,6163300
NIFTY13OCT2217300CE.NFO,10/10/2022,09:29:23,46.6,46.6,100,46.65,750,9850,6163300
NIFTY13OCT2217300CE.NFO,10/10/2022,09:29:24,46.6,46.6,750,46.7,2500,8850,6163300
NIFTY13OCT2217300CE.NFO,10/10/2022,09:29:25,46.95,46.9,4550,47,400,9400,6163300
NIFTY13OCT2217300CE.NFO,10/10/2022,09:29:26,47.3,47.2,4800,47.35,4000,2700,6353750
NIFTY13OCT2217300CE.NFO,10/10/2022,09:29:27,47.35,47.35,50,47.4,5300,10800,6353750
NIFTY13OCT2217300CE.NFO,10/10/2022,09:29:28,47.7,47.7,1550,47.8,1550,25250,6353750
NIFTY13OCT2217300CE.NFO,10/10/2022,09:29:29,47.75,47.65,4200,47.8,2350,9400,6353750
NIFTY13OCT2217300CE.NFO,10/10/2022,09:29:30,48.15,48.05,4350,48.15,5050,9350,6353750
NIFTY13OCT2217300CE.NFO,10/10/2022,09:29:31,48.25,48.25,2850,48.35,4350,5700,6353750
NIFTY13OCT2217300CE.NFO,10/10/2022,09:29:32,48.6,48.55,150,48.6,150,5650,6353750
NIFTY13OCT2217300CE.NFO,10/10/2022,09:29:33,48.65,48.6,2100,48.7,2550,17900,6353750
NIFTY13OCT2217300CE.NFO,10/10/2022,09:29:34,48.5,48.35,2800,48.45,5300,10800,6353750
NIFTY13OCT2217300CE.NFO,10/10/2022,09:29:35,48.25,48.15,3300,48.25,4350,9150,6353750
NIFTY13OCT2217300CE.NFO,10/10/2022,09:29:36,48.25,48.15,2100,48.25,2800,6400,6353750
NIFTY13OCT2217300CE.NFO,10/10/2022,09:29:37,48.4,48.3,150,48.4,4050,10400,6353750
NIFTY13OCT2217300CE.NFO,10/10/2022,09:29:38,48.45,48.35,3300,48.45,1550,9600,6353750
NIFTY13OCT2217300CE.NFO,10/10/2022,09:29:39,48.3,48.3,200,48.35,2550,14050,6353750
NIFTY13OCT2217300CE.NFO,10/10/2022,09:29:40,48.25,48.15,2800,48.25,4700,7600,6353750
NIFTY13OCT2217300CE.NFO,10/10/2022,09:29:41,48.1,48.1,50,48.15,250,3650,6353750
NIFTY13OCT2217300CE.NFO,10/10/2022,09:29:42,48.05,48.15,3900,48.25,3000,5100,6353750
NIFTY13OCT2217300CE.NFO,10/10/2022,09:29:43,48.05,48.05,4500,48.15,50,3800,6353750
NIFTY13OCT2217300CE.NFO,10/10/2022,09:29:44,48.25,48.15,200,48.25,4250,6800,6353750
NIFTY13OCT2217300CE.NFO,10/10/2022,09:29:45,48.2,48.1,4100,48.2,2800,11100,6353750
NIFTY13OCT2217300CE.NFO,10/10/2022,09:29:46,48.1,48,5550,48.15,4550,5750,6353750
NIFTY13OCT2217300CE.NFO,10/10/2022,09:29:47,48.15,48.1,50,48.15,3550,7250,6353750
NIFTY13OCT2217300CE.NFO,10/10/2022,09:29:48,48,47.9,750,48,4050,8250,6353750
NIFTY13OCT2217300CE.NFO,10/10/2022,09:29:49,47.95,47.95,100,48.05,4500,6150,6353750
NIFTY13OCT2217300CE.NFO,10/10/2022,09:29:50,48.3,48.25,100,48.35,3300,6550,6353750
NIFTY13OCT2217300CE.NFO,10/10/2022,09:29:51,48.25,48.2,450,48.3,4000,8400,6353750
NIFTY13OCT2217300CE.NFO,10/10/2022,09:29:52,48,47.95,4650,48,2750,10300,6353750
NIFTY13OCT2217300CE.NFO,10/10/2022,09:29:53,48.15,48.05,3950,48.2,4550,6600,6353750
NIFTY13OCT2217300CE.NFO,10/10/2022,09:29:54,48.25,48.1,4750,48.25,4700,4300,6353750
NIFTY13OCT2217300CE.NFO,10/10/2022,09:29:55,48.25,48.2,50,48.3,1950,2850,6353750
NIFTY13OCT2217300CE.NFO,10/10/2022,09:29:56,48.25,48.15,2300,48.25,2750,10050,6353750
NIFTY13OCT2217300CE.NFO,10/10/2022,09:29:57,48.1,48.1,1800,48.15,50,6650,6353750
NIFTY13OCT2217300CE.NFO,10/10/2022,09:29:58,48.25,48.2,150,48.25,2600,2800,6353750
NIFTY13OCT2217300CE.NFO,10/10/2022,09:29:59,48.35,48.35,2200,48.45,100,4150,6353750
NIFTY13OCT2217300CE.NFO,10/10/2022,09:30:00,48.05,47.95,1900,48.05,150,16550,6353750
NIFTY13OCT2217300CE.NFO,10/10/2022,09:30:01,48,47.95,2050,48.05,600,9850,6353750
NIFTY13OCT2217300CE.NFO,10/10/2022,09:30:02,48.05,47.85,1800,47.95,1850,16600,6353750
NIFTY13OCT2217300CE.NFO,10/10/2022,09:30:03,47.1,47.05,2950,47.15,4400,16450,6353750
NIFTY13OCT2217300CE.NFO,10/10/2022,09:30:04,47.5,47.4,1900,47.5,250,13500,6353750
NIFTY13OCT2217300CE.NFO,10/10/2022,09:30:05,47.7,47.65,3450,47.75,650,24200,6353750
NIFTY13OCT2217300CE.NFO,10/10/2022,09:30:06,47.75,47.65,4300,47.8,5600,2100,6353750
NIFTY13OCT2217300CE.NFO,10/10/2022,09:30:07,47.8,47.65,1800,47.8,6600,28150,6353750
NIFTY13OCT2217300CE.NFO,10/10/2022,09:30:08,47.7,47.55,4550,47.65,4000,5250,6353750
NIFTY13OCT2217300CE.NFO,10/10/2022,09:30:09,47.5,47.35,400,47.4,1200,10900,6353750
NIFTY13OCT2217300CE.NFO,10/10/2022,09:30:10,47.7,47.7,1500,47.75,4700,8750,6353750
NIFTY13OCT2217300CE.NFO,10/10/2022,09:30:12,48.4,48.3,4800,48.45,3800,45000,6353750
NIFTY13OCT2217300CE.NFO,10/10/2022,09:30:13,47.65,47.6,2950,47.7,150,42450,6353750
NIFTY13OCT2217300CE.NFO,10/10/2022,09:30:14,47.45,47.35,250,47.4,2050,17250,6353750
NIFTY13OCT2217300CE.NFO,10/10/2022,09:30:15,47.5,47.55,1850,47.65,3850,1600,6353750
NIFTY13OCT2217300CE.NFO,10/10/2022,09:30:16,47.4,47.35,2550,47.45,150,5800,6353750
NIFTY13OCT2217300CE.NFO,10/10/2022,09:30:17,47.55,47.4,1400,47.5,2750,4950,6353750
NIFTY13OCT2217300CE.NFO,10/10/2022,09:30:18,47.65,47.55,450,47.65,2950,8500,6353750
NIFTY13OCT2217300CE.NFO,10/10/2022,09:30:19,47.65,47.6,3100,47.75,5300,3750,6353750
NIFTY13OCT2217300CE.NFO,10/10/2022,09:30:20,47.7,47.6,5350,47.7,950,6950,6353750
NIFTY13OCT2217300CE.NFO,10/10/2022,09:30:21,47.75,47.65,200,47.75,4450,2300,6353750
NIFTY13OCT2217300CE.NFO,10/10/2022,09:30:22,47.65,47.55,200,47.65,2150,31600,6353750
NIFTY13OCT2217300CE.NFO,10/10/2022,09:30:23,47.4,47.4,3050,47.5,150,5150,6353750
NIFTY13OCT2217300CE.NFO,10/10/2022,09:30:24,47.55,47.5,2300,47.65,4100,6800,6353750
NIFTY13OCT2217300CE.NFO,10/10/2022,09:30:25,47.65,47.55,3650,47.65,200,10450,6353750
NIFTY13OCT2217300CE.NFO,10/10/2022,09:30:26,47.65,47.6,5150,47.75,5200,4850,6353750
NIFTY13OCT2217300CE.NFO,10/10/2022,09:30:27,47.65,47.6,3750,47.7,100,4500,6353750
NIFTY13OCT2217300CE.NFO,10/10/2022,09:30:28,47.25,47.25,1550,47.3,1450,13300,6353750
NIFTY13OCT2217300CE.NFO,10/10/2022,09:30:29,46.3,46.3,200,46.35,4300,33850,6353750
NIFTY13OCT2217300CE.NFO,10/10/2022,09:30:31,46.35,46.25,3650,46.35,3300,13400,6353750
NIFTY13OCT2217300CE.NFO,10/10/2022,09:30:32,45.8,45.85,1200,45.9,350,21250,6353750
NIFTY13OCT2217300CE.NFO,10/10/2022,09:30:33,45.45,45.4,2600,45.5,1450,10350,6353750
NIFTY13OCT2217300CE.NFO,10/10/2022,09:30:34,45.9,45.8,3850,45.9,1500,12500,6353750
NIFTY13OCT2217300CE.NFO,10/10/2022,09:30:35,45.95,45.85,1300,45.95,3900,4050,6353750
NIFTY13OCT2217300CE.NFO,10/10/2022,09:30:36,45.95,45.9,1250,46,4550,5350,6353750
NIFTY13OCT2217300CE.NFO,10/10/2022,09:30:38,46.05,45.9,2550,46,5750,10250,6353750
NIFTY13OCT2217300CE.NFO,10/10/2022,09:30:39,46.1,46,3850,46.1,900,2600,6353750
NIFTY13OCT2217300CE.NFO,10/10/2022,09:30:39,46.1,46.05,3850,46.15,7050,300,6353750
NIFTY13OCT2217300CE.NFO,10/10/2022,09:30:40,46.5,46.4,4950,46.5,1800,27100,6353750
NIFTY13OCT2217300CE.NFO,10/10/2022,09:30:41,46.6,46.4,6300,46.55,1950,3150,6353750
NIFTY13OCT2217300CE.NFO,10/10/2022,09:30:42,47.55,47.55,1250,47.6,1950,10650,6353750
NIFTY13OCT2217300CE.NFO,10/10/2022,09:30:43,47.9,47.8,5800,47.9,5550,5700,6353750
NIFTY13OCT2217300CE.NFO,10/10/2022,09:30:45,48.6,48.6,50,48.65,2400,26400,6353750
NIFTY13OCT2217300CE.NFO,10/10/2022,09:30:46,48.65,48.6,150,48.7,2350,15350,6353750
NIFTY13OCT2217300CE.NFO,10/10/2022,09:30:47,48.35,48.3,5400,48.35,50,13700,6353750
NIFTY13OCT2217300CE.NFO,10/10/2022,09:30:47,47.9,47.85,2850,47.95,300,6200,6353750
NIFTY13OCT2217300CE.NFO,10/10/2022,09:30:49,48.4,48.15,3150,48.3,5550,12400,6353750
NIFTY13OCT2217300CE.NFO,10/10/2022,09:30:50,48.55,48.45,2350,48.55,2200,1850,6353750
NIFTY13OCT2217300CE.NFO,10/10/2022,09:30:50,48.5,48.45,1250,48.55,3650,150,6353750
NIFTY13OCT2217300CE.NFO,10/10/2022,09:30:51,48.6,48.5,450,48.6,5300,6000,6353750
NIFTY13OCT2217300CE.NFO,10/10/2022,09:30:52,48.6,48.55,150,48.65,3100,8100,6353750
NIFTY13OCT2217300CE.NFO,10/10/2022,09:30:53,48.2,48.05,1000,48.1,150,4050,6353750
NIFTY13OCT2217300CE.NFO,10/10/2022,09:30:54,47.95,47.9,50,47.95,400,10100,6353750
NIFTY13OCT2217300CE.NFO,10/10/2022,09:30:55,47.7,47.65,200,47.7,1450,11800,6353750
NIFTY13OCT2217300CE.NFO,10/10/2022,09:30:57,47.8,47.65,5800,47.8,4400,4350,6353750
NIFTY13OCT2217300CE.NFO,10/10/2022,09:30:57,47.65,47.65,50,47.7,1450,100,6353750
NIFTY13OCT2217300CE.NFO,10/10/2022,09:30:58,47.8,47.75,2500,47.85,1400,4400,6353750
NIFTY13OCT2217300CE.NFO,10/10/2022,09:30:59,48.15,48,6400,48.15,3100,8100,6353750
NIFTY13OCT2217300CE.NFO,10/10/2022,09:31:00,48.7,48.7,2600,48.8,5850,11050,6353750
NIFTY13OCT2217300CE.NFO,10/10/2022,09:31:01,48.5,48.6,2350,48.65,1250,16750,6353750
NIFTY13OCT2217300CE.NFO,10/10/2022,09:31:02,48.2,48.2,1650,48.25,2200,4400,6353750
NIFTY13OCT2217300CE.NFO,10/10/2022,09:31:03,48.4,48.25,2000,48.35,8250,5750,6353750
NIFTY13OCT2217300CE.NFO,10/10/2022,09:31:04,48.3,48.15,3050,48.3,2950,7100,6353750
NIFTY13OCT2217300CE.NFO,10/10/2022,09:31:05,48.25,48.15,2900,48.3,6800,5100,6353750
NIFTY13OCT2217300CE.NFO,10/10/2022,09:31:06,48.5,48.4,4950,48.55,3100,700,6353750
NIFTY13OCT2217300CE.NFO,10/10/2022,09:31:07,48.15,48,2550,48.05,850,2500,6353750
NIFTY13OCT2217300CE.NFO,10/10/2022,09:31:08,47.75,47.7,4250,47.8,500,11150,6353750
NIFTY13OCT2217300CE.NFO,10/10/2022,09:31:09,47.85,47.8,2450,47.9,100,7600,6353750
NIFTY13OCT2217300CE.NFO,10/10/2022,09:31:10,47.75,47.65,150,47.75,4050,4150,6353750
NIFTY13OCT2217300CE.NFO,10/10/2022,09:31:12,47.75,47.75,50,47.8,600,6650,6353750
NIFTY13OCT2217300CE.NFO,10/10/2022,09:31:12,47.45,47.35,2450,47.45,2300,2850,6353750
NIFTY13OCT2217300CE.NFO,10/10/2022,09:31:13,47.35,47.4,2800,47.5,5650,3200,6353750
NIFTY13OCT2217300CE.NFO,10/10/2022,09:31:14,47.45,47.35,1550,47.45,3950,8750,6353750
NIFTY13OCT2217300CE.NFO,10/10/2022,09:31:15,47.15,47.1,4550,47.25,5350,6700,6353750
NIFTY13OCT2217300CE.NFO,10/10/2022,09:31:16,46.7,46.55,50,46.65,6100,14400,6353750
NIFTY13OCT2217300CE.NFO,10/10/2022,09:31:17,46.55,46.4,4650,46.5,200,4200,6353750
NIFTY13OCT2217300CE.NFO,10/10/2022,09:31:18,46.65,46.5,3250,46.65,7100,4450,6353750
NIFTY13OCT2217300CE.NFO,10/10/2022,09:31:19,46.55,46.6,1900,46.7,2300,4200,6353750
NIFTY13OCT2217300CE.NFO,10/10/2022,09:31:20,46.85,46.75,2400,46.85,4150,14700,6353750
NIFTY13OCT2217300CE.NFO,10/10/2022,09:31:21,47.05,47,2100,47.15,9150,8250,6353750
NIFTY13OCT2217300CE.NFO,10/10/2022,09:31:22,46.95,46.8,2800,46.9,4550,2650,6353750
NIFTY13OCT2217300CE.NFO,10/10/2022,09:31:23,46.95,46.8,5400,46.95,5350,2000,6353750
NIFTY13OCT2217300CE.NFO,10/10/2022,09:31:24,47.1,47,50,47.1,4850,7850,6353750
NIFTY13OCT2217300CE.NFO,10/10/2022,09:31:25,47.3,47.3,1350,47.4,4600,3050,6353750
NIFTY13OCT2217300CE.NFO,10/10/2022,09:31:26,47.9,47.85,5750,47.95,200,2900,6353750
NIFTY13OCT2217300CE.NFO,10/10/2022,09:31:27,48.35,48.25,1850,48.35,2450,16750,6353750
NIFTY13OCT2217300CE.NFO,10/10/2022,09:31:28,48.4,48.35,200,48.4,1450,3550,6353750
NIFTY13OCT2217300CE.NFO,10/10/2022,09:31:29,48,48.05,150,48.15,4450,5900,6353750
NIFTY13OCT2217300CE.NFO,10/10/2022,09:31:30,47.2,47.2,1550,47.3,5100,7350,6353750
NIFTY13OCT2217300CE.NFO,10/10/2022,09:31:32,47.2,47.1,2200,47.2,200,4550,6353750
NIFTY13OCT2217300CE.NFO,10/10/2022,09:31:32,47.1,47,2000,47.1,2100,3050,6353750
NIFTY13OCT2217300CE.NFO,10/10/2022,09:31:33,47.6,47.5,4800,47.6,1400,7850,6353750
NIFTY13OCT2217300CE.NFO,10/10/2022,09:31:34,47.5,47.4,50,47.5,3300,2850,6353750
NIFTY13OCT2217300CE.NFO,10/10/2022,09:31:35,47.35,47.35,1800,47.45,2800,1600,6353750
NIFTY13OCT2217300CE.NFO,10/10/2022,09:31:36,47.15,47.1,3300,47.2,150,3800,6353750
NIFTY13OCT2217300CE.NFO,10/10/2022,09:31:37,47.2,47.2,2950,47.3,2900,6050,6353750
NIFTY13OCT2217300CE.NFO,10/10/2022,09:31:38,47.05,47.05,250,47.15,4500,1600,6353750
NIFTY13OCT2217300CE.NFO,10/10/2022,09:31:39,46.95,46.9,3900,47,2800,6250,6353750
NIFTY13OCT2217300CE.NFO,10/10/2022,09:31:40,46.85,46.75,2400,46.85,1550,2300,6353750
NIFTY13OCT2217300CE.NFO,10/10/2022,09:31:41,46.75,46.75,2150,46.85,5600,6700,6353750
NIFTY13OCT2217300CE.NFO,10/10/2022,09:31:43,46.3,46.3,2500,46.4,3050,10450,6353750
NIFTY13OCT2217300CE.NFO,10/10/2022,09:31:44,46.75,46.7,3250,46.75,800,2600,6353750
NIFTY13OCT2217300CE.NFO,10/10/2022,09:31:44,46.65,46.6,500,46.65,1750,250,6353750
NIFTY13OCT2217300CE.NFO,10/10/2022,09:31:45,46.3,46.3,50,46.35,50,4800,6353750
NIFTY13OCT2217300CE.NFO,10/10/2022,09:31:46,46.55,46.5,100,46.6,5750,7350,6353750
NIFTY13OCT2217300CE.NFO,10/10/2022,09:31:47,46.6,46.5,5250,46.65,4600,3250,6353750
NIFTY13OCT2217300CE.NFO,10/10/2022,09:31:48,46.7,46.7,4050,46.8,2200,3550,6353750
NIFTY13OCT2217300CE.NFO,10/10/2022,09:31:49,46.65,46.65,3900,46.75,2650,2700,6353750
NIFTY13OCT2217300CE.NFO,10/10/2022,09:31:50,46.8,46.65,5850,46.8,4500,1400,6353750
NIFTY13OCT2217300CE.NFO,10/10/2022,09:31:51,46.85,46.85,2400,46.9,1200,4850,6353750
NIFTY13OCT2217300CE.NFO,10/10/2022,09:31:52,46.9,46.9,5350,47,300,3400,6353750
NIFTY13OCT2217300CE.NFO,10/10/2022,09:31:53,47.6,47.5,50,47.6,5550,5850,6353750
NIFTY13OCT2217300CE.NFO,10/10/2022,09:31:55,47.65,47.7,150,47.8,6000,700,6353750
NIFTY13OCT2217300CE.NFO,10/10/2022,09:31:55,47.9,47.8,150,47.9,6200,850,6353750
NIFTY13OCT2217300CE.NFO,10/10/2022,09:31:56,48.25,48.15,4150,48.25,2200,16350,6353750
NIFTY13OCT2217300CE.NFO,10/10/2022,09:31:57,48.3,48.2,6450,48.3,2450,5800,6353750
NIFTY13OCT2217300CE.NFO,10/10/2022,09:31:58,48,48,1550,48.1,4000,6650,6353750
NIFTY13OCT2217300CE.NFO,10/10/2022,09:31:59,48.1,48.1,100,48.2,3900,4800,6353750
NIFTY13OCT2217300CE.NFO,10/10/2022,09:32:00,48.05,48.05,800,48.15,2500,6500,6353750
NIFTY13OCT2217300CE.NFO,10/10/2022,09:32:01,47.85,47.85,450,47.9,250,2950,6353750
NIFTY13OCT2217300CE.NFO,10/10/2022,09:32:02,47.45,47.4,2800,47.5,200,2150,6353750
NIFTY13OCT2217300CE.NFO,10/10/2022,09:32:04,47.9,47.9,3100,47.95,200,1750,6353750
NIFTY13OCT2217300CE.NFO,10/10/2022,09:32:04,47.95,47.9,2850,47.95,50,400,6353750
NIFTY13OCT2217300CE.NFO,10/10/2022,09:32:05,47.95,48,50,48.1,4850,6000,6353750
NIFTY13OCT2217300CE.NFO,10/10/2022,09:32:06,48.35,48.3,8300,48.45,5300,5700,6353750
NIFTY13OCT2217300CE.NFO,10/10/2022,09:32:07,48.95,48.95,50,49,5300,34250,6353750
NIFTY13OCT2217300CE.NFO,10/10/2022,09:32:08,49.15,49.1,7900,49.25,4750,5150,6353750
NIFTY13OCT2217300CE.NFO,10/10/2022,09:32:10,49.45,49.4,1650,49.5,3150,14050,6353750
NIFTY13OCT2217300CE.NFO,10/10/2022,09:32:11,49.35,49.25,5550,49.4,4550,13900,6353750
NIFTY13OCT2217300CE.NFO,10/10/2022,09:32:11,49.1,49.1,2500,49.2,1950,8900,6353750
NIFTY13OCT2217300CE.NFO,10/10/2022,09:32:13,48.9,48.95,2650,49.05,2450,7400,6353750
NIFTY13OCT2217300CE.NFO,10/10/2022,09:32:13,48.8,48.7,4100,48.8,2950,1650,6353750
NIFTY13OCT2217300CE.NFO,10/10/2022,09:32:14,49,48.95,100,49,250,6750,6353750
NIFTY13OCT2217300CE.NFO,10/10/2022,09:32:15,49.2,49.2,50,49.25,5300,2650,6353750
NIFTY13OCT2217300CE.NFO,10/10/2022,09:32:16,49.55,49.4,6150,49.55,6150,6250,6353750
NIFTY13OCT2217300CE.NFO,10/10/2022,09:32:17,49.55,49.5,2650,49.6,2450,6100,6353750
NIFTY13OCT2217300CE.NFO,10/10/2022,09:32:19,50,49.95,5400,50,12650,19900,6353750
NIFTY13OCT2217300CE.NFO,10/10/2022,09:32:20,49.9,49.75,3150,49.9,5900,6850,6353750
NIFTY13OCT2217300CE.NFO,10/10/2022,09:32:20,49.8,49.7,5150,49.85,5150,3350,6353750
NIFTY13OCT2217300CE.NFO,10/10/2022,09:32:22,50,49.95,7000,50.1,2200,26900,6353750
NIFTY13OCT2217300CE.NFO,10/10/2022,09:32:23,50.4,50.25,4700,50.4,4250,9400,6353750
NIFTY13OCT2217300CE.NFO,10/10/2022,09:32:24,50.55,50.5,50,50.55,2900,11050,6353750
NIFTY13OCT2217300CE.NFO,10/10/2022,09:32:24,50.25,50.25,100,50.35,6850,7900,6353750
NIFTY13OCT2217300CE.NFO,10/10/2022,09:32:25,49.85,49.75,100,49.85,4200,11050,6378650
NIFTY13OCT2217300CE.NFO,10/10/2022,09:32:26,50,50,150,50.05,3750,6500,6378650
NIFTY13OCT2217300CE.NFO,10/10/2022,09:32:27,50.15,50.15,3800,50.3,6100,5850,6378650
NIFTY13OCT2217300CE.NFO,10/10/2022,09:32:28,50.25,50.2,2550,50.25,50,3150,6378650
NIFTY13OCT2217300CE.NFO,10/10/2022,09:32:29,50.25,50.2,200,50.3,4600,5550,6378650
NIFTY13OCT2217300CE.NFO,10/10/2022,09:32:30,50.3,50.2,100,50.3,3450,5000,6378650
NIFTY13OCT2217300CE.NFO,10/10/2022,09:32:31,50.1,49.95,5300,50.05,3300,22750,6378650
NIFTY13OCT2217300CE.NFO,10/10/2022,09:32:32,49.85,49.9,2500,50,50,9650,6378650
NIFTY13OCT2217300CE.NFO,10/10/2022,09:32:33,49.85,49.8,5000,49.9,2000,6000,6378650
NIFTY13OCT2217300CE.NFO,10/10/2022,09:32:34,49.95,49.95,2250,50,1650,6500,6378650
NIFTY13OCT2217300CE.NFO,10/10/2022,09:32:35,50.05,50.15,4550,50.3,6100,2950,6378650
NIFTY13OCT2217300CE.NFO,10/10/2022,09:32:36,50.05,49.95,4200,50.1,6150,6250,6378650
NIFTY13OCT2217300CE.NFO,10/10/2022,09:32:37,50,50,100,50.05,50,9100,6378650
NIFTY13OCT2217300CE.NFO,10/10/2022,09:32:38,49.25,49.1,700,49.2,8800,19000,6378650
NIFTY13OCT2217300CE.NFO,10/10/2022,09:32:39,48.95,48.85,5700,48.95,7450,12500,6378650
NIFTY13OCT2217300CE.NFO,10/10/2022,09:32:41,48.85,48.75,3800,48.9,6300,10200,6378650
NIFTY13OCT2217300CE.NFO,10/10/2022,09:32:42,48.55,48.45,2500,48.55,800,10050,6378650
NIFTY13OCT2217300CE.NFO,10/10/2022,09:32:43,48.6,48.45,50,48.5,2750,7750,6378650
NIFTY13OCT2217300CE.NFO,10/10/2022,09:32:44,48.35,48.25,5300,48.35,3750,2700,6378650
NIFTY13OCT2217300CE.NFO,10/10/2022,09:32:45,48.35,48.3,4800,48.4,1400,8950,6378650
NIFTY13OCT2217300CE.NFO,10/10/2022,09:32:46,47.65,47.55,3550,47.65,4550,28700,6378650
NIFTY13OCT2217300CE.NFO,10/10/2022,09:32:47,48.2,48.05,2800,48.15,550,6600,6378650
NIFTY13OCT2217300CE.NFO,10/10/2022,09:32:48,47.95,47.95,6200,48.1,7900,9650,6378650
NIFTY13OCT2217300CE.NFO,10/10/2022,09:32:49,48.1,48.05,5450,48.1,350,9400,6378650
NIFTY13OCT2217300CE.NFO,10/10/2022,09:32:51,47.85,47.65,5500,47.8,7300,7750,6378650
NIFTY13OCT2217300CE.NFO,10/10/2022,09:32:52,47.85,47.75,4750,47.9,6050,8600,6378650
NIFTY13OCT2217300CE.NFO,10/10/2022,09:32:53,47.7,47.5,5850,47.65,7650,9350,6378650
NIFTY13OCT2217300CE.NFO,10/10/2022,09:32:54,47.8,47.75,550,47.85,5650,5800,6378650
NIFTY13OCT2217300CE.NFO,10/10/2022,09:32:55,48.25,48.2,1000,48.3,4350,11400,6378650
NIFTY13OCT2217300CE.NFO,10/10/2022,09:32:55,48.25,48.2,8700,48.35,5900,650,6378650
NIFTY13OCT2217300CE.NFO,10/10/2022,09:32:56,48.85,48.85,3900,48.95,3100,12700,6378650
NIFTY13OCT2217300CE.NFO,10/10/2022,09:32:57,49,48.95,5250,49,350,4300,6378650
NIFTY13OCT2217300CE.NFO,10/10/2022,09:32:58,49.4,49.45,50,49.5,2800,6300,6378650
NIFTY13OCT2217300CE.NFO,10/10/2022,09:33:00,49.15,49.15,300,49.25,5550,9750,6378650
NIFTY13OCT2217300CE.NFO,10/10/2022,09:33:01,49.85,49.8,150,49.9,5450,10400,6378650
NIFTY13OCT2217300CE.NFO,10/10/2022,09:33:02,50.25,50.15,4700,50.25,4350,27900,6378650
NIFTY13OCT2217300CE.NFO,10/10/2022,09:33:03,49.9,49.9,1600,49.95,4100,11200,6378650
NIFTY13OCT2217300CE.NFO,10/10/2022,09:33:04,49.55,49.5,50,49.55,150,5950,6378650
NIFTY13OCT2217300CE.NFO,10/10/2022,09:33:06,49.65,49.55,750,49.65,7800,2100,6378650
NIFTY13OCT2217300CE.NFO,10/10/2022,09:33:07,49,48.85,6300,49,8150,21300,6378650
NIFTY13OCT2217300CE.NFO,10/10/2022,09:33:07,49.1,48.95,2950,49.1,9700,1400,6378650
NIFTY13OCT2217300CE.NFO,10/10/2022,09:33:08,48.95,48.95,2450,49.05,3500,4750,6378650
NIFTY13OCT2217300CE.NFO,10/10/2022,09:33:10,48.6,48.7,2800,48.75,50,9550,6378650
NIFTY13OCT2217300CE.NFO,10/10/2022,09:33:11,48.7,48.65,1800,48.75,4800,2350,6378650
NIFTY13OCT2217300CE.NFO,10/10/2022,09:33:12,48.35,48.25,5150,48.35,100,4250,6378650
NIFTY13OCT2217300CE.NFO,10/10/2022,09:33:13,48.6,48.5,5700,48.65,8250,5300,6378650
NIFTY13OCT2217300CE.NFO,10/10/2022,09:33:13,48.35,48.35,1850,48.45,2750,1900,6378650
NIFTY13OCT2217300CE.NFO,10/10/2022,09:33:14,48.4,48.3,4550,48.4,150,3850,6378650
NIFTY13OCT2217300CE.NFO,10/10/2022,09:33:15,48.3,48.3,3450,48.35,450,4900,6378650
NIFTY13OCT2217300CE.NFO,10/10/2022,09:33:16,48.4,48.25,5050,48.35,200,4050,6378650
NIFTY13OCT2217300CE.NFO,10/10/2022,09:33:17,48.2,48.1,4650,48.25,6800,3000,6378650
NIFTY13OCT2217300CE.NFO,10/10/2022,09:33:18,48.25,48.2,5450,48.35,8300,5300,6378650
NIFTY13OCT2217300CE.NFO,10/10/2022,09:33:20,48.15,48.15,3000,48.25,4400,11750,6378650
NIFTY13OCT2217300CE.NFO,10/10/2022,09:33:21,48.3,48.25,150,48.35,7450,3000,6378650
NIFTY13OCT2217300CE.NFO,10/10/2022,09:33:21,48.4,48.3,1850,48.4,2950,2150,6378650
NIFTY13OCT2217300CE.NFO,10/10/2022,09:33:22,48.4,48.3,150,48.4,6300,1700,6378650
NIFTY13OCT2217300CE.NFO,10/10/2022,09:33:23,48.3,48.45,350,48.5,2800,1300,6378650
NIFTY13OCT2217300CE.NFO,10/10/2022,09:33:24,48.65,48.65,2550,48.75,4400,5800,6378650
NIFTY13OCT2217300CE.NFO,10/10/2022,09:33:25,48.2,48.05,3200,48.15,4350,4250,6378650
NIFTY13OCT2217300CE.NFO,10/10/2022,09:33:26,48.25,48.1,50,48.2,7650,2600,6378650
NIFTY13OCT2217300CE.NFO,10/10/2022,09:33:27,47.7,47.7,5150,47.8,1850,23600,6378650
NIFTY13OCT2217300CE.NFO,10/10/2022,09:33:28,48.05,47.95,2600,48.05,4450,7400,6378650
NIFTY13OCT2217300CE.NFO,10/10/2022,09:33:29,48.2,48,250,48.1,5850,7050,6378650
NIFTY13OCT2217300CE.NFO,10/10/2022,09:33:31,48,47.95,5300,48.05,2700,1850,6378650
NIFTY13OCT2217300CE.NFO,10/10/2022,09:33:32,47.85,47.9,3950,48,2200,1450,6378650
NIFTY13OCT2217300CE.NFO,10/10/2022,09:33:33,48.2,48.1,3750,48.2,1800,3950,6378650
NIFTY13OCT2217300CE.NFO,10/10/2022,09:33:34,49,48.9,4900,49,200,12250,6378650
NIFTY13OCT2217300CE.NFO,10/10/2022,09:33:34,48.9,48.95,3550,49.05,2750,350,6378650
NIFTY13OCT2217300CE.NFO,10/10/2022,09:33:35,48.75,48.65,150,48.75,5950,1400,6378650
NIFTY13OCT2217300CE.NFO,10/10/2022,09:33:36,48.6,48.5,7450,48.65,7150,1900,6378650
NIFTY13OCT2217300CE.NFO,10/10/2022,09:33:37,48.75,48.65,3000,48.75,150,5950,6378650
NIFTY13OCT2217300CE.NFO,10/10/2022,09:33:38,48.95,48.7,1800,48.8,6400,2900,6378650
NIFTY13OCT2217300CE.NFO,10/10/2022,09:33:39,48.7,48.65,6250,48.8,3500,3150,6378650
NIFTY13OCT2217300CE.NFO,10/10/2022,09:33:41,48.65,48.55,5350,48.65,400,1850,6378650
NIFTY13OCT2217300CE.NFO,10/10/2022,09:33:41,48.65,48.6,50,48.65,100,1250,6378650
NIFTY13OCT2217300CE.NFO,10/10/2022,09:33:42,48,48.05,5350,48.1,50,6450,6378650
NIFTY13OCT2217300CE.NFO,10/10/2022,09:33:43,48.4,48.5,4500,48.6,50,3150,6378650
NIFTY13OCT2217300CE.NFO,10/10/2022,09:33:45,48.25,48.25,7300,48.35,150,1750,6378650
NIFTY13OCT2217300CE.NFO,10/10/2022,09:33:46,48.45,48.4,400,48.5,4250,3950,6378650
NIFTY13OCT2217300CE.NFO,10/10/2022,09:33:47,47.85,47.85,5300,47.95,400,6950,6378650
NIFTY13OCT2217300CE.NFO,10/10/2022,09:33:47,48,47.9,3650,48,50,750,6378650
NIFTY13OCT2217300CE.NFO,10/10/2022,09:33:49,48.2,48.05,50,48.15,2500,4750,6378650
NIFTY13OCT2217300CE.NFO,10/10/2022,09:33:49,48.1,48.15,1800,48.25,5900,100,6378650
NIFTY13OCT2217300CE.NFO,10/10/2022,09:33:50,48.3,48.25,8400,48.4,6800,3750,6378650
NIFTY13OCT2217300CE.NFO,10/10/2022,09:33:51,48.45,48.45,4800,48.55,2050,3950,6378650
NIFTY13OCT2217300CE.NFO,10/10/2022,09:33:52,48.3,48.25,2600,48.3,50,4050,6378650
NIFTY13OCT2217300CE.NFO,10/10/2022,09:33:53,48,48,850,48.1,4250,1900,6378650
NIFTY13OCT2217300CE.NFO,10/10/2022,09:33:54,47.9,47.85,700,47.95,2450,2950,6378650
NIFTY13OCT2217300CE.NFO,10/10/2022,09:33:55,47.8,47.7,3950,47.85,4500,5550,6378650
NIFTY13OCT2217300CE.NFO,10/10/2022,09:33:56,48.15,48,6800,48.15,5600,5250,6378650
NIFTY13OCT2217300CE.NFO,10/10/2022,09:33:57,47.75,47.65,850,47.75,2600,2300,6378650
NIFTY13OCT2217300CE.NFO,10/10/2022,09:33:58,47.45,47.35,3500,47.45,2650,10450,6378650
NIFTY13OCT2217300CE.NFO,10/10/2022,09:33:59,47.4,47.35,50,47.4,4650,2050,6378650
NIFTY13OCT2217300CE.NFO,10/10/2022,09:34:00,47.35,47.3,7500,47.4,50,4100,6378650
NIFTY13OCT2217300CE.NFO,10/10/2022,09:34:01,47.55,47.45,4050,47.55,100,2900,6378650
NIFTY13OCT2217300CE.NFO,10/10/2022,09:34:03,47.4,47.35,2700,47.45,3350,3900,6378650
NIFTY13OCT2217300CE.NFO,10/10/2022,09:34:04,47.2,47.1,5650,47.2,2150,13200,6378650
NIFTY13OCT2217300CE.NFO,10/10/2022,09:34:04,47.1,47.15,5950,47.25,350,650,6378650
NIFTY13OCT2217300CE.NFO,10/10/2022,09:34:05,47.25,47.2,1100,47.3,3500,4900,6378650
NIFTY13OCT2217300CE.NFO,10/10/2022,09:34:06,47.2,47.15,5900,47.25,100,4150,6378650
NIFTY13OCT2217300CE.NFO,10/10/2022,09:34:07,47.25,47.2,4300,47.3,1250,2150,6378650
NIFTY13OCT2217300CE.NFO,10/10/2022,09:34:09,47.2,47.2,2950,47.3,2650,4250,6378650
NIFTY13OCT2217300CE.NFO,10/10/2022,09:34:09,47.2,47.2,150,47.25,100,850,6378650
NIFTY13OCT2217300CE.NFO,10/10/2022,09:34:10,47.1,47.05,2450,47.15,2600,2450,6378650
NIFTY13OCT2217300CE.NFO,10/10/2022,09:34:11,47,47.05,3550,47.15,1100,950,6378650
NIFTY13OCT2217300CE.NFO,10/10/2022,09:34:12,46.65,46.65,2750,46.75,3900,17250,6378650
NIFTY13OCT2217300CE.NFO,10/10/2022,09:34:13,46.9,46.9,2750,47,2500,12700,6378650
NIFTY13OCT2217300CE.NFO,10/10/2022,09:34:14,46.65,46.65,3450,46.75,2800,6150,6378650
NIFTY13OCT2217300CE.NFO,10/10/2022,09:34:15,46.7,46.55,4200,46.7,5650,2550,6378650
NIFTY13OCT2217300CE.NFO,10/10/2022,09:34:16,46.65,46.65,1600,46.75,4950,2800,6378650
NIFTY13OCT2217300CE.NFO,10/10/2022,09:34:17,46.5,46.5,200,46.55,2300,4000,6378650
NIFTY13OCT2217300CE.NFO,10/10/2022,09:34:18,46.35,46.15,50,46.25,2450,9850,6378650
NIFTY13OCT2217300CE.NFO,10/10/2022,09:34:19,46.15,46.05,5800,46.2,5550,8900,6378650
NIFTY13OCT2217300CE.NFO,10/10/2022,09:34:20,46.05,46,11950,46.15,7150,10500,6378650
NIFTY13OCT2217300CE.NFO,10/10/2022,09:34:21,46,46,6350,46.1,5300,6750,6378650
NIFTY13OCT2217300CE.NFO,10/10/2022,09:34:22,46.1,46.05,3900,46.1,150,4000,6378650
NIFTY13OCT2217300CE.NFO,10/10/2022,09:34:23,46,45.85,3550,45.95,3900,13050,6378650
NIFTY13OCT2217300CE.NFO,10/10/2022,09:34:24,45.85,45.7,3650,45.8,150,3650,6378650
NIFTY13OCT2217300CE.NFO,10/10/2022,09:34:25,45.7,45.65,8250,45.8,6000,1850,6378650
NIFTY13OCT2217300CE.NFO,10/10/2022,09:34:26,45.6,45.55,5100,45.65,1150,8200,6378650
NIFTY13OCT2217300CE.NFO,10/10/2022,09:34:28,45.7,45.55,3150,45.65,400,5900,6378650
NIFTY13OCT2217300CE.NFO,10/10/2022,09:34:28,45.9,45.85,150,45.9,2350,4550,6378650
NIFTY13OCT2217300CE.NFO,10/10/2022,09:34:29,45.65,45.55,6650,45.7,2850,9850,6378650
NIFTY13OCT2217300CE.NFO,10/10/2022,09:34:30,45.2,45.1,3500,45.2,1700,13050,6378650
NIFTY13OCT2217300CE.NFO,10/10/2022,09:34:32,45.1,45,28250,45.1,1350,11100,6378650
NIFTY13OCT2217300CE.NFO,10/10/2022,09:34:33,45.05,45.05,2250,45.15,5250,28450,6378650
NIFTY13OCT2217300CE.NFO,10/10/2022,09:34:34,44.85,44.85,2750,44.95,5200,5100,6378650
NIFTY13OCT2217300CE.NFO,10/10/2022,09:34:34,44.8,44.75,900,44.8,200,3200,6378650
NIFTY13OCT2217300CE.NFO,10/10/2022,09:34:35,44.9,44.9,1850,45,5750,9200,6378650
NIFTY13OCT2217300CE.NFO,10/10/2022,09:34:36,44.7,44.7,5100,44.8,2950,8350,6378650
NIFTY13OCT2217300CE.NFO,10/10/2022,09:34:37,45,45,5100,45.05,700,17150,6378650
NIFTY13OCT2217300CE.NFO,10/10/2022,09:34:38,44.5,44.5,650,44.55,2200,3150,6378650
NIFTY13OCT2217300CE.NFO,10/10/2022,09:34:40,44.25,44.25,1850,44.35,2800,7950,6378650
NIFTY13OCT2217300CE.NFO,10/10/2022,09:34:41,44.35,44.35,2250,44.4,500,22200,6378650
NIFTY13OCT2217300CE.NFO,10/10/2022,09:34:42,44.45,44.5,50,44.55,5100,5450,6378650
NIFTY13OCT2217300CE.NFO,10/10/2022,09:34:42,44.6,44.55,150,44.65,5150,800,6378650
NIFTY13OCT2217300CE.NFO,10/10/2022,09:34:43,44.8,44.7,3750,44.8,5600,21350,6378650
NIFTY13OCT2217300CE.NFO,10/10/2022,09:34:44,44.95,44.85,600,44.9,2850,6750,6378650
NIFTY13OCT2217300CE.NFO,10/10/2022,09:34:46,44.6,44.5,6000,44.65,8650,9250,6378650
NIFTY13OCT2217300CE.NFO,10/10/2022,09:34:47,44.7,44.7,4950,44.85,5600,19850,6378650
NIFTY13OCT2217300CE.NFO,10/10/2022,09:34:47,44.7,44.75,4500,44.85,5450,0,6378650
NIFTY13OCT2217300CE.NFO,10/10/2022,09:34:48,44.6,44.6,3050,44.7,4900,5700,6378650
NIFTY13OCT2217300CE.NFO,10/10/2022,09:34:49,44.9,44.7,8500,44.85,5950,3400,6378650
NIFTY13OCT2217300CE.NFO,10/10/2022,09:34:51,45,44.95,3300,45.05,5600,13350,6378650
NIFTY13OCT2217300CE.NFO,10/10/2022,09:34:52,45.2,45.15,400,45.2,5650,3600,6378650
NIFTY13OCT2217300CE.NFO,10/10/2022,09:34:53,45,45,700,45.1,5500,2400,6378650
NIFTY13OCT2217300CE.NFO,10/10/2022,09:34:53,45.2,45.1,3300,45.2,8300,350,6378650
NIFTY13OCT2217300CE.NFO,10/10/2022,09:34:54,45.25,45.2,50,45.25,200,7800,6378650
NIFTY13OCT2217300CE.NFO,10/10/2022,09:34:55,45.2,45.1,5950,45.25,4500,13000,6378650
NIFTY13OCT2217300CE.NFO,10/10/2022,09:34:56,45,45,50,45.05,2850,5650,6378650
NIFTY13OCT2217300CE.NFO,10/10/2022,09:34:57,44.5,44.5,8200,44.55,1800,11150,6378650
NIFTY13OCT2217300CE.NFO,10/10/2022,09:34:59,44.1,44.1,4000,44.15,1800,30550,6378650
NIFTY13OCT2217300CE.NFO,10/10/2022,09:35:00,43.85,43.85,2750,43.9,1800,17150,6378650
NIFTY13OCT2217300CE.NFO,10/10/2022,09:35:01,43.85,43.75,1450,43.8,150,4350,6378650
NIFTY13OCT2217300CE.NFO,10/10/2022,09:35:02,42.85,42.85,4450,42.95,4550,26300,6378650
NIFTY13OCT2217300CE.NFO,10/10/2022,09:35:02,43.45,43.35,5150,43.45,3350,11400,6378650
NIFTY13OCT2217300CE.NFO,10/10/2022,09:35:04,43.2,43.15,9350,43.3,4200,6300,6378650
NIFTY13OCT2217300CE.NFO,10/10/2022,09:35:05,43,42.85,5650,42.95,1400,13450,6378650
NIFTY13OCT2217300CE.NFO,10/10/2022,09:35:06,43.05,43.05,5850,43.15,1150,5900,6378650
NIFTY13OCT2217300CE.NFO,10/10/2022,09:35:07,43.15,43.1,300,43.2,6950,16450,6378650
NIFTY13OCT2217300CE.NFO,10/10/2022,09:35:08,43.25,43.1,3350,43.2,150,6100,6378650
NIFTY13OCT2217300CE.NFO,10/10/2022,09:35:09,43.2,43.2,6250,43.35,6500,8900,6378650
NIFTY13OCT2217300CE.NFO,10/10/2022,09:35:09,43.25,43.3,3900,43.4,5700,600,6378650
NIFTY13OCT2217300CE.NFO,10/10/2022,09:35:10,42.85,42.8,1000,42.85,2800,9950,6378650
NIFTY13OCT2217300CE.NFO,10/10/2022,09:35:12,42.8,42.8,3650,42.9,7350,10750,6378650
NIFTY13OCT2217300CE.NFO,10/10/2022,09:35:13,42.7,42.7,3550,42.8,5300,4950,6378650
NIFTY13OCT2217300CE.NFO,10/10/2022,09:35:14,42.7,42.65,150,42.75,3800,4800,6378650
NIFTY13OCT2217300CE.NFO,10/10/2022,09:35:15,42.9,42.9,7250,43,4100,4900,6378650
NIFTY13OCT2217300CE.NFO,10/10/2022,09:35:15,42.9,42.85,4950,42.95,5550,4500,6378650
NIFTY13OCT2217300CE.NFO,10/10/2022,09:35:16,42.9,42.65,6350,42.8,4850,3750,6378650
NIFTY13OCT2217300CE.NFO,10/10/2022,09:35:18,42.75,42.7,3050,42.8,6300,10250,6378650
NIFTY13OCT2217300CE.NFO,10/10/2022,09:35:18,42.8,42.8,2200,42.9,6350,4600,6378650
NIFTY13OCT2217300CE.NFO,10/10/2022,09:35:20,42.6,42.6,2800,42.7,6150,4900,6378650
NIFTY13OCT2217300CE.NFO,10/10/2022,09:35:21,42.5,42.3,4650,42.4,7700,8750,6378650
NIFTY13OCT2217300CE.NFO,10/10/2022,09:35:21,42.5,42.5,150,42.6,4300,8700,6378650
NIFTY13OCT2217300CE.NFO,10/10/2022,09:35:22,42.4,42.4,1500,42.45,3200,3900,6378650
NIFTY13OCT2217300CE.NFO,10/10/2022,09:35:24,42.25,42.2,900,42.25,5850,5950,6378650
NIFTY13OCT2217300CE.NFO,10/10/2022,09:35:24,42.2,42.25,4350,42.35,6150,1450,6378650
NIFTY13OCT2217300CE.NFO,10/10/2022,09:35:25,42.2,42.1,2800,42.2,2500,12100,6378650
NIFTY13OCT2217300CE.NFO,10/10/2022,09:35:26,42.45,42.35,3250,42.45,3500,7400,6430750
NIFTY13OCT2217300CE.NFO,10/10/2022,09:35:28,42.45,42.45,200,42.5,3650,7600,6430750
NIFTY13OCT2217300CE.NFO,10/10/2022,09:35:29,42.65,42.65,50,42.7,2800,13150,6430750
NIFTY13OCT2217300CE.NFO,10/10/2022,09:35:30,42.75,42.7,1050,42.75,2800,9450,6430750
