Ticker,Date,Time,LTP,BuyPrice,BuyQty,SellPrice,SellQty,LTQ,OpenInterest
NIFTY13OCT2217300PE.NFO,10/10/2022,09:15:00,199.5,251.25,450,259.95,400,3100,0
NIFTY13OCT2217300PE.NFO,10/10/2022,09:15:00,199.5,251.25,450,259.95,400,0,0
NIFTY13OCT2217300PE.NFO,10/10/2022,09:15:00,260,251.25,450,259.95,400,0,0
NIFTY13OCT2217300PE.NFO,10/10/2022,09:15:00,199.5,251.25,450,259.95,400,0,0
NIFTY13OCT2217300PE.NFO,10/10/2022,09:15:01,253.15,253.15,400,259.95,100,13000,3234650
NIFTY13OCT2217300PE.NFO,10/10/2022,09:15:01,267.65,253.15,400,259.95,100,0,3234650
NIFTY13OCT2217300PE.NFO,10/10/2022,09:15:02,258.65,258.05,50,259.85,400,18500,3234650
NIFTY13OCT2217300PE.NFO,10/10/2022,09:15:04,256.35,256.3,50,257.2,400,33100,3234650
NIFTY13OCT2217300PE.NFO,10/10/2022,09:15:06,252.9,251.6,350,252.3,400,45450,3234650
NIFTY13OCT2217300PE.NFO,10/10/2022,09:15:07,252.15,251.1,50,252.15,400,38000,3234650
NIFTY13OCT2217300PE.NFO,10/10/2022,09:15:09,248.65,248.45,100,249.75,350,39300,3234650
NIFTY13OCT2217300PE.NFO,10/10/2022,09:15:11,244.95,245.05,400,246.05,50,49500,3234650
NIFTY13OCT2217300PE.NFO,10/10/2022,09:15:12,243.15,243.15,300,244.35,400,38950,3234650
NIFTY13OCT2217300PE.NFO,10/10/2022,09:15:13,242.25,242.25,400,242.85,50,31700,3234650
NIFTY13OCT2217300PE.NFO,10/10/2022,09:15:14,244.15,244.1,50,244.65,400,38350,3234650
NIFTY13OCT2217300PE.NFO,10/10/2022,09:15:16,240.7,240.75,50,241.8,400,43500,3234650
NIFTY13OCT2217300PE.NFO,10/10/2022,09:15:17,242.65,241.65,400,242.65,150,41900,3234650
NIFTY13OCT2217300PE.NFO,10/10/2022,09:15:18,241.6,241.5,100,242.35,400,21950,3234650
NIFTY13OCT2217300PE.NFO,10/10/2022,09:15:20,240.7,240.65,50,241.55,400,27150,3234650
NIFTY13OCT2217300PE.NFO,10/10/2022,09:15:22,239.65,239.65,50,240.2,400,24850,3234650
NIFTY13OCT2217300PE.NFO,10/10/2022,09:15:23,241.4,240.25,400,240.9,500,33650,3234650
NIFTY13OCT2217300PE.NFO,10/10/2022,09:15:25,238.55,238.85,100,239.5,200,41050,3234650
NIFTY13OCT2217300PE.NFO,10/10/2022,09:15:26,238.85,237.75,450,238.95,50,28850,3234650
NIFTY13OCT2217300PE.NFO,10/10/2022,09:15:28,236.9,236.85,100,237.15,200,21950,3234650
NIFTY13OCT2217300PE.NFO,10/10/2022,09:15:29,234.45,234.45,150,234.75,500,21900,3234650
NIFTY13OCT2217300PE.NFO,10/10/2022,09:15:31,230.75,230.75,150,231.55,550,18200,3234650
NIFTY13OCT2217300PE.NFO,10/10/2022,09:15:33,229.35,229.15,50,230.5,400,29300,3234650
NIFTY13OCT2217300PE.NFO,10/10/2022,09:15:34,229.7,229.4,200,230,100,29250,3234650
NIFTY13OCT2217300PE.NFO,10/10/2022,09:15:36,232.15,232.2,200,232.7,600,17450,3234650
NIFTY13OCT2217300PE.NFO,10/10/2022,09:15:37,232.15,232.45,600,233.05,150,22650,3234650
NIFTY13OCT2217300PE.NFO,10/10/2022,09:15:39,230.95,231.25,50,231.95,250,27100,3234650
NIFTY13OCT2217300PE.NFO,10/10/2022,09:15:40,229.1,229.1,500,229.65,200,28400,3234650
NIFTY13OCT2217300PE.NFO,10/10/2022,09:15:42,227.25,227.25,400,227.75,100,18100,3234650
NIFTY13OCT2217300PE.NFO,10/10/2022,09:15:43,228.2,228.2,450,228.85,50,22900,3234650
NIFTY13OCT2217300PE.NFO,10/10/2022,09:15:45,237,237,50,237.25,250,39950,3234650
NIFTY13OCT2217300PE.NFO,10/10/2022,09:15:46,238.65,238.45,400,239.25,300,21100,3234650
NIFTY13OCT2217300PE.NFO,10/10/2022,09:15:48,236.15,235.35,100,236.15,400,28750,3234650
NIFTY13OCT2217300PE.NFO,10/10/2022,09:15:49,237.3,236.65,400,237.25,100,28200,3234650
NIFTY13OCT2217300PE.NFO,10/10/2022,09:15:51,235.05,234.45,400,235.1,200,43400,3234650
NIFTY13OCT2217300PE.NFO,10/10/2022,09:15:53,234.4,234.3,650,234.9,50,23700,3234650
NIFTY13OCT2217300PE.NFO,10/10/2022,09:15:54,235.3,234.75,400,235,50,17250,3234650
NIFTY13OCT2217300PE.NFO,10/10/2022,09:15:56,236.75,236.6,200,237,550,18300,3234650
NIFTY13OCT2217300PE.NFO,10/10/2022,09:15:57,241.6,241.5,250,242,500,26850,3234650
NIFTY13OCT2217300PE.NFO,10/10/2022,09:15:59,241.6,241.6,150,242.4,400,21250,3234650
NIFTY13OCT2217300PE.NFO,10/10/2022,09:16:00,244.25,244.1,200,244.25,100,13950,3234650
NIFTY13OCT2217300PE.NFO,10/10/2022,09:16:02,245.1,245.1,50,245.25,150,25800,3234650
NIFTY13OCT2217300PE.NFO,10/10/2022,09:16:03,248.6,248.3,450,248.95,50,23250,3234650
NIFTY13OCT2217300PE.NFO,10/10/2022,09:16:05,248.95,248.7,50,248.9,150,18750,3234650
NIFTY13OCT2217300PE.NFO,10/10/2022,09:16:06,246.6,246.35,100,246.6,400,38250,3234650
NIFTY13OCT2217300PE.NFO,10/10/2022,09:16:08,249.9,249.1,50,249.6,400,29250,3234650
NIFTY13OCT2217300PE.NFO,10/10/2022,09:16:10,250.25,249.75,150,250.25,650,37200,3234650
NIFTY13OCT2217300PE.NFO,10/10/2022,09:16:11,252.4,252.2,50,252.5,200,21650,3234650
NIFTY13OCT2217300PE.NFO,10/10/2022,09:16:13,252.05,252.3,100,252.7,150,26050,3234650
NIFTY13OCT2217300PE.NFO,10/10/2022,09:16:15,251.45,252.3,150,252.45,50,19650,3234650
NIFTY13OCT2217300PE.NFO,10/10/2022,09:16:16,252.3,251.35,50,251.95,450,17800,3234650
NIFTY13OCT2217300PE.NFO,10/10/2022,09:16:18,250.7,250,1650,250.45,50,13800,3234650
NIFTY13OCT2217300PE.NFO,10/10/2022,09:16:19,249.1,249,150,249.75,50,14900,3234650
NIFTY13OCT2217300PE.NFO,10/10/2022,09:16:21,247.95,247.55,50,248.05,400,13800,3234650
NIFTY13OCT2217300PE.NFO,10/10/2022,09:16:22,246.8,246.4,50,246.8,150,18700,3234650
NIFTY13OCT2217300PE.NFO,10/10/2022,09:16:24,246.7,246.65,100,247.15,100,16000,3234650
NIFTY13OCT2217300PE.NFO,10/10/2022,09:16:25,246.05,246.35,50,246.75,50,11200,3234650
NIFTY13OCT2217300PE.NFO,10/10/2022,09:16:27,245.9,245.45,50,246.1,500,12050,3234650
NIFTY13OCT2217300PE.NFO,10/10/2022,09:16:28,246.2,245.7,50,246.1,50,13150,3234650
NIFTY13OCT2217300PE.NFO,10/10/2022,09:16:30,245,244.6,50,244.85,50,11350,3234650
NIFTY13OCT2217300PE.NFO,10/10/2022,09:16:31,242.95,242.85,300,243.05,50,17350,3234650
NIFTY13OCT2217300PE.NFO,10/10/2022,09:16:33,242.1,242.2,400,242.75,50,22300,3234650
NIFTY13OCT2217300PE.NFO,10/10/2022,09:16:34,240,240.05,50,240.5,250,9000,3234650
NIFTY13OCT2217300PE.NFO,10/10/2022,09:16:36,240.7,240.55,100,240.8,200,17900,3234650
NIFTY13OCT2217300PE.NFO,10/10/2022,09:16:38,239.5,239.6,50,239.8,200,7600,3234650
NIFTY13OCT2217300PE.NFO,10/10/2022,09:16:39,239.4,239.45,50,239.75,100,9550,3234650
NIFTY13OCT2217300PE.NFO,10/10/2022,09:16:40,238.8,239.2,300,239.65,50,7450,3234650
NIFTY13OCT2217300PE.NFO,10/10/2022,09:16:41,240.4,239.75,50,240.2,200,11800,3234650
NIFTY13OCT2217300PE.NFO,10/10/2022,09:16:43,243.35,243.5,50,243.8,350,8950,3234650
NIFTY13OCT2217300PE.NFO,10/10/2022,09:16:44,245.55,244.95,100,245.5,50,15500,3234650
NIFTY13OCT2217300PE.NFO,10/10/2022,09:16:46,243.75,243.15,50,243.55,100,12900,3234650
NIFTY13OCT2217300PE.NFO,10/10/2022,09:16:47,241.7,242,100,242.35,150,7950,3234650
NIFTY13OCT2217300PE.NFO,10/10/2022,09:16:49,242.85,242.8,50,242.95,250,10350,3234650
NIFTY13OCT2217300PE.NFO,10/10/2022,09:16:51,243,242.45,50,242.75,50,8350,3234650
NIFTY13OCT2217300PE.NFO,10/10/2022,09:16:52,243.2,243.2,300,243.45,50,9300,3234650
NIFTY13OCT2217300PE.NFO,10/10/2022,09:16:54,243.25,243.25,200,243.65,150,8500,3234650
NIFTY13OCT2217300PE.NFO,10/10/2022,09:16:55,244.95,244.55,50,245,2100,15950,3234650
NIFTY13OCT2217300PE.NFO,10/10/2022,09:16:57,244.05,244.05,350,244.45,150,13700,3234650
NIFTY13OCT2217300PE.NFO,10/10/2022,09:16:58,243.7,243.9,200,244.3,100,10700,3234650
NIFTY13OCT2217300PE.NFO,10/10/2022,09:17:00,244.45,244.65,450,244.9,150,5550,3234650
NIFTY13OCT2217300PE.NFO,10/10/2022,09:17:01,245.55,245.15,50,245.5,50,11450,3234650
NIFTY13OCT2217300PE.NFO,10/10/2022,09:17:03,246,245.6,50,246,550,18000,3234650
NIFTY13OCT2217300PE.NFO,10/10/2022,09:17:04,247.5,247.25,50,247.5,250,5850,3234650
NIFTY13OCT2217300PE.NFO,10/10/2022,09:17:06,249.75,249.5,100,250.05,350,24350,3234650
NIFTY13OCT2217300PE.NFO,10/10/2022,09:17:07,247.05,246.9,300,247.1,100,11600,3234650
NIFTY13OCT2217300PE.NFO,10/10/2022,09:17:09,250.4,250.35,50,250.8,400,10000,3234650
NIFTY13OCT2217300PE.NFO,10/10/2022,09:17:11,250.8,251.45,300,251.7,100,4550,3234650
NIFTY13OCT2217300PE.NFO,10/10/2022,09:17:12,252,251.75,300,252,1700,9300,3234650
NIFTY13OCT2217300PE.NFO,10/10/2022,09:17:14,252,251.8,350,252,1450,10350,3234650
NIFTY13OCT2217300PE.NFO,10/10/2022,09:17:15,251,250.9,100,251.3,50,8300,3234650
NIFTY13OCT2217300PE.NFO,10/10/2022,09:17:17,250.45,250.5,200,251,50,4050,3234650
NIFTY13OCT2217300PE.NFO,10/10/2022,09:17:18,250.95,250.5,50,250.95,50,4250,3234650
NIFTY13OCT2217300PE.NFO,10/10/2022,09:17:20,250.95,250.5,100,250.95,50,20850,3234650
NIFTY13OCT2217300PE.NFO,10/10/2022,09:17:21,250.9,250.25,100,250.5,200,5050,3234650
NIFTY13OCT2217300PE.NFO,10/10/2022,09:17:23,250,249.35,500,249.85,100,8200,2581800
NIFTY13OCT2217300PE.NFO,10/10/2022,09:17:24,249.6,249.4,50,249.9,300,3100,2581800
NIFTY13OCT2217300PE.NFO,10/10/2022,09:17:26,250.55,250.6,50,251,1150,8900,2581800
NIFTY13OCT2217300PE.NFO,10/10/2022,09:17:28,252.4,252,50,252.4,50,10550,2581800
NIFTY13OCT2217300PE.NFO,10/10/2022,09:17:29,252.45,252.1,50,252.55,150,8050,2581800
NIFTY13OCT2217300PE.NFO,10/10/2022,09:17:31,253.3,253.3,50,253.7,50,5450,2581800
NIFTY13OCT2217300PE.NFO,10/10/2022,09:17:33,255.45,255.4,50,255.75,50,24550,2581800
NIFTY13OCT2217300PE.NFO,10/10/2022,09:17:34,256.95,256.1,200,256.6,50,7450,2581800
NIFTY13OCT2217300PE.NFO,10/10/2022,09:17:36,257.5,257.5,100,257.75,50,5400,2581800
NIFTY13OCT2217300PE.NFO,10/10/2022,09:17:38,259.5,259.45,400,259.9,450,6450,2581800
NIFTY13OCT2217300PE.NFO,10/10/2022,09:17:39,259.85,259.75,50,259.95,50,10750,2581800
NIFTY13OCT2217300PE.NFO,10/10/2022,09:17:40,259.85,259.5,250,259.95,50,15750,2581800
NIFTY13OCT2217300PE.NFO,10/10/2022,09:17:42,259.9,260,50,260.4,50,16300,2581800
NIFTY13OCT2217300PE.NFO,10/10/2022,09:17:44,259.6,259.6,200,260.15,400,13600,2581800
NIFTY13OCT2217300PE.NFO,10/10/2022,09:17:45,259.8,259.6,50,259.8,100,2750,2581800
NIFTY13OCT2217300PE.NFO,10/10/2022,09:17:47,258.9,258.5,50,258.75,150,5950,2581800
NIFTY13OCT2217300PE.NFO,10/10/2022,09:17:48,254.45,254.25,100,254.75,100,8900,2581800
NIFTY13OCT2217300PE.NFO,10/10/2022,09:17:50,250.55,250.2,2800,250.65,100,15350,2581800
NIFTY13OCT2217300PE.NFO,10/10/2022,09:17:52,256.25,255.65,50,256.25,300,18000,2581800
NIFTY13OCT2217300PE.NFO,10/10/2022,09:17:53,255.5,255.25,50,255.6,50,4200,2581800
NIFTY13OCT2217300PE.NFO,10/10/2022,09:17:55,255.45,255.55,50,255.7,100,2750,2581800
NIFTY13OCT2217300PE.NFO,10/10/2022,09:17:57,256.7,256.2,450,256.85,50,6050,2581800
NIFTY13OCT2217300PE.NFO,10/10/2022,09:17:58,255.45,255.4,50,255.65,50,3950,2581800
NIFTY13OCT2217300PE.NFO,10/10/2022,09:17:59,255.3,255.65,100,256.1,50,2900,2581800
NIFTY13OCT2217300PE.NFO,10/10/2022,09:18:01,257.2,256.75,300,257.25,50,10200,2581800
NIFTY13OCT2217300PE.NFO,10/10/2022,09:18:03,258.75,258.1,50,258.7,100,5100,2581800
NIFTY13OCT2217300PE.NFO,10/10/2022,09:18:04,258.65,258.25,150,258.8,100,4500,2581800
NIFTY13OCT2217300PE.NFO,10/10/2022,09:18:06,258.45,258.45,450,258.9,100,8300,2581800
NIFTY13OCT2217300PE.NFO,10/10/2022,09:18:07,259.65,259.65,100,259.95,450,2700,2581800
NIFTY13OCT2217300PE.NFO,10/10/2022,09:18:09,258.9,258.9,250,259.35,100,9000,2581800
NIFTY13OCT2217300PE.NFO,10/10/2022,09:18:11,259.4,259.5,50,259.85,50,2250,2581800
NIFTY13OCT2217300PE.NFO,10/10/2022,09:18:12,259.55,259.35,50,259.85,200,2750,2581800
NIFTY13OCT2217300PE.NFO,10/10/2022,09:18:14,259.65,259.7,200,260.1,50,11500,2581800
NIFTY13OCT2217300PE.NFO,10/10/2022,09:18:15,260.25,259.8,350,260.3,50,3700,2581800
NIFTY13OCT2217300PE.NFO,10/10/2022,09:18:17,260.3,260.3,200,260.85,50,6550,2581800
NIFTY13OCT2217300PE.NFO,10/10/2022,09:18:18,260.9,261,50,261.5,200,4000,2581800
NIFTY13OCT2217300PE.NFO,10/10/2022,09:18:20,261.55,261,50,261.1,50,4350,2581800
NIFTY13OCT2217300PE.NFO,10/10/2022,09:18:21,262.1,261.7,50,261.95,150,6650,2581800
NIFTY13OCT2217300PE.NFO,10/10/2022,09:18:22,261,260.7,600,260.95,50,2700,2581800
NIFTY13OCT2217300PE.NFO,10/10/2022,09:18:24,262.35,261.95,50,262.4,250,11050,2581800
NIFTY13OCT2217300PE.NFO,10/10/2022,09:18:26,263.2,262.7,600,263.3,250,6400,2581800
NIFTY13OCT2217300PE.NFO,10/10/2022,09:18:27,266.35,266.15,500,266.4,50,14550,2581800
NIFTY13OCT2217300PE.NFO,10/10/2022,09:18:29,266.6,266.2,400,266.7,350,10650,2581800
NIFTY13OCT2217300PE.NFO,10/10/2022,09:18:30,266.95,266.45,150,267,450,5750,2581800
NIFTY13OCT2217300PE.NFO,10/10/2022,09:18:32,266.45,266.15,100,266.6,250,17750,2581800
NIFTY13OCT2217300PE.NFO,10/10/2022,09:18:32,267.9,266.15,100,266.6,250,0,2581800
NIFTY13OCT2217300PE.NFO,10/10/2022,09:18:33,266.95,266.4,100,266.9,400,8300,2581800
NIFTY13OCT2217300PE.NFO,10/10/2022,09:18:35,265.65,265.7,50,266,50,4550,2581800
NIFTY13OCT2217300PE.NFO,10/10/2022,09:18:36,265.4,264.95,50,265.45,100,12300,2581800
NIFTY13OCT2217300PE.NFO,10/10/2022,09:18:38,264.25,263.75,50,264.15,550,2350,2581800
NIFTY13OCT2217300PE.NFO,10/10/2022,09:18:39,262.55,262.25,50,262.35,100,9800,2581800
NIFTY13OCT2217300PE.NFO,10/10/2022,09:18:41,261.85,261.2,350,261.7,150,5050,2581800
NIFTY13OCT2217300PE.NFO,10/10/2022,09:18:43,262.75,262.85,150,263.4,600,5650,2581800
NIFTY13OCT2217300PE.NFO,10/10/2022,09:18:44,264.45,264.05,50,264.6,150,3450,2581800
NIFTY13OCT2217300PE.NFO,10/10/2022,09:18:46,265.9,265.9,50,266.25,100,9700,2581800
NIFTY13OCT2217300PE.NFO,10/10/2022,09:18:47,266.7,266.6,200,267,350,2950,2581800
NIFTY13OCT2217300PE.NFO,10/10/2022,09:18:49,266.65,265.8,200,266.2,50,2750,2581800
NIFTY13OCT2217300PE.NFO,10/10/2022,09:18:50,267.4,267.4,200,268.05,1200,7500,2581800
NIFTY13OCT2217300PE.NFO,10/10/2022,09:18:50,268.1,267.4,200,268.05,1200,0,2581800
NIFTY13OCT2217300PE.NFO,10/10/2022,09:18:52,266.85,266.25,100,266.75,150,5300,2581800
NIFTY13OCT2217300PE.NFO,10/10/2022,09:18:54,266.25,266.2,550,266.8,350,4800,2581800
NIFTY13OCT2217300PE.NFO,10/10/2022,09:18:55,266.6,266,400,266.55,50,3100,2581800
NIFTY13OCT2217300PE.NFO,10/10/2022,09:18:57,267.2,266.95,50,267.05,50,5800,2581800
NIFTY13OCT2217300PE.NFO,10/10/2022,09:18:58,266.45,266.45,100,266.9,100,2100,2581800
NIFTY13OCT2217300PE.NFO,10/10/2022,09:19:00,268.25,268,150,268.25,100,4800,2581800
NIFTY13OCT2217300PE.NFO,10/10/2022,09:19:00,268.25,268,150,268.25,100,0,2581800
NIFTY13OCT2217300PE.NFO,10/10/2022,09:19:02,269.5,269.3,100,269.7,250,10000,2581800
NIFTY13OCT2217300PE.NFO,10/10/2022,09:19:02,269.7,269.3,100,269.7,250,0,2581800
NIFTY13OCT2217300PE.NFO,10/10/2022,09:19:03,269.5,269.3,250,269.65,200,22150,2581800
NIFTY13OCT2217300PE.NFO,10/10/2022,09:19:03,270.45,269.3,250,269.65,200,0,2581800
NIFTY13OCT2217300PE.NFO,10/10/2022,09:19:05,270.1,270.1,150,270.3,150,6850,2581800
NIFTY13OCT2217300PE.NFO,10/10/2022,09:19:05,270.5,270.1,150,270.3,150,0,2581800
NIFTY13OCT2217300PE.NFO,10/10/2022,09:19:06,270.55,270.6,100,270.85,250,7950,2581800
NIFTY13OCT2217300PE.NFO,10/10/2022,09:19:06,271.3,270.6,100,270.85,250,0,2581800
NIFTY13OCT2217300PE.NFO,10/10/2022,09:19:08,270.95,270.5,100,271,600,3200,2581800
NIFTY13OCT2217300PE.NFO,10/10/2022,09:19:08,271.85,270.5,100,271,600,0,2581800
NIFTY13OCT2217300PE.NFO,10/10/2022,09:19:09,271.55,271.5,1150,272,350,5850,2581800
NIFTY13OCT2217300PE.NFO,10/10/2022,09:19:09,272,271.5,1150,272,350,0,2581800
NIFTY13OCT2217300PE.NFO,10/10/2022,09:19:11,272.2,271.65,150,272.25,150,6300,2581800
NIFTY13OCT2217300PE.NFO,10/10/2022,09:19:11,272.4,271.65,150,272.25,150,0,2581800
NIFTY13OCT2217300PE.NFO,10/10/2022,09:19:12,271.8,271.35,150,271.9,150,2550,2581800
NIFTY13OCT2217300PE.NFO,10/10/2022,09:19:14,269.75,269.25,500,269.8,100,5100,2581800
NIFTY13OCT2217300PE.NFO,10/10/2022,09:19:16,264.25,263.95,50,264.5,950,11950,2581800
NIFTY13OCT2217300PE.NFO,10/10/2022,09:19:17,264.1,263.95,50,264.55,400,6100,2581800
NIFTY13OCT2217300PE.NFO,10/10/2022,09:19:19,266.05,266,50,266.2,500,4500,2581800
NIFTY13OCT2217300PE.NFO,10/10/2022,09:19:20,266.8,266.8,400,267.15,100,3400,2581800
NIFTY13OCT2217300PE.NFO,10/10/2022,09:19:22,265.85,265.85,500,266.3,150,2950,2581800
NIFTY13OCT2217300PE.NFO,10/10/2022,09:19:23,266,266.1,100,266.5,50,1100,2581800
NIFTY13OCT2217300PE.NFO,10/10/2022,09:19:25,266.5,266.35,100,266.9,300,2900,2581800
NIFTY13OCT2217300PE.NFO,10/10/2022,09:19:26,266.5,266.1,50,266.5,150,2250,2581800
NIFTY13OCT2217300PE.NFO,10/10/2022,09:19:27,264.3,263.9,100,264.3,50,3950,2581800
NIFTY13OCT2217300PE.NFO,10/10/2022,09:19:29,262.45,262.45,50,262.8,200,5600,2581800
NIFTY13OCT2217300PE.NFO,10/10/2022,09:19:30,262.5,262.15,100,262.65,200,4500,2581800
NIFTY13OCT2217300PE.NFO,10/10/2022,09:19:32,264,264.25,200,264.75,50,2850,2581800
NIFTY13OCT2217300PE.NFO,10/10/2022,09:19:34,263.8,263.75,100,264.2,150,3950,2581800
NIFTY13OCT2217300PE.NFO,10/10/2022,09:19:35,264.9,264.6,50,265,1900,4600,2581800
NIFTY13OCT2217300PE.NFO,10/10/2022,09:19:37,263.45,263.6,300,264,200,1950,2581800
NIFTY13OCT2217300PE.NFO,10/10/2022,09:19:38,265,264.5,100,265,2050,6050,2581800
NIFTY13OCT2217300PE.NFO,10/10/2022,09:19:40,264.1,264.15,50,264.6,200,1950,2581800
NIFTY13OCT2217300PE.NFO,10/10/2022,09:19:41,264.1,263.9,100,264.1,200,2700,2581800
NIFTY13OCT2217300PE.NFO,10/10/2022,09:19:42,264.05,263.6,100,264,200,6050,2581800
NIFTY13OCT2217300PE.NFO,10/10/2022,09:19:44,263.2,262.9,50,263.3,200,4900,2581800
NIFTY13OCT2217300PE.NFO,10/10/2022,09:19:45,261.6,261.6,100,261.95,50,5850,2581800
NIFTY13OCT2217300PE.NFO,10/10/2022,09:19:47,261.1,261.2,150,261.65,100,3500,2581800
NIFTY13OCT2217300PE.NFO,10/10/2022,09:19:48,262.6,262.5,50,262.85,500,6500,2581800
NIFTY13OCT2217300PE.NFO,10/10/2022,09:19:49,261.6,261.25,250,261.6,150,3650,2581800
NIFTY13OCT2217300PE.NFO,10/10/2022,09:19:51,261.95,261.65,300,261.9,200,3550,2581800
NIFTY13OCT2217300PE.NFO,10/10/2022,09:19:52,261.95,261.55,400,262,650,4700,2581800
NIFTY13OCT2217300PE.NFO,10/10/2022,09:19:54,261,260.85,300,261.2,550,8250,2581800
NIFTY13OCT2217300PE.NFO,10/10/2022,09:19:55,260.6,260.15,300,260.55,100,15750,2581800
NIFTY13OCT2217300PE.NFO,10/10/2022,09:19:56,260.55,260.7,600,261,50,1250,2581800
NIFTY13OCT2217300PE.NFO,10/10/2022,09:19:58,261.35,261.55,250,262,2750,5100,2581800
NIFTY13OCT2217300PE.NFO,10/10/2022,09:19:59,261.55,261.55,50,262,150,5750,2581800
NIFTY13OCT2217300PE.NFO,10/10/2022,09:20:00,265.85,265.6,150,265.85,950,13550,2581800
NIFTY13OCT2217300PE.NFO,10/10/2022,09:20:02,267.95,267.95,750,268.55,550,15950,2581800
NIFTY13OCT2217300PE.NFO,10/10/2022,09:20:03,268.5,268.35,200,268.7,200,14850,2581800
NIFTY13OCT2217300PE.NFO,10/10/2022,09:20:05,272.5,272.1,150,272.6,200,23300,2581800
NIFTY13OCT2217300PE.NFO,10/10/2022,09:20:05,272.55,272.1,150,272.6,200,0,2581800
NIFTY13OCT2217300PE.NFO,10/10/2022,09:20:07,273.55,273.2,200,273.55,50,14450,2581800
NIFTY13OCT2217300PE.NFO,10/10/2022,09:20:07,274,273.2,200,273.55,50,0,2581800
NIFTY13OCT2217300PE.NFO,10/10/2022,09:20:08,274.7,274.15,200,274.7,150,12050,2581800
NIFTY13OCT2217300PE.NFO,10/10/2022,09:20:08,274.7,274.15,200,274.7,150,0,2581800
NIFTY13OCT2217300PE.NFO,10/10/2022,09:20:09,275.45,275.05,150,275.5,200,15350,2581800
NIFTY13OCT2217300PE.NFO,10/10/2022,09:20:09,275.45,275.05,150,275.5,200,0,2581800
NIFTY13OCT2217300PE.NFO,10/10/2022,09:20:10,275.8,275.55,200,275.95,50,4750,2581800
NIFTY13OCT2217300PE.NFO,10/10/2022,09:20:10,275.9,275.55,200,275.95,50,0,2581800
NIFTY13OCT2217300PE.NFO,10/10/2022,09:20:12,276.6,276,200,276.4,200,3800,2581800
NIFTY13OCT2217300PE.NFO,10/10/2022,09:20:12,276.6,276,200,276.4,200,0,2581800
NIFTY13OCT2217300PE.NFO,10/10/2022,09:20:13,276.9,276.9,150,277.4,50,26450,2581800
NIFTY13OCT2217300PE.NFO,10/10/2022,09:20:13,277.65,276.9,150,277.4,50,0,2581800
NIFTY13OCT2217300PE.NFO,10/10/2022,09:20:14,277.8,277.1,50,277.6,200,8000,2581800
NIFTY13OCT2217300PE.NFO,10/10/2022,09:20:14,277.9,277.1,50,277.6,200,0,2581800
NIFTY13OCT2217300PE.NFO,10/10/2022,09:20:16,279.45,279.1,200,279.45,50,17750,2581800
NIFTY13OCT2217300PE.NFO,10/10/2022,09:20:16,279.45,279.1,200,279.45,50,0,2581800
NIFTY13OCT2217300PE.NFO,10/10/2022,09:20:17,279.9,279.5,200,280,7650,9450,2581800
NIFTY13OCT2217300PE.NFO,10/10/2022,09:20:17,279.95,279.5,200,280,7650,0,2581800
NIFTY13OCT2217300PE.NFO,10/10/2022,09:20:19,279.6,279.55,100,279.75,100,10050,2581800
NIFTY13OCT2217300PE.NFO,10/10/2022,09:20:19,280,279.55,100,279.75,100,0,2581800
NIFTY13OCT2217300PE.NFO,10/10/2022,09:20:20,280.9,280.5,50,280.85,200,15150,2581800
NIFTY13OCT2217300PE.NFO,10/10/2022,09:20:20,280.95,280.5,50,280.85,200,0,2581800
NIFTY13OCT2217300PE.NFO,10/10/2022,09:20:21,278.35,278.45,200,278.9,50,16350,2581800
NIFTY13OCT2217300PE.NFO,10/10/2022,09:20:21,281.7,278.45,200,278.9,50,0,2581800
NIFTY13OCT2217300PE.NFO,10/10/2022,09:20:23,278.9,278.45,200,278.9,400,13550,2581800
NIFTY13OCT2217300PE.NFO,10/10/2022,09:20:24,279,279.05,200,279.45,350,4750,2298200
NIFTY13OCT2217300PE.NFO,10/10/2022,09:20:25,280.15,279.8,50,279.9,100,9600,2298200
NIFTY13OCT2217300PE.NFO,10/10/2022,09:20:26,280,279.85,150,280.15,200,5300,2298200
NIFTY13OCT2217300PE.NFO,10/10/2022,09:20:27,278.65,278,50,278.25,50,4900,2298200
NIFTY13OCT2217300PE.NFO,10/10/2022,09:20:28,277.45,277.1,200,277.5,50,9000,2298200
NIFTY13OCT2217300PE.NFO,10/10/2022,09:20:29,277.1,277.05,50,277.45,50,950,2298200
NIFTY13OCT2217300PE.NFO,10/10/2022,09:20:30,276.15,276,500,276.5,350,11450,2298200
NIFTY13OCT2217300PE.NFO,10/10/2022,09:20:31,275.9,275.8,150,276.25,50,16600,2298200
NIFTY13OCT2217300PE.NFO,10/10/2022,09:20:32,277.2,276.55,200,277.1,50,6000,2298200
NIFTY13OCT2217300PE.NFO,10/10/2022,09:20:34,277.05,277.05,1050,277.6,300,20850,2298200
NIFTY13OCT2217300PE.NFO,10/10/2022,09:20:35,276.3,276.05,100,276.25,100,4650,2298200
NIFTY13OCT2217300PE.NFO,10/10/2022,09:20:36,276.45,276,100,276.3,200,4700,2298200
NIFTY13OCT2217300PE.NFO,10/10/2022,09:20:37,274.65,274.65,100,275.2,250,7700,2298200
NIFTY13OCT2217300PE.NFO,10/10/2022,09:20:38,275.05,274.45,150,275.1,400,3150,2298200
NIFTY13OCT2217300PE.NFO,10/10/2022,09:20:40,274.5,274.45,100,274.8,200,3350,2298200
NIFTY13OCT2217300PE.NFO,10/10/2022,09:20:41,274.4,274.45,50,274.85,50,1350,2298200
NIFTY13OCT2217300PE.NFO,10/10/2022,09:20:42,273.95,273.45,50,273.95,350,6850,2298200
NIFTY13OCT2217300PE.NFO,10/10/2022,09:20:43,274.6,274.4,250,274.7,100,4550,2298200
NIFTY13OCT2217300PE.NFO,10/10/2022,09:20:44,274.1,274.2,150,274.6,200,7800,2298200
NIFTY13OCT2217300PE.NFO,10/10/2022,09:20:45,275.6,275.15,50,275.55,100,4250,2298200
NIFTY13OCT2217300PE.NFO,10/10/2022,09:20:47,275.6,275.6,100,276.2,150,6150,2298200
NIFTY13OCT2217300PE.NFO,10/10/2022,09:20:48,276.4,275.9,150,276.5,200,3950,2298200
NIFTY13OCT2217300PE.NFO,10/10/2022,09:20:49,276.9,276.2,100,276.75,50,4350,2298200
NIFTY13OCT2217300PE.NFO,10/10/2022,09:20:50,276.65,276.5,200,277.05,150,3150,2298200
NIFTY13OCT2217300PE.NFO,10/10/2022,09:20:50,276.35,275.75,50,276.3,650,1550,2298200
NIFTY13OCT2217300PE.NFO,10/10/2022,09:20:51,277.1,276.35,50,276.6,250,3000,2298200
NIFTY13OCT2217300PE.NFO,10/10/2022,09:20:52,276,276,50,276.3,100,6050,2298200
NIFTY13OCT2217300PE.NFO,10/10/2022,09:20:53,276.3,276.3,100,276.75,150,1450,2298200
NIFTY13OCT2217300PE.NFO,10/10/2022,09:20:54,278,277.8,50,278.25,500,4850,2298200
NIFTY13OCT2217300PE.NFO,10/10/2022,09:20:55,277.7,277.95,150,278.25,450,3700,2298200
NIFTY13OCT2217300PE.NFO,10/10/2022,09:20:56,278.1,277.85,150,278.1,50,2950,2298200
NIFTY13OCT2217300PE.NFO,10/10/2022,09:20:58,278.7,278.3,50,278.7,150,5150,2298200
NIFTY13OCT2217300PE.NFO,10/10/2022,09:20:59,278.05,278,200,278.55,150,2800,2298200
NIFTY13OCT2217300PE.NFO,10/10/2022,09:21:00,280.6,280.25,50,280.55,150,13300,2298200
NIFTY13OCT2217300PE.NFO,10/10/2022,09:21:02,282.2,282,200,282.25,350,9950,2298200
NIFTY13OCT2217300PE.NFO,10/10/2022,09:21:02,282.35,282,200,282.25,350,0,2298200
NIFTY13OCT2217300PE.NFO,10/10/2022,09:21:03,283.1,282.45,200,283.1,100,10150,2298200
NIFTY13OCT2217300PE.NFO,10/10/2022,09:21:03,283.3,282.45,200,283.1,100,0,2298200
NIFTY13OCT2217300PE.NFO,10/10/2022,09:21:05,282.9,282.3,200,282.9,200,5700,2298200
NIFTY13OCT2217300PE.NFO,10/10/2022,09:21:05,283.9,282.3,200,282.9,200,0,2298200
NIFTY13OCT2217300PE.NFO,10/10/2022,09:21:06,283.25,282.7,200,283.3,100,4700,2298200
NIFTY13OCT2217300PE.NFO,10/10/2022,09:21:07,282.75,282.75,100,283.45,200,8700,2298200
NIFTY13OCT2217300PE.NFO,10/10/2022,09:21:08,281.5,280.7,200,281.3,150,11500,2298200
NIFTY13OCT2217300PE.NFO,10/10/2022,09:21:08,283.95,280.7,200,281.3,150,0,2298200
NIFTY13OCT2217300PE.NFO,10/10/2022,09:21:09,280.55,280.55,150,280.85,50,9850,2298200
NIFTY13OCT2217300PE.NFO,10/10/2022,09:21:10,282.05,281.05,150,281.55,150,6800,2298200
NIFTY13OCT2217300PE.NFO,10/10/2022,09:21:12,282.85,282.6,100,282.8,100,4050,2298200
NIFTY13OCT2217300PE.NFO,10/10/2022,09:21:13,282.7,281.9,200,282.4,150,5600,2298200
NIFTY13OCT2217300PE.NFO,10/10/2022,09:21:14,280.5,279.75,50,280.4,100,8050,2298200
NIFTY13OCT2217300PE.NFO,10/10/2022,09:21:15,280.05,280.05,2800,280.2,50,4950,2298200
NIFTY13OCT2217300PE.NFO,10/10/2022,09:21:16,278.55,278.1,100,278.35,450,2950,2298200
NIFTY13OCT2217300PE.NFO,10/10/2022,09:21:17,278.15,278.2,150,278.8,100,4350,2298200
NIFTY13OCT2217300PE.NFO,10/10/2022,09:21:18,278,278,200,278.55,150,2100,2298200
NIFTY13OCT2217300PE.NFO,10/10/2022,09:21:19,277.85,277.35,100,278,400,3000,2298200
NIFTY13OCT2217300PE.NFO,10/10/2022,09:21:20,277.4,277.4,1100,277.7,250,2200,2298200
NIFTY13OCT2217300PE.NFO,10/10/2022,09:21:22,277.25,277.25,50,277.75,50,4600,2298200
NIFTY13OCT2217300PE.NFO,10/10/2022,09:21:23,278.4,278.4,50,278.9,200,2350,2298200
NIFTY13OCT2217300PE.NFO,10/10/2022,09:21:24,278.45,277.65,150,278.15,50,1450,2298200
NIFTY13OCT2217300PE.NFO,10/10/2022,09:21:25,277.9,277.25,50,277.9,150,2100,2298200
NIFTY13OCT2217300PE.NFO,10/10/2022,09:21:26,277,276.5,100,277.05,100,2100,2298200
NIFTY13OCT2217300PE.NFO,10/10/2022,09:21:27,276.5,275.7,150,276.3,250,7850,2298200
NIFTY13OCT2217300PE.NFO,10/10/2022,09:21:28,275.4,275.2,950,275.7,200,2400,2298200
NIFTY13OCT2217300PE.NFO,10/10/2022,09:21:29,275.1,274.95,50,275.45,150,4600,2298200
NIFTY13OCT2217300PE.NFO,10/10/2022,09:21:31,274.9,274.3,150,274.85,200,5150,2298200
NIFTY13OCT2217300PE.NFO,10/10/2022,09:21:32,275.1,274.45,250,275,50,1800,2298200
NIFTY13OCT2217300PE.NFO,10/10/2022,09:21:33,273.85,273.45,200,274,250,7000,2298200
NIFTY13OCT2217300PE.NFO,10/10/2022,09:21:34,274.65,274.55,50,274.95,50,3700,2298200
NIFTY13OCT2217300PE.NFO,10/10/2022,09:21:35,276.5,276,50,276.45,100,4250,2298200
NIFTY13OCT2217300PE.NFO,10/10/2022,09:21:36,276.9,276.85,100,277.3,150,3350,2298200
NIFTY13OCT2217300PE.NFO,10/10/2022,09:21:38,277.7,277.05,200,277.3,150,3600,2298200
NIFTY13OCT2217300PE.NFO,10/10/2022,09:21:39,276.3,276.3,250,276.95,150,750,2298200
NIFTY13OCT2217300PE.NFO,10/10/2022,09:21:40,277.2,276.65,150,277.3,50,750,2298200
NIFTY13OCT2217300PE.NFO,10/10/2022,09:21:41,275.9,275.7,200,276.45,850,1250,2298200
NIFTY13OCT2217300PE.NFO,10/10/2022,09:21:41,275.7,275,400,275.7,50,250,2298200
NIFTY13OCT2217300PE.NFO,10/10/2022,09:21:42,275,275,100,275.4,50,2250,2298200
NIFTY13OCT2217300PE.NFO,10/10/2022,09:21:43,276.5,275.85,50,276.45,200,3800,2298200
NIFTY13OCT2217300PE.NFO,10/10/2022,09:21:44,278.4,278.15,100,278.65,250,3100,2298200
NIFTY13OCT2217300PE.NFO,10/10/2022,09:21:45,278.75,278.8,100,279.3,200,1000,2298200
NIFTY13OCT2217300PE.NFO,10/10/2022,09:21:46,279.05,278.1,150,278.6,200,1850,2298200
NIFTY13OCT2217300PE.NFO,10/10/2022,09:21:47,277.75,277.8,400,278.35,200,1300,2298200
NIFTY13OCT2217300PE.NFO,10/10/2022,09:21:48,277.45,277.1,100,277.45,100,4000,2298200
NIFTY13OCT2217300PE.NFO,10/10/2022,09:21:50,277.45,276.85,500,277.4,250,2550,2298200
NIFTY13OCT2217300PE.NFO,10/10/2022,09:21:50,276.45,277.15,150,277.7,200,950,2298200
NIFTY13OCT2217300PE.NFO,10/10/2022,09:21:52,276.85,276.7,200,277.15,50,3550,2298200
NIFTY13OCT2217300PE.NFO,10/10/2022,09:21:53,277,276.95,150,277.5,200,12000,2298200
NIFTY13OCT2217300PE.NFO,10/10/2022,09:21:54,275.4,275.05,100,275.4,100,4000,2298200
NIFTY13OCT2217300PE.NFO,10/10/2022,09:21:55,274.75,274.25,50,274.75,150,2800,2298200
NIFTY13OCT2217300PE.NFO,10/10/2022,09:21:56,273.75,273.25,100,273.7,150,2950,2298200
NIFTY13OCT2217300PE.NFO,10/10/2022,09:21:57,273.05,272.55,50,272.95,250,5450,2298200
NIFTY13OCT2217300PE.NFO,10/10/2022,09:21:59,272.1,271.55,150,272.15,200,4250,2298200
NIFTY13OCT2217300PE.NFO,10/10/2022,09:22:00,271.5,271,1150,271.6,150,1350,2298200
NIFTY13OCT2217300PE.NFO,10/10/2022,09:22:01,272.15,271.7,50,272.15,150,1750,2298200
NIFTY13OCT2217300PE.NFO,10/10/2022,09:22:01,271.95,271.8,200,272.3,200,550,2298200
NIFTY13OCT2217300PE.NFO,10/10/2022,09:22:02,272.2,272.15,50,272.25,50,2050,2298200
NIFTY13OCT2217300PE.NFO,10/10/2022,09:22:03,271.05,271.1,600,271.6,250,2850,2298200
NIFTY13OCT2217300PE.NFO,10/10/2022,09:22:04,271.95,271.4,50,271.8,50,1900,2298200
NIFTY13OCT2217300PE.NFO,10/10/2022,09:22:05,272.9,272.05,50,272.4,50,2600,2298200
NIFTY13OCT2217300PE.NFO,10/10/2022,09:22:07,271,271,350,271.6,200,4100,2298200
NIFTY13OCT2217300PE.NFO,10/10/2022,09:22:08,272.6,272,100,272.55,150,4050,2298200
NIFTY13OCT2217300PE.NFO,10/10/2022,09:22:08,272.05,272.05,100,272.4,150,150,2298200
NIFTY13OCT2217300PE.NFO,10/10/2022,09:22:09,272,271.5,150,271.9,100,2900,2298200
NIFTY13OCT2217300PE.NFO,10/10/2022,09:22:10,272.45,272.3,200,272.7,50,3400,2298200
NIFTY13OCT2217300PE.NFO,10/10/2022,09:22:11,272.3,271.75,200,272.25,250,1200,2298200
NIFTY13OCT2217300PE.NFO,10/10/2022,09:22:13,268.4,268.25,150,268.85,400,12650,2298200
NIFTY13OCT2217300PE.NFO,10/10/2022,09:22:14,268.25,268.1,150,268.5,100,2150,2298200
NIFTY13OCT2217300PE.NFO,10/10/2022,09:22:16,263.05,263,300,263.1,350,10500,2298200
NIFTY13OCT2217300PE.NFO,10/10/2022,09:22:17,265.8,265.5,350,265.9,50,9400,2298200
NIFTY13OCT2217300PE.NFO,10/10/2022,09:22:19,266.5,266.05,150,266.4,150,4750,2298200
NIFTY13OCT2217300PE.NFO,10/10/2022,09:22:20,265.5,265.35,150,265.8,600,5950,2298200
NIFTY13OCT2217300PE.NFO,10/10/2022,09:22:20,264.35,264.35,200,264.75,100,1350,2298200
NIFTY13OCT2217300PE.NFO,10/10/2022,09:22:21,264.1,264.35,200,264.65,350,2650,2298200
NIFTY13OCT2217300PE.NFO,10/10/2022,09:22:23,266.25,265.95,100,266.4,150,2950,2298200
NIFTY13OCT2217300PE.NFO,10/10/2022,09:22:24,267.2,267.3,200,267.65,350,1650,2298200
NIFTY13OCT2217300PE.NFO,10/10/2022,09:22:25,265.3,265.25,150,265.75,400,3700,2298200
NIFTY13OCT2217300PE.NFO,10/10/2022,09:22:26,265.85,265.3,100,265.85,1050,4150,2298200
NIFTY13OCT2217300PE.NFO,10/10/2022,09:22:27,266.35,266.45,150,266.85,50,8500,2298200
NIFTY13OCT2217300PE.NFO,10/10/2022,09:22:28,267.1,266.8,250,267.3,250,1400,2298200
NIFTY13OCT2217300PE.NFO,10/10/2022,09:22:29,268.4,267.9,300,268.4,150,3350,2298200
NIFTY13OCT2217300PE.NFO,10/10/2022,09:22:31,268.25,268.3,400,268.5,50,950,2298200
NIFTY13OCT2217300PE.NFO,10/10/2022,09:22:32,265.15,265.15,300,265.35,300,1700,2298200
NIFTY13OCT2217300PE.NFO,10/10/2022,09:22:33,263.7,263.4,250,263.9,200,3850,2298200
NIFTY13OCT2217300PE.NFO,10/10/2022,09:22:34,264,263.9,200,264.35,200,250,2298200
NIFTY13OCT2217300PE.NFO,10/10/2022,09:22:35,264,263.45,250,263.65,250,1250,2298200
NIFTY13OCT2217300PE.NFO,10/10/2022,09:22:36,263.4,263.15,50,263.65,300,1050,2298200
NIFTY13OCT2217300PE.NFO,10/10/2022,09:22:37,263.2,262.9,50,263.35,550,700,2298200
NIFTY13OCT2217300PE.NFO,10/10/2022,09:22:39,265.6,265.7,300,265.95,200,2850,2298200
NIFTY13OCT2217300PE.NFO,10/10/2022,09:22:40,266.3,265.9,450,266.35,200,3650,2298200
NIFTY13OCT2217300PE.NFO,10/10/2022,09:22:41,264.55,264,50,264.4,200,2700,2298200
NIFTY13OCT2217300PE.NFO,10/10/2022,09:22:42,264.2,264,50,264.55,350,500,2298200
NIFTY13OCT2217300PE.NFO,10/10/2022,09:22:43,263.55,263.05,200,263.55,300,1300,2298200
NIFTY13OCT2217300PE.NFO,10/10/2022,09:22:44,262.75,262.5,600,263,50,4950,2298200
NIFTY13OCT2217300PE.NFO,10/10/2022,09:22:45,262.35,262.5,200,263.05,200,950,2298200
NIFTY13OCT2217300PE.NFO,10/10/2022,09:22:47,261.2,260.7,400,261.25,150,5450,2298200
NIFTY13OCT2217300PE.NFO,10/10/2022,09:22:48,262,261.65,200,262.2,450,1800,2298200
NIFTY13OCT2217300PE.NFO,10/10/2022,09:22:49,262.05,261.5,250,261.9,200,1000,2298200
NIFTY13OCT2217300PE.NFO,10/10/2022,09:22:50,261.5,261,50,261.35,400,1050,2298200
NIFTY13OCT2217300PE.NFO,10/10/2022,09:22:51,260.3,260.2,150,260.75,300,2450,2298200
NIFTY13OCT2217300PE.NFO,10/10/2022,09:22:53,259.65,259.95,150,260.35,200,8800,2298200
NIFTY13OCT2217300PE.NFO,10/10/2022,09:22:54,259.25,259.3,50,259.65,50,3350,2298200
NIFTY13OCT2217300PE.NFO,10/10/2022,09:22:55,258.2,257.95,50,258.2,50,3150,2298200
NIFTY13OCT2217300PE.NFO,10/10/2022,09:22:57,259.25,259.5,500,259.95,200,9950,2298200
NIFTY13OCT2217300PE.NFO,10/10/2022,09:22:58,259.8,259.65,650,260.15,200,2050,2298200
NIFTY13OCT2217300PE.NFO,10/10/2022,09:22:59,261,260.85,150,261.3,250,1550,2298200
NIFTY13OCT2217300PE.NFO,10/10/2022,09:23:00,263.05,263.3,350,263.65,50,4250,2298200
NIFTY13OCT2217300PE.NFO,10/10/2022,09:23:02,263.35,263.6,400,264.05,50,9300,2298200
NIFTY13OCT2217300PE.NFO,10/10/2022,09:23:03,265.9,265.55,200,265.9,200,5200,2298200
NIFTY13OCT2217300PE.NFO,10/10/2022,09:23:04,265.75,265.55,300,265.9,200,850,2298200
NIFTY13OCT2217300PE.NFO,10/10/2022,09:23:06,264.7,264.4,200,264.75,200,3400,2298200
NIFTY13OCT2217300PE.NFO,10/10/2022,09:23:07,264.95,264.25,200,264.65,250,800,2298200
NIFTY13OCT2217300PE.NFO,10/10/2022,09:23:08,261.55,261.55,50,261.95,700,1550,2298200
NIFTY13OCT2217300PE.NFO,10/10/2022,09:23:09,260.25,260.3,250,260.6,200,4450,2298200
NIFTY13OCT2217300PE.NFO,10/10/2022,09:23:11,260.9,260.2,400,260.5,200,2700,2298200
NIFTY13OCT2217300PE.NFO,10/10/2022,09:23:12,261.2,260.85,250,261.25,200,2300,2298200
NIFTY13OCT2217300PE.NFO,10/10/2022,09:23:13,260.5,260.05,50,260.5,250,700,2298200
NIFTY13OCT2217300PE.NFO,10/10/2022,09:23:13,260.5,260.05,200,260.35,50,250,2298200
NIFTY13OCT2217300PE.NFO,10/10/2022,09:23:14,259.3,258.95,150,259.3,200,3650,2298200
NIFTY13OCT2217300PE.NFO,10/10/2022,09:23:15,259.25,258.6,300,259.2,700,550,2298200
NIFTY13OCT2217300PE.NFO,10/10/2022,09:23:16,259.75,259.8,200,260,550,750,2298200
NIFTY13OCT2217300PE.NFO,10/10/2022,09:23:17,259.65,259.45,150,259.95,200,1000,2298200
NIFTY13OCT2217300PE.NFO,10/10/2022,09:23:18,259.7,259.2,300,259.45,200,700,2298200
NIFTY13OCT2217300PE.NFO,10/10/2022,09:23:19,259.75,259.65,150,260,50,800,2298200
NIFTY13OCT2217300PE.NFO,10/10/2022,09:23:21,259.6,259.5,150,259.95,250,1000,2298200
NIFTY13OCT2217300PE.NFO,10/10/2022,09:23:22,260.2,259.25,1050,259.85,350,650,2298200
NIFTY13OCT2217300PE.NFO,10/10/2022,09:23:23,259.55,259,500,259.4,50,1250,2298200
NIFTY13OCT2217300PE.NFO,10/10/2022,09:23:23,259.3,259.3,800,259.7,100,850,2225400
NIFTY13OCT2217300PE.NFO,10/10/2022,09:23:25,260.05,260,600,260.45,300,18550,2225400
NIFTY13OCT2217300PE.NFO,10/10/2022,09:23:26,260.65,260.05,550,260.5,200,800,2225400
NIFTY13OCT2217300PE.NFO,10/10/2022,09:23:27,261,260.5,50,261,350,2250,2225400
NIFTY13OCT2217300PE.NFO,10/10/2022,09:23:28,262.25,262.25,250,262.8,250,2050,2225400
NIFTY13OCT2217300PE.NFO,10/10/2022,09:23:29,261.6,262.2,200,262.65,200,750,2225400
NIFTY13OCT2217300PE.NFO,10/10/2022,09:23:30,262.1,261.9,800,262.4,50,1900,2225400
NIFTY13OCT2217300PE.NFO,10/10/2022,09:23:31,262.25,261.55,200,262,200,1000,2225400
NIFTY13OCT2217300PE.NFO,10/10/2022,09:23:33,261.75,261,150,261.5,250,500,2225400
NIFTY13OCT2217300PE.NFO,10/10/2022,09:23:34,261.3,261.05,200,261.45,200,2250,2225400
NIFTY13OCT2217300PE.NFO,10/10/2022,09:23:35,261.25,261,500,261.2,150,400,2225400
NIFTY13OCT2217300PE.NFO,10/10/2022,09:23:35,260.75,261.05,250,261.6,200,50,2225400
NIFTY13OCT2217300PE.NFO,10/10/2022,09:23:36,262.25,261.55,200,262.1,200,1700,2225400
NIFTY13OCT2217300PE.NFO,10/10/2022,09:23:37,260.75,260.45,150,260.65,200,800,2225400
NIFTY13OCT2217300PE.NFO,10/10/2022,09:23:39,259.55,259.15,50,259.55,300,3600,2225400
NIFTY13OCT2217300PE.NFO,10/10/2022,09:23:40,259.65,258.6,200,259.1,150,1050,2225400
NIFTY13OCT2217300PE.NFO,10/10/2022,09:23:41,258.05,257.45,200,258.1,300,2500,2225400
NIFTY13OCT2217300PE.NFO,10/10/2022,09:23:42,256.45,256.4,200,256.8,200,4050,2225400
NIFTY13OCT2217300PE.NFO,10/10/2022,09:23:44,256.7,256.3,550,256.8,250,4600,2225400
NIFTY13OCT2217300PE.NFO,10/10/2022,09:23:45,255.9,255.55,300,255.9,50,5400,2225400
NIFTY13OCT2217300PE.NFO,10/10/2022,09:23:46,256,256,150,256.45,600,500,2225400
NIFTY13OCT2217300PE.NFO,10/10/2022,09:23:47,257.85,257.65,150,258.15,750,3350,2225400
NIFTY13OCT2217300PE.NFO,10/10/2022,09:23:47,257.85,257.7,200,258.15,600,2000,2225400
NIFTY13OCT2217300PE.NFO,10/10/2022,09:23:48,256.95,257.05,200,257.15,200,2700,2225400
NIFTY13OCT2217300PE.NFO,10/10/2022,09:23:49,255.35,255.05,150,255.45,200,950,2225400
NIFTY13OCT2217300PE.NFO,10/10/2022,09:23:50,254.6,254.5,200,254.95,650,2000,2225400
NIFTY13OCT2217300PE.NFO,10/10/2022,09:23:52,254,253.6,300,254,300,1300,2225400
NIFTY13OCT2217300PE.NFO,10/10/2022,09:23:53,255,254.75,350,255.1,550,5000,2225400
NIFTY13OCT2217300PE.NFO,10/10/2022,09:23:54,254.2,254.8,50,255,50,1700,2225400
NIFTY13OCT2217300PE.NFO,10/10/2022,09:23:55,257.35,256.25,100,256.6,200,11500,2225400
NIFTY13OCT2217300PE.NFO,10/10/2022,09:23:56,256.7,255.95,50,256.35,50,1100,2225400
NIFTY13OCT2217300PE.NFO,10/10/2022,09:23:57,257.4,256.85,200,257.4,250,750,2225400
NIFTY13OCT2217300PE.NFO,10/10/2022,09:23:59,257,256.65,100,257,50,2750,2225400
NIFTY13OCT2217300PE.NFO,10/10/2022,09:24:00,256.8,256.05,50,256.55,250,700,2225400
NIFTY13OCT2217300PE.NFO,10/10/2022,09:24:01,258,257.65,350,258.15,250,400,2225400
NIFTY13OCT2217300PE.NFO,10/10/2022,09:24:02,258.8,258.7,200,259.1,50,3350,2225400
NIFTY13OCT2217300PE.NFO,10/10/2022,09:24:03,257.7,258,250,258.5,200,900,2225400
NIFTY13OCT2217300PE.NFO,10/10/2022,09:24:04,259.6,258.95,450,259.4,50,400,2225400
NIFTY13OCT2217300PE.NFO,10/10/2022,09:24:05,259.5,258.8,100,259.2,450,5350,2225400
NIFTY13OCT2217300PE.NFO,10/10/2022,09:24:07,260,260,200,260.3,250,500,2225400
NIFTY13OCT2217300PE.NFO,10/10/2022,09:24:08,260.3,259.9,200,260.3,250,2250,2225400
NIFTY13OCT2217300PE.NFO,10/10/2022,09:24:09,260.25,260.5,200,260.85,400,650,2225400
NIFTY13OCT2217300PE.NFO,10/10/2022,09:24:10,258.8,258.5,200,258.95,50,3450,2225400
NIFTY13OCT2217300PE.NFO,10/10/2022,09:24:11,258.55,258,2050,258.5,250,250,2225400
NIFTY13OCT2217300PE.NFO,10/10/2022,09:24:12,259,258.75,400,259.2,50,400,2225400
NIFTY13OCT2217300PE.NFO,10/10/2022,09:24:12,259.3,259.05,250,259.5,50,800,2225400
NIFTY13OCT2217300PE.NFO,10/10/2022,09:24:13,258.05,257.75,150,258.1,250,4600,2225400
NIFTY13OCT2217300PE.NFO,10/10/2022,09:24:14,258.15,258.8,200,259,100,2700,2225400
NIFTY13OCT2217300PE.NFO,10/10/2022,09:24:15,259.95,259.75,50,260.05,200,1100,2225400
NIFTY13OCT2217300PE.NFO,10/10/2022,09:24:16,259.75,260.15,50,260.45,200,1250,2225400
NIFTY13OCT2217300PE.NFO,10/10/2022,09:24:17,260,259.45,50,259.85,250,1900,2225400
NIFTY13OCT2217300PE.NFO,10/10/2022,09:24:19,260.9,260.5,150,260.95,200,2200,2225400
NIFTY13OCT2217300PE.NFO,10/10/2022,09:24:20,259.1,259,50,259.4,400,950,2225400
NIFTY13OCT2217300PE.NFO,10/10/2022,09:24:21,259.1,259,100,259.35,450,400,2225400
NIFTY13OCT2217300PE.NFO,10/10/2022,09:24:21,259,258.75,400,259.25,200,100,2225400
NIFTY13OCT2217300PE.NFO,10/10/2022,09:24:22,258.8,259,200,259.4,200,450,2225400
NIFTY13OCT2217300PE.NFO,10/10/2022,09:24:23,260.15,260,250,260.45,200,2200,2225400
NIFTY13OCT2217300PE.NFO,10/10/2022,09:24:24,261.5,261.5,200,261.95,150,3800,2225400
NIFTY13OCT2217300PE.NFO,10/10/2022,09:24:26,261.5,261.45,100,261.9,600,2500,2225400
NIFTY13OCT2217300PE.NFO,10/10/2022,09:24:26,261.85,261.5,200,261.95,200,3000,2225400
NIFTY13OCT2217300PE.NFO,10/10/2022,09:24:28,260.05,260.05,100,260.15,50,12650,2225400
NIFTY13OCT2217300PE.NFO,10/10/2022,09:24:29,260,260,150,260.35,200,2600,2225400
NIFTY13OCT2217300PE.NFO,10/10/2022,09:24:30,261.2,261.1,150,261.45,300,500,2225400
NIFTY13OCT2217300PE.NFO,10/10/2022,09:24:31,260.7,260.6,200,260.95,50,800,2225400
NIFTY13OCT2217300PE.NFO,10/10/2022,09:24:31,260.7,260.65,400,261,50,0,2225400
NIFTY13OCT2217300PE.NFO,10/10/2022,09:24:32,261.6,262,150,262.3,100,1400,2225400
NIFTY13OCT2217300PE.NFO,10/10/2022,09:24:34,261.7,261.5,50,261.75,150,950,2225400
NIFTY13OCT2217300PE.NFO,10/10/2022,09:24:35,262.3,261.8,250,262.2,50,900,2225400
NIFTY13OCT2217300PE.NFO,10/10/2022,09:24:36,261.25,261.7,200,262.1,100,1150,2225400
NIFTY13OCT2217300PE.NFO,10/10/2022,09:24:37,261.8,261.65,200,262.1,250,2850,2225400
NIFTY13OCT2217300PE.NFO,10/10/2022,09:24:38,261.25,261.25,350,261.7,150,600,2225400
NIFTY13OCT2217300PE.NFO,10/10/2022,09:24:38,261.15,261.55,150,261.9,150,50,2225400
NIFTY13OCT2217300PE.NFO,10/10/2022,09:24:39,261.15,260.5,200,260.85,50,1150,2225400
NIFTY13OCT2217300PE.NFO,10/10/2022,09:24:40,261.4,261.25,50,261.6,150,1300,2225400
NIFTY13OCT2217300PE.NFO,10/10/2022,09:24:41,260.7,261.25,250,261.65,100,750,2225400
NIFTY13OCT2217300PE.NFO,10/10/2022,09:24:43,261.75,261.55,50,262,200,3000,2225400
NIFTY13OCT2217300PE.NFO,10/10/2022,09:24:44,261.65,261.7,200,262.2,400,1500,2225400
NIFTY13OCT2217300PE.NFO,10/10/2022,09:24:44,261.55,261.7,100,261.95,50,100,2225400
NIFTY13OCT2217300PE.NFO,10/10/2022,09:24:45,261.55,261,100,261.45,100,850,2225400
NIFTY13OCT2217300PE.NFO,10/10/2022,09:24:46,260.6,260.65,250,261.15,350,950,2225400
NIFTY13OCT2217300PE.NFO,10/10/2022,09:24:47,260.15,260.2,100,260.65,150,700,2225400
NIFTY13OCT2217300PE.NFO,10/10/2022,09:24:48,260.8,260.5,650,261,100,700,2225400
NIFTY13OCT2217300PE.NFO,10/10/2022,09:24:49,260.1,260.1,100,260.35,100,2750,2225400
NIFTY13OCT2217300PE.NFO,10/10/2022,09:24:51,259.45,259.05,100,259.3,50,4750,2225400
NIFTY13OCT2217300PE.NFO,10/10/2022,09:24:52,258.4,258.25,100,258.35,250,4250,2225400
NIFTY13OCT2217300PE.NFO,10/10/2022,09:24:52,258.35,258.45,100,258.75,150,250,2225400
NIFTY13OCT2217300PE.NFO,10/10/2022,09:24:53,259,259.4,350,259.85,200,3200,2225400
NIFTY13OCT2217300PE.NFO,10/10/2022,09:24:55,259.95,260.25,200,260.55,50,3050,2225400
NIFTY13OCT2217300PE.NFO,10/10/2022,09:24:55,261.3,261.5,100,262,400,2700,2225400
NIFTY13OCT2217300PE.NFO,10/10/2022,09:24:56,260.95,260.35,50,260.7,200,2200,2225400
NIFTY13OCT2217300PE.NFO,10/10/2022,09:24:57,260.3,260.3,50,260.6,650,4400,2225400
NIFTY13OCT2217300PE.NFO,10/10/2022,09:24:58,259.65,259.3,50,259.65,250,1700,2225400
NIFTY13OCT2217300PE.NFO,10/10/2022,09:24:59,260.6,260.25,600,260.7,200,2250,2225400
NIFTY13OCT2217300PE.NFO,10/10/2022,09:25:01,261.35,261.45,500,262.1,700,2300,2225400
NIFTY13OCT2217300PE.NFO,10/10/2022,09:25:02,264.75,264.3,100,264.75,500,4550,2225400
NIFTY13OCT2217300PE.NFO,10/10/2022,09:25:04,264.15,264.1,200,264.6,450,5300,2225400
NIFTY13OCT2217300PE.NFO,10/10/2022,09:25:05,265.2,264.8,150,265.35,350,2200,2225400
NIFTY13OCT2217300PE.NFO,10/10/2022,09:25:06,264.8,264.65,200,265.1,350,3750,2225400
NIFTY13OCT2217300PE.NFO,10/10/2022,09:25:08,265.35,265.2,100,265.55,400,3850,2225400
NIFTY13OCT2217300PE.NFO,10/10/2022,09:25:09,263.45,263.7,150,263.8,50,850,2225400
NIFTY13OCT2217300PE.NFO,10/10/2022,09:25:10,263.6,264.15,450,264.6,50,900,2225400
NIFTY13OCT2217300PE.NFO,10/10/2022,09:25:11,264.2,264.2,400,264.55,50,2750,2225400
NIFTY13OCT2217300PE.NFO,10/10/2022,09:25:12,263.85,263.85,100,264.3,200,2050,2225400
NIFTY13OCT2217300PE.NFO,10/10/2022,09:25:13,264.4,264,350,264.45,400,1250,2225400
NIFTY13OCT2217300PE.NFO,10/10/2022,09:25:14,264.45,264,150,264.2,50,2150,2225400
NIFTY13OCT2217300PE.NFO,10/10/2022,09:25:16,264.65,264.3,300,264.8,100,1050,2225400
NIFTY13OCT2217300PE.NFO,10/10/2022,09:25:17,266.45,266,400,266.4,150,2750,2225400
NIFTY13OCT2217300PE.NFO,10/10/2022,09:25:18,265.75,265.9,350,266.35,350,3100,2225400
NIFTY13OCT2217300PE.NFO,10/10/2022,09:25:19,264.75,264.5,50,264.85,150,1300,2225400
NIFTY13OCT2217300PE.NFO,10/10/2022,09:25:20,264.95,265.15,50,265.35,500,1500,2225400
NIFTY13OCT2217300PE.NFO,10/10/2022,09:25:21,266.95,266.6,500,266.95,400,4050,2225400
NIFTY13OCT2217300PE.NFO,10/10/2022,09:25:22,266.85,266.3,200,266.85,150,1400,2225400
NIFTY13OCT2217300PE.NFO,10/10/2022,09:25:23,267.65,267.2,200,267.65,150,1250,2225400
NIFTY13OCT2217300PE.NFO,10/10/2022,09:25:24,267.05,267,100,267.35,150,1000,2225400
NIFTY13OCT2217300PE.NFO,10/10/2022,09:25:25,267,266.8,200,267.3,200,2700,2225400
NIFTY13OCT2217300PE.NFO,10/10/2022,09:25:26,269.1,269.1,200,269.5,150,3250,2225400
NIFTY13OCT2217300PE.NFO,10/10/2022,09:25:28,269.55,269,50,269.45,100,1050,2225400
NIFTY13OCT2217300PE.NFO,10/10/2022,09:25:29,269.3,268.9,400,269.3,200,900,2225400
NIFTY13OCT2217300PE.NFO,10/10/2022,09:25:30,269.5,269.6,200,270,2750,2350,2225400
NIFTY13OCT2217300PE.NFO,10/10/2022,09:25:31,270.75,270.1,100,270.5,250,5200,2225400
NIFTY13OCT2217300PE.NFO,10/10/2022,09:25:33,270.6,270.55,200,270.9,50,900,2225400
NIFTY13OCT2217300PE.NFO,10/10/2022,09:25:34,270.5,269.85,200,270.3,300,300,2225400
NIFTY13OCT2217300PE.NFO,10/10/2022,09:25:35,271.3,271.3,200,271.7,200,2450,2225400
NIFTY13OCT2217300PE.NFO,10/10/2022,09:25:36,271.2,270.75,100,271.2,100,1550,2225400
NIFTY13OCT2217300PE.NFO,10/10/2022,09:25:38,270.5,270.15,200,270.6,250,6100,2225400
NIFTY13OCT2217300PE.NFO,10/10/2022,09:25:39,269.15,269.25,200,269.75,300,3600,2225400
NIFTY13OCT2217300PE.NFO,10/10/2022,09:25:40,269.1,269.25,50,269.6,350,2850,2225400
NIFTY13OCT2217300PE.NFO,10/10/2022,09:25:41,270.1,269.7,550,270.15,200,600,2225400
NIFTY13OCT2217300PE.NFO,10/10/2022,09:25:42,268.55,268.1,50,268.55,200,2400,2225400
NIFTY13OCT2217300PE.NFO,10/10/2022,09:25:43,267.9,267.45,250,267.9,300,950,2225400
NIFTY13OCT2217300PE.NFO,10/10/2022,09:25:44,268.1,268.6,50,269,50,1150,2225400
NIFTY13OCT2217300PE.NFO,10/10/2022,09:25:45,267.5,267.55,200,268,350,1900,2225400
NIFTY13OCT2217300PE.NFO,10/10/2022,09:25:47,268.6,267.95,50,268.4,50,1600,2225400
NIFTY13OCT2217300PE.NFO,10/10/2022,09:25:48,268.4,268.4,250,268.8,50,750,2225400
NIFTY13OCT2217300PE.NFO,10/10/2022,09:25:49,268.85,268.55,50,268.95,50,3550,2225400
NIFTY13OCT2217300PE.NFO,10/10/2022,09:25:50,268.5,268.05,200,268.45,50,350,2225400
NIFTY13OCT2217300PE.NFO,10/10/2022,09:25:51,266.35,266.35,450,266.65,300,2850,2225400
NIFTY13OCT2217300PE.NFO,10/10/2022,09:25:51,265.55,265.5,650,265.85,50,950,2225400
NIFTY13OCT2217300PE.NFO,10/10/2022,09:25:53,262.95,262.75,50,262.95,50,3950,2225400
NIFTY13OCT2217300PE.NFO,10/10/2022,09:25:54,261,260.5,400,260.95,250,3000,2225400
NIFTY13OCT2217300PE.NFO,10/10/2022,09:25:56,259.2,259.2,150,259.6,50,6750,2225400
NIFTY13OCT2217300PE.NFO,10/10/2022,09:25:57,260.05,260.15,250,260.6,600,1700,2225400
NIFTY13OCT2217300PE.NFO,10/10/2022,09:25:58,259.05,259,600,259.3,50,1200,2225400
NIFTY13OCT2217300PE.NFO,10/10/2022,09:25:58,259,258.7,400,259.05,150,1300,2225400
NIFTY13OCT2217300PE.NFO,10/10/2022,09:26:00,257.5,257.65,150,258.05,100,5000,2225400
NIFTY13OCT2217300PE.NFO,10/10/2022,09:26:01,258.05,257.9,150,258.4,250,2550,2225400
NIFTY13OCT2217300PE.NFO,10/10/2022,09:26:02,257.1,256.65,200,257.15,250,2500,2225400
NIFTY13OCT2217300PE.NFO,10/10/2022,09:26:03,256.6,255.5,100,255.8,250,2300,2225400
NIFTY13OCT2217300PE.NFO,10/10/2022,09:26:05,254.95,254.85,300,255,200,7350,2225400
NIFTY13OCT2217300PE.NFO,10/10/2022,09:26:06,252.6,253.05,200,253.5,450,3750,2225400
NIFTY13OCT2217300PE.NFO,10/10/2022,09:26:08,254.25,254.2,150,254.65,50,4150,2225400
NIFTY13OCT2217300PE.NFO,10/10/2022,09:26:09,255.1,254.45,200,254.8,200,950,2225400
NIFTY13OCT2217300PE.NFO,10/10/2022,09:26:10,252.2,252,3250,252.45,200,3700,2225400
NIFTY13OCT2217300PE.NFO,10/10/2022,09:26:11,251.6,251.6,200,252,50,4300,2225400
NIFTY13OCT2217300PE.NFO,10/10/2022,09:26:12,252.7,253.05,300,253.4,200,950,2225400
NIFTY13OCT2217300PE.NFO,10/10/2022,09:26:14,252.55,252.7,100,253.1,50,1950,2225400
NIFTY13OCT2217300PE.NFO,10/10/2022,09:26:15,252.35,252.25,200,252.7,200,1300,2225400
NIFTY13OCT2217300PE.NFO,10/10/2022,09:26:16,252.05,251.95,100,252.35,200,250,2225400
NIFTY13OCT2217300PE.NFO,10/10/2022,09:26:17,253.1,253,350,253.4,200,1250,2225400
NIFTY13OCT2217300PE.NFO,10/10/2022,09:26:18,252.8,252.7,350,253.1,200,2400,2225400
NIFTY13OCT2217300PE.NFO,10/10/2022,09:26:19,253.55,253.55,250,253.85,100,1150,2225400
NIFTY13OCT2217300PE.NFO,10/10/2022,09:26:20,252.05,252.1,200,252.55,350,2650,2225400
NIFTY13OCT2217300PE.NFO,10/10/2022,09:26:20,252,251.35,100,251.8,300,350,2225400
NIFTY13OCT2217300PE.NFO,10/10/2022,09:26:22,249.45,249.3,100,249.65,600,22050,2225400
NIFTY13OCT2217300PE.NFO,10/10/2022,09:26:24,247.05,246.8,100,247.05,150,3400,2225400
NIFTY13OCT2217300PE.NFO,10/10/2022,09:26:25,247.45,247.45,100,247.75,100,11100,2225400
NIFTY13OCT2217300PE.NFO,10/10/2022,09:26:26,243.15,243.35,150,243.75,400,12750,2210600
NIFTY13OCT2217300PE.NFO,10/10/2022,09:26:28,246.55,245.75,100,246.3,100,6800,2210600
NIFTY13OCT2217300PE.NFO,10/10/2022,09:26:29,245.5,245.5,150,245.85,200,4400,2210600
NIFTY13OCT2217300PE.NFO,10/10/2022,09:26:30,245,244.7,150,245.1,50,2500,2210600
NIFTY13OCT2217300PE.NFO,10/10/2022,09:26:31,243.65,243.45,50,243.75,50,3100,2210600
NIFTY13OCT2217300PE.NFO,10/10/2022,09:26:33,246.9,246.8,50,247.15,350,6650,2210600
NIFTY13OCT2217300PE.NFO,10/10/2022,09:26:34,246.9,246.2,200,246.45,50,5800,2210600
NIFTY13OCT2217300PE.NFO,10/10/2022,09:26:35,246.6,246.8,200,246.85,50,2600,2210600
NIFTY13OCT2217300PE.NFO,10/10/2022,09:26:37,253.95,253.85,150,254,100,5200,2210600
NIFTY13OCT2217300PE.NFO,10/10/2022,09:26:39,252.15,252.25,800,252.75,50,4250,2210600
NIFTY13OCT2217300PE.NFO,10/10/2022,09:26:40,253.35,253.35,650,253.75,50,1400,2210600
NIFTY13OCT2217300PE.NFO,10/10/2022,09:26:41,252.6,252.1,450,252.6,450,1700,2210600
NIFTY13OCT2217300PE.NFO,10/10/2022,09:26:42,254.15,254.3,250,254.65,50,1150,2210600
NIFTY13OCT2217300PE.NFO,10/10/2022,09:26:43,253.2,253.3,250,253.65,50,1600,2210600
NIFTY13OCT2217300PE.NFO,10/10/2022,09:26:44,253.15,253,250,253.25,50,1050,2210600
NIFTY13OCT2217300PE.NFO,10/10/2022,09:26:46,253.2,252.5,50,252.6,450,1550,2210600
NIFTY13OCT2217300PE.NFO,10/10/2022,09:26:47,251.8,252.55,400,253,250,1000,2210600
NIFTY13OCT2217300PE.NFO,10/10/2022,09:26:48,251.6,251.05,50,251.3,400,1550,2210600
NIFTY13OCT2217300PE.NFO,10/10/2022,09:26:49,251.75,252.1,300,252.6,200,5950,2210600
NIFTY13OCT2217300PE.NFO,10/10/2022,09:26:51,249.9,249.75,250,250.2,250,3050,2210600
NIFTY13OCT2217300PE.NFO,10/10/2022,09:26:52,250.45,250.15,50,250.5,200,600,2210600
NIFTY13OCT2217300PE.NFO,10/10/2022,09:26:53,249.65,249.75,150,250.3,200,1100,2210600
NIFTY13OCT2217300PE.NFO,10/10/2022,09:26:55,248.75,248.5,50,249.05,350,2000,2210600
NIFTY13OCT2217300PE.NFO,10/10/2022,09:26:56,249.75,249.4,400,249.9,300,1450,2210600
NIFTY13OCT2217300PE.NFO,10/10/2022,09:26:57,249.8,249.75,250,250.1,200,2200,2210600
NIFTY13OCT2217300PE.NFO,10/10/2022,09:26:58,248.2,248.05,150,248.4,200,1200,2210600
NIFTY13OCT2217300PE.NFO,10/10/2022,09:26:59,250.1,250.05,650,250.5,250,1000,2210600
NIFTY13OCT2217300PE.NFO,10/10/2022,09:26:59,249.65,249.55,800,250,150,500,2210600
NIFTY13OCT2217300PE.NFO,10/10/2022,09:27:01,249.55,249.5,450,249.95,150,1350,2210600
NIFTY13OCT2217300PE.NFO,10/10/2022,09:27:02,248.8,248.65,200,249.1,300,2950,2210600
NIFTY13OCT2217300PE.NFO,10/10/2022,09:27:03,248.7,248.8,150,249.25,200,2600,2210600
NIFTY13OCT2217300PE.NFO,10/10/2022,09:27:04,248.6,248,50,248.35,450,2150,2210600
NIFTY13OCT2217300PE.NFO,10/10/2022,09:27:05,246.55,246.75,150,247.2,150,3400,2210600
NIFTY13OCT2217300PE.NFO,10/10/2022,09:27:07,248.05,247.55,400,248.05,100,650,2210600
NIFTY13OCT2217300PE.NFO,10/10/2022,09:27:08,249,249.15,150,249.5,400,1350,2210600
NIFTY13OCT2217300PE.NFO,10/10/2022,09:27:09,250,249.85,250,250.25,50,3450,2210600
NIFTY13OCT2217300PE.NFO,10/10/2022,09:27:11,251.1,250.45,600,250.95,100,3550,2210600
NIFTY13OCT2217300PE.NFO,10/10/2022,09:27:12,250.5,250.5,50,250.6,150,400,2210600
NIFTY13OCT2217300PE.NFO,10/10/2022,09:27:13,249.9,248.85,450,249.25,100,700,2210600
NIFTY13OCT2217300PE.NFO,10/10/2022,09:27:14,249.7,249.5,50,249.7,200,5950,2210600
NIFTY13OCT2217300PE.NFO,10/10/2022,09:27:15,250.5,250.35,200,250.8,850,1250,2210600
NIFTY13OCT2217300PE.NFO,10/10/2022,09:27:16,250.2,250.1,50,250.5,250,1100,2210600
NIFTY13OCT2217300PE.NFO,10/10/2022,09:27:17,249.9,249.15,250,249.55,100,5950,2210600
NIFTY13OCT2217300PE.NFO,10/10/2022,09:27:18,250.55,250.2,300,250.7,50,300,2210600
NIFTY13OCT2217300PE.NFO,10/10/2022,09:27:19,251.1,250.9,150,251.25,50,3050,2210600
NIFTY13OCT2217300PE.NFO,10/10/2022,09:27:20,250.85,251.1,200,251.55,150,350,2210600
NIFTY13OCT2217300PE.NFO,10/10/2022,09:27:22,253.35,253.75,100,254,500,3100,2210600
NIFTY13OCT2217300PE.NFO,10/10/2022,09:27:23,252.5,252.2,400,252.7,200,4550,2210600
NIFTY13OCT2217300PE.NFO,10/10/2022,09:27:24,252.3,252.25,250,252.65,300,600,2210600
NIFTY13OCT2217300PE.NFO,10/10/2022,09:27:25,253.85,252.8,200,253.2,50,700,2210600
NIFTY13OCT2217300PE.NFO,10/10/2022,09:27:25,253.25,252.4,200,252.7,200,50,2210600
NIFTY13OCT2217300PE.NFO,10/10/2022,09:27:26,253.25,252.3,150,252.8,200,900,2210600
NIFTY13OCT2217300PE.NFO,10/10/2022,09:27:28,251.75,250.9,350,251.15,200,3200,2210600
NIFTY13OCT2217300PE.NFO,10/10/2022,09:27:29,251.15,250.55,150,251.2,750,2900,2210600
NIFTY13OCT2217300PE.NFO,10/10/2022,09:27:30,251.9,251.6,200,251.85,100,350,2210600
NIFTY13OCT2217300PE.NFO,10/10/2022,09:27:31,255.4,254.7,250,255.15,50,2550,2210600
NIFTY13OCT2217300PE.NFO,10/10/2022,09:27:33,255.3,255.25,250,255.5,250,5700,2210600
NIFTY13OCT2217300PE.NFO,10/10/2022,09:27:34,255.55,255.4,250,255.75,50,3400,2210600
NIFTY13OCT2217300PE.NFO,10/10/2022,09:27:36,255.4,255.4,250,255.75,250,5200,2210600
NIFTY13OCT2217300PE.NFO,10/10/2022,09:27:37,254.7,255.2,200,255.4,50,1150,2210600
NIFTY13OCT2217300PE.NFO,10/10/2022,09:27:38,254.05,253.5,600,253.95,250,1350,2210600
NIFTY13OCT2217300PE.NFO,10/10/2022,09:27:39,253,252.5,400,252.95,50,1500,2210600
NIFTY13OCT2217300PE.NFO,10/10/2022,09:27:41,252.3,252.1,150,252.6,150,1750,2210600
NIFTY13OCT2217300PE.NFO,10/10/2022,09:27:42,255,255.2,400,255.6,50,1600,2210600
NIFTY13OCT2217300PE.NFO,10/10/2022,09:27:43,254.3,253.65,50,254,250,2650,2210600
NIFTY13OCT2217300PE.NFO,10/10/2022,09:27:44,254.55,254.1,50,254.5,150,700,2210600
NIFTY13OCT2217300PE.NFO,10/10/2022,09:27:45,253,252.55,150,252.95,50,5950,2210600
NIFTY13OCT2217300PE.NFO,10/10/2022,09:27:47,250.35,250.05,150,250.5,250,5300,2210600
NIFTY13OCT2217300PE.NFO,10/10/2022,09:27:48,251.65,251.55,150,252,50,1500,2210600
NIFTY13OCT2217300PE.NFO,10/10/2022,09:27:49,251.6,250.85,600,251.35,150,2700,2210600
NIFTY13OCT2217300PE.NFO,10/10/2022,09:27:50,250.5,249.9,50,250.25,50,1200,2210600
NIFTY13OCT2217300PE.NFO,10/10/2022,09:27:51,249.75,249.25,600,249.75,50,600,2210600
NIFTY13OCT2217300PE.NFO,10/10/2022,09:27:53,250.9,250.75,100,251.2,50,250,2210600
NIFTY13OCT2217300PE.NFO,10/10/2022,09:27:54,250.6,250.1,200,250.3,50,1150,2210600
NIFTY13OCT2217300PE.NFO,10/10/2022,09:27:55,249.4,249.25,150,249.65,200,2650,2210600
NIFTY13OCT2217300PE.NFO,10/10/2022,09:27:56,250.55,250.25,100,250.7,300,1750,2210600
NIFTY13OCT2217300PE.NFO,10/10/2022,09:27:57,250.6,250.3,950,250.7,200,300,2210600
NIFTY13OCT2217300PE.NFO,10/10/2022,09:27:58,251.05,251.05,100,251.45,200,2450,2210600
NIFTY13OCT2217300PE.NFO,10/10/2022,09:27:59,249.95,249.75,250,250.2,200,700,2210600
NIFTY13OCT2217300PE.NFO,10/10/2022,09:28:00,249.85,249.15,50,249.65,300,2900,2210600
NIFTY13OCT2217300PE.NFO,10/10/2022,09:28:01,249.7,249.7,50,250,1750,100,2210600
NIFTY13OCT2217300PE.NFO,10/10/2022,09:28:01,249.15,249.15,50,249.55,200,50,2210600
NIFTY13OCT2217300PE.NFO,10/10/2022,09:28:03,249.25,249,2750,249.25,250,900,2210600
NIFTY13OCT2217300PE.NFO,10/10/2022,09:28:04,249.05,249.05,150,249.1,50,3000,2210600
NIFTY13OCT2217300PE.NFO,10/10/2022,09:28:04,249.85,249.35,250,249.8,400,350,2210600
NIFTY13OCT2217300PE.NFO,10/10/2022,09:28:06,249.15,249.2,150,249.6,250,900,2210600
NIFTY13OCT2217300PE.NFO,10/10/2022,09:28:07,248.3,247.9,150,248.4,250,6300,2210600
NIFTY13OCT2217300PE.NFO,10/10/2022,09:28:08,247.7,247.4,200,247.8,50,1350,2210600
NIFTY13OCT2217300PE.NFO,10/10/2022,09:28:09,247.05,246.75,50,246.9,200,950,2210600
NIFTY13OCT2217300PE.NFO,10/10/2022,09:28:11,245.25,245.05,50,245.6,450,7800,2210600
NIFTY13OCT2217300PE.NFO,10/10/2022,09:28:13,245.8,245.7,150,246.05,400,3650,2210600
NIFTY13OCT2217300PE.NFO,10/10/2022,09:28:14,246.4,246.3,150,246.65,50,5050,2210600
NIFTY13OCT2217300PE.NFO,10/10/2022,09:28:15,246.15,246.35,750,246.6,200,750,2210600
NIFTY13OCT2217300PE.NFO,10/10/2022,09:28:16,246.5,246.5,500,246.9,100,3050,2210600
NIFTY13OCT2217300PE.NFO,10/10/2022,09:28:19,247.65,247.5,200,247.95,200,4300,2210600
NIFTY13OCT2217300PE.NFO,10/10/2022,09:28:20,249.05,248.75,50,249.1,150,1800,2210600
NIFTY13OCT2217300PE.NFO,10/10/2022,09:28:22,249.3,248.9,200,249.35,100,1950,2210600
NIFTY13OCT2217300PE.NFO,10/10/2022,09:28:23,248.25,248.5,150,248.8,50,400,2210600
NIFTY13OCT2217300PE.NFO,10/10/2022,09:28:24,248.7,248.2,250,248.65,50,350,2210600
NIFTY13OCT2217300PE.NFO,10/10/2022,09:28:25,248.1,247.9,50,248.4,450,350,2210600
NIFTY13OCT2217300PE.NFO,10/10/2022,09:28:25,248.35,248.35,200,248.85,500,50,2210600
NIFTY13OCT2217300PE.NFO,10/10/2022,09:28:27,248.6,248.2,50,248.6,300,950,2210600
NIFTY13OCT2217300PE.NFO,10/10/2022,09:28:28,248.95,248.55,200,248.85,50,1550,2210600
NIFTY13OCT2217300PE.NFO,10/10/2022,09:28:29,249.1,248.75,150,249.05,50,650,2210600
NIFTY13OCT2217300PE.NFO,10/10/2022,09:28:30,248.7,248.35,100,248.75,250,450,2210600
NIFTY13OCT2217300PE.NFO,10/10/2022,09:28:30,248.7,247.95,100,248.45,150,0,2210600
NIFTY13OCT2217300PE.NFO,10/10/2022,09:28:32,248.05,248.3,650,248.75,100,250,2210600
NIFTY13OCT2217300PE.NFO,10/10/2022,09:28:33,249.75,249.65,50,249.85,200,650,2210600
NIFTY13OCT2217300PE.NFO,10/10/2022,09:28:34,249.35,249.35,150,249.8,250,150,2210600
NIFTY13OCT2217300PE.NFO,10/10/2022,09:28:35,249.8,249.35,50,249.7,200,250,2210600
NIFTY13OCT2217300PE.NFO,10/10/2022,09:28:36,249.2,249.4,50,249.65,200,50,2210600
NIFTY13OCT2217300PE.NFO,10/10/2022,09:28:37,250.4,249.45,50,249.9,200,2700,2210600
NIFTY13OCT2217300PE.NFO,10/10/2022,09:28:38,248.75,248.3,550,248.75,150,400,2210600
NIFTY13OCT2217300PE.NFO,10/10/2022,09:28:39,248.2,247.65,50,248.05,200,600,2210600
NIFTY13OCT2217300PE.NFO,10/10/2022,09:28:40,247.95,247.45,50,247.85,50,200,2210600
NIFTY13OCT2217300PE.NFO,10/10/2022,09:28:41,247.25,246.85,50,247.2,100,200,2210600
NIFTY13OCT2217300PE.NFO,10/10/2022,09:28:42,246.75,246.65,400,247.1,50,700,2210600
NIFTY13OCT2217300PE.NFO,10/10/2022,09:28:44,245,244.55,200,244.8,150,5600,2210600
NIFTY13OCT2217300PE.NFO,10/10/2022,09:28:45,244.15,244.15,100,244.4,150,1450,2210600
NIFTY13OCT2217300PE.NFO,10/10/2022,09:28:46,244.9,245.3,150,245.65,100,3450,2210600
NIFTY13OCT2217300PE.NFO,10/10/2022,09:28:48,245.35,245.5,550,245.9,50,550,2210600
NIFTY13OCT2217300PE.NFO,10/10/2022,09:28:49,245.8,245.9,250,246.3,200,900,2210600
NIFTY13OCT2217300PE.NFO,10/10/2022,09:28:50,246,245.9,100,246.3,550,150,2210600
NIFTY13OCT2217300PE.NFO,10/10/2022,09:28:51,246.4,246.2,400,246.6,50,100,2210600
NIFTY13OCT2217300PE.NFO,10/10/2022,09:28:52,247.05,247,450,247.4,100,300,2210600
NIFTY13OCT2217300PE.NFO,10/10/2022,09:28:53,248.7,248.6,100,248.95,50,1000,2210600
NIFTY13OCT2217300PE.NFO,10/10/2022,09:28:54,247.7,247.4,50,247.7,200,1050,2210600
NIFTY13OCT2217300PE.NFO,10/10/2022,09:28:55,249,248.75,100,249.2,450,1100,2210600
NIFTY13OCT2217300PE.NFO,10/10/2022,09:28:56,249.95,248.5,200,248.9,50,10650,2210600
NIFTY13OCT2217300PE.NFO,10/10/2022,09:28:58,248.45,247.75,150,248.05,200,1300,2210600
NIFTY13OCT2217300PE.NFO,10/10/2022,09:28:59,249,248.55,100,249.05,250,650,2210600
NIFTY13OCT2217300PE.NFO,10/10/2022,09:29:00,249.35,249.5,100,249.9,150,700,2210600
NIFTY13OCT2217300PE.NFO,10/10/2022,09:29:01,251.2,251.2,50,251.3,50,5400,2210600
NIFTY13OCT2217300PE.NFO,10/10/2022,09:29:03,251.9,251.55,50,251.95,50,1400,2210600
NIFTY13OCT2217300PE.NFO,10/10/2022,09:29:04,250.15,250,2800,250.2,50,2150,2210600
NIFTY13OCT2217300PE.NFO,10/10/2022,09:29:05,252.55,252.6,250,252.9,750,750,2210600
NIFTY13OCT2217300PE.NFO,10/10/2022,09:29:06,252.15,251.95,50,252.4,200,1350,2210600
NIFTY13OCT2217300PE.NFO,10/10/2022,09:29:08,252.45,251.95,250,252.4,200,3200,2210600
NIFTY13OCT2217300PE.NFO,10/10/2022,09:29:09,250.25,250.1,150,250.55,1300,1600,2210600
NIFTY13OCT2217300PE.NFO,10/10/2022,09:29:10,249.15,249.65,50,250,300,900,2210600
NIFTY13OCT2217300PE.NFO,10/10/2022,09:29:11,248.3,247.85,100,248.2,50,450,2210600
NIFTY13OCT2217300PE.NFO,10/10/2022,09:29:12,248.2,248.05,150,248.4,50,50,2210600
NIFTY13OCT2217300PE.NFO,10/10/2022,09:29:13,249.85,249.85,2750,250,50,250,2210600
NIFTY13OCT2217300PE.NFO,10/10/2022,09:29:13,250.35,249.65,200,250.15,150,2950,2210600
NIFTY13OCT2217300PE.NFO,10/10/2022,09:29:15,250.6,250.25,250,250.65,50,450,2210600
NIFTY13OCT2217300PE.NFO,10/10/2022,09:29:16,251.1,250.75,50,251.1,50,500,2210600
NIFTY13OCT2217300PE.NFO,10/10/2022,09:29:17,251.2,251.4,150,251.75,100,2200,2210600
NIFTY13OCT2217300PE.NFO,10/10/2022,09:29:18,251.3,250.7,100,251.1,200,400,2210600
NIFTY13OCT2217300PE.NFO,10/10/2022,09:29:18,250.65,250.2,650,250.7,200,800,2210600
NIFTY13OCT2217300PE.NFO,10/10/2022,09:29:19,249.65,249.2,100,249.75,150,2300,2210600
NIFTY13OCT2217300PE.NFO,10/10/2022,09:29:21,249.7,249.2,600,249.8,300,750,2210600
NIFTY13OCT2217300PE.NFO,10/10/2022,09:29:22,248.6,248.85,500,249.35,100,550,2210600
NIFTY13OCT2217300PE.NFO,10/10/2022,09:29:23,249.9,249.9,350,250.3,200,900,2210600
NIFTY13OCT2217300PE.NFO,10/10/2022,09:29:24,251.1,251.05,150,251.4,550,1200,2210600
NIFTY13OCT2217300PE.NFO,10/10/2022,09:29:25,249.55,249.2,150,249.55,150,1350,2210600
NIFTY13OCT2217300PE.NFO,10/10/2022,09:29:26,249.2,248.5,100,248.95,50,500,2154150
NIFTY13OCT2217300PE.NFO,10/10/2022,09:29:27,247.45,247.1,150,247.5,250,2200,2154150
NIFTY13OCT2217300PE.NFO,10/10/2022,09:29:28,245,244.9,600,245.3,50,5450,2154150
NIFTY13OCT2217300PE.NFO,10/10/2022,09:29:29,245.7,245.6,150,245.9,300,2650,2154150
NIFTY13OCT2217300PE.NFO,10/10/2022,09:29:31,243.8,243.95,150,244.35,250,3250,2154150
NIFTY13OCT2217300PE.NFO,10/10/2022,09:29:33,243.15,243.1,50,243.55,250,3050,2154150
NIFTY13OCT2217300PE.NFO,10/10/2022,09:29:34,244,243.35,150,243.95,400,1200,2154150
NIFTY13OCT2217300PE.NFO,10/10/2022,09:29:35,244.8,244.4,200,245.05,750,1050,2154150
NIFTY13OCT2217300PE.NFO,10/10/2022,09:29:36,244.8,244.25,50,244.7,300,700,2154150
NIFTY13OCT2217300PE.NFO,10/10/2022,09:29:37,244,243.8,50,244.3,200,600,2154150
NIFTY13OCT2217300PE.NFO,10/10/2022,09:29:38,244.35,244,650,244.5,200,400,2154150
NIFTY13OCT2217300PE.NFO,10/10/2022,09:29:39,245.45,244.85,650,245.3,200,550,2154150
NIFTY13OCT2217300PE.NFO,10/10/2022,09:29:40,245.45,244.7,50,245,100,0,2154150
NIFTY13OCT2217300PE.NFO,10/10/2022,09:29:41,245.3,244.75,250,245.3,600,2050,2154150
NIFTY13OCT2217300PE.NFO,10/10/2022,09:29:42,244.5,244.35,400,244.8,200,900,2154150
NIFTY13OCT2217300PE.NFO,10/10/2022,09:29:43,245.1,244.6,650,245.1,200,3100,2154150
NIFTY13OCT2217300PE.NFO,10/10/2022,09:29:44,244.1,244.1,100,244.6,200,600,2154150
NIFTY13OCT2217300PE.NFO,10/10/2022,09:29:45,245.35,244.55,50,245,50,2250,2154150
NIFTY13OCT2217300PE.NFO,10/10/2022,09:29:46,244.1,244,50,244.35,50,800,2154150
NIFTY13OCT2217300PE.NFO,10/10/2022,09:29:47,244.15,244.15,50,244.6,150,1700,2154150
NIFTY13OCT2217300PE.NFO,10/10/2022,09:29:48,244.05,244.05,350,244.35,50,500,2154150
NIFTY13OCT2217300PE.NFO,10/10/2022,09:29:49,244.05,243.8,650,244.3,200,400,2154150
NIFTY13OCT2217300PE.NFO,10/10/2022,09:29:50,243.4,243.4,1350,243.9,100,2050,2154150
NIFTY13OCT2217300PE.NFO,10/10/2022,09:29:51,244.05,243.45,400,243.85,450,550,2154150
NIFTY13OCT2217300PE.NFO,10/10/2022,09:29:52,243.8,243.6,100,244,150,350,2154150
NIFTY13OCT2217300PE.NFO,10/10/2022,09:29:53,243.2,243.65,500,244.15,400,4300,2154150
NIFTY13OCT2217300PE.NFO,10/10/2022,09:29:54,243.7,243.25,100,243.75,200,2750,2154150
NIFTY13OCT2217300PE.NFO,10/10/2022,09:29:55,243.3,242.7,250,243.3,200,3300,2154150
NIFTY13OCT2217300PE.NFO,10/10/2022,09:29:56,242.7,242.6,50,243.15,100,650,2154150
NIFTY13OCT2217300PE.NFO,10/10/2022,09:29:57,242.25,242.2,50,242.55,50,300,2154150
NIFTY13OCT2217300PE.NFO,10/10/2022,09:29:58,243,242.8,50,243.2,250,500,2154150
NIFTY13OCT2217300PE.NFO,10/10/2022,09:29:59,241.35,241.55,250,242.1,350,2300,2154150
NIFTY13OCT2217300PE.NFO,10/10/2022,09:30:00,242.15,242.55,100,242.8,50,5550,2154150
NIFTY13OCT2217300PE.NFO,10/10/2022,09:30:01,242.45,242.2,200,242.7,300,4150,2154150
NIFTY13OCT2217300PE.NFO,10/10/2022,09:30:03,242.15,242.5,100,242.9,300,6700,2154150
NIFTY13OCT2217300PE.NFO,10/10/2022,09:30:04,243,242.6,50,243.05,50,3850,2154150
NIFTY13OCT2217300PE.NFO,10/10/2022,09:30:05,242.55,242.6,100,243.05,150,2200,2154150
NIFTY13OCT2217300PE.NFO,10/10/2022,09:30:06,242.45,243.35,100,243.8,400,2150,2154150
NIFTY13OCT2217300PE.NFO,10/10/2022,09:30:07,243.45,243.1,200,243.6,50,650,2154150
NIFTY13OCT2217300PE.NFO,10/10/2022,09:30:08,243.6,244.3,250,244.6,200,2100,2154150
NIFTY13OCT2217300PE.NFO,10/10/2022,09:30:09,244.45,244.1,100,244.45,250,350,2154150
NIFTY13OCT2217300PE.NFO,10/10/2022,09:30:10,244.6,244.1,100,244.35,150,1100,2154150
NIFTY13OCT2217300PE.NFO,10/10/2022,09:30:11,240.5,240.5,50,240.7,100,20050,2154150
NIFTY13OCT2217300PE.NFO,10/10/2022,09:30:13,241.05,241.1,100,241.65,100,1900,2154150
NIFTY13OCT2217300PE.NFO,10/10/2022,09:30:14,242.1,242,400,242.45,150,2800,2154150
NIFTY13OCT2217300PE.NFO,10/10/2022,09:30:15,242.35,242,100,242.35,400,450,2154150
NIFTY13OCT2217300PE.NFO,10/10/2022,09:30:16,242.8,242.1,200,242.45,50,2000,2154150
NIFTY13OCT2217300PE.NFO,10/10/2022,09:30:17,242.5,242.05,200,242.5,100,700,2154150
NIFTY13OCT2217300PE.NFO,10/10/2022,09:30:18,242.05,242.15,200,242.5,200,1350,2154150
NIFTY13OCT2217300PE.NFO,10/10/2022,09:30:19,242.1,242,100,242.35,250,200,2154150
NIFTY13OCT2217300PE.NFO,10/10/2022,09:30:20,241.3,241.7,100,242,600,1450,2154150
NIFTY13OCT2217300PE.NFO,10/10/2022,09:30:21,241.55,241.3,100,241.65,150,1200,2154150
NIFTY13OCT2217300PE.NFO,10/10/2022,09:30:22,242,241.4,100,241.85,650,1350,2154150
NIFTY13OCT2217300PE.NFO,10/10/2022,09:30:23,242.45,242.1,50,242.3,650,450,2154150
NIFTY13OCT2217300PE.NFO,10/10/2022,09:30:24,242.25,242,250,242.4,200,1050,2154150
NIFTY13OCT2217300PE.NFO,10/10/2022,09:30:25,240.5,241.25,100,241.55,50,450,2154150
NIFTY13OCT2217300PE.NFO,10/10/2022,09:30:26,241.7,241.35,100,241.65,600,1100,2154150
NIFTY13OCT2217300PE.NFO,10/10/2022,09:30:27,241.55,241.3,50,241.7,100,1000,2154150
NIFTY13OCT2217300PE.NFO,10/10/2022,09:30:28,241.3,241.05,100,241.45,600,50,2154150
NIFTY13OCT2217300PE.NFO,10/10/2022,09:30:29,245.3,245.7,100,246.05,200,11000,2154150
NIFTY13OCT2217300PE.NFO,10/10/2022,09:30:31,246.4,246.05,100,246.3,250,2850,2154150
NIFTY13OCT2217300PE.NFO,10/10/2022,09:30:32,248.4,247.95,100,248.25,200,950,2154150
NIFTY13OCT2217300PE.NFO,10/10/2022,09:30:34,249.1,248.5,650,248.9,200,3000,2154150
NIFTY13OCT2217300PE.NFO,10/10/2022,09:30:35,247.25,247.35,250,247.7,200,450,2154150
NIFTY13OCT2217300PE.NFO,10/10/2022,09:30:36,247.85,247.75,100,247.85,150,750,2154150
NIFTY13OCT2217300PE.NFO,10/10/2022,09:30:37,247.75,247.1,250,247.5,200,1650,2154150
NIFTY13OCT2217300PE.NFO,10/10/2022,09:30:38,247.15,247.35,100,247.6,350,400,2154150
NIFTY13OCT2217300PE.NFO,10/10/2022,09:30:39,246.95,247.05,100,247.3,150,350,2154150
NIFTY13OCT2217300PE.NFO,10/10/2022,09:30:40,246.25,246.25,100,246.55,250,400,2154150
NIFTY13OCT2217300PE.NFO,10/10/2022,09:30:41,246.55,246.25,650,246.7,100,400,2154150
NIFTY13OCT2217300PE.NFO,10/10/2022,09:30:42,243.55,243.2,100,243.45,200,1800,2154150
NIFTY13OCT2217300PE.NFO,10/10/2022,09:30:44,242,241.65,150,241.95,150,1150,2154150
NIFTY13OCT2217300PE.NFO,10/10/2022,09:30:45,239.25,239.05,500,239.5,100,4600,2154150
NIFTY13OCT2217300PE.NFO,10/10/2022,09:30:47,240.4,240.45,200,240.55,50,1150,2154150
NIFTY13OCT2217300PE.NFO,10/10/2022,09:30:48,242,242,150,242.35,50,750,2154150
NIFTY13OCT2217300PE.NFO,10/10/2022,09:30:49,240.85,240.45,150,240.85,250,900,2154150
NIFTY13OCT2217300PE.NFO,10/10/2022,09:30:51,240.6,240.45,150,240.85,150,450,2154150
NIFTY13OCT2217300PE.NFO,10/10/2022,09:30:52,240.45,239.8,200,240.15,50,450,2154150
NIFTY13OCT2217300PE.NFO,10/10/2022,09:30:53,241.25,240.95,350,241.4,100,1450,2154150
NIFTY13OCT2217300PE.NFO,10/10/2022,09:30:54,242.9,242.8,250,243.05,100,700,2154150
NIFTY13OCT2217300PE.NFO,10/10/2022,09:30:55,245,244.4,350,244.8,100,2050,2154150
NIFTY13OCT2217300PE.NFO,10/10/2022,09:30:56,244.35,243.6,200,244.05,900,3400,2154150
NIFTY13OCT2217300PE.NFO,10/10/2022,09:30:57,244.15,243.65,250,244.1,200,150,2154150
NIFTY13OCT2217300PE.NFO,10/10/2022,09:30:58,244.15,243.2,200,243.65,450,0,2154150
NIFTY13OCT2217300PE.NFO,10/10/2022,09:30:59,243.7,242.45,150,242.9,100,50,2154150
NIFTY13OCT2217300PE.NFO,10/10/2022,09:31:00,241.6,241,100,241.4,750,600,2154150
NIFTY13OCT2217300PE.NFO,10/10/2022,09:31:01,240.75,240.35,300,240.75,300,1700,2154150
NIFTY13OCT2217300PE.NFO,10/10/2022,09:31:02,241.7,241.4,200,241.8,100,500,2154150
NIFTY13OCT2217300PE.NFO,10/10/2022,09:31:03,241.35,241.6,150,241.9,50,550,2154150
NIFTY13OCT2217300PE.NFO,10/10/2022,09:31:05,241.05,240.6,300,240.95,200,750,2154150
NIFTY13OCT2217300PE.NFO,10/10/2022,09:31:06,240.95,240.95,50,241.2,150,1550,2154150
NIFTY13OCT2217300PE.NFO,10/10/2022,09:31:07,240.1,240.2,50,240.6,100,850,2154150
NIFTY13OCT2217300PE.NFO,10/10/2022,09:31:08,242.5,242.4,200,242.7,350,250,2154150
NIFTY13OCT2217300PE.NFO,10/10/2022,09:31:09,242.2,241.7,300,242.15,100,1100,2154150
NIFTY13OCT2217300PE.NFO,10/10/2022,09:31:10,242.7,242.1,300,242.6,450,600,2154150
NIFTY13OCT2217300PE.NFO,10/10/2022,09:31:11,242.2,241.8,300,242.15,50,900,2154150
NIFTY13OCT2217300PE.NFO,10/10/2022,09:31:12,241.85,241.95,150,242.3,50,50,2154150
NIFTY13OCT2217300PE.NFO,10/10/2022,09:31:13,242.25,242.75,250,243.15,100,850,2154150
NIFTY13OCT2217300PE.NFO,10/10/2022,09:31:14,243,242.8,300,243.35,800,150,2154150
NIFTY13OCT2217300PE.NFO,10/10/2022,09:31:15,243.8,243.5,300,243.9,250,650,2154150
NIFTY13OCT2217300PE.NFO,10/10/2022,09:31:16,245.55,245.85,50,246,100,2200,2154150
NIFTY13OCT2217300PE.NFO,10/10/2022,09:31:17,245.7,245.3,50,245.65,100,200,2154150
NIFTY13OCT2217300PE.NFO,10/10/2022,09:31:18,244.9,245,200,245.35,200,50,2154150
NIFTY13OCT2217300PE.NFO,10/10/2022,09:31:19,244.9,245,200,245.4,250,250,2154150
NIFTY13OCT2217300PE.NFO,10/10/2022,09:31:20,244.55,243.9,250,244.4,450,3100,2154150
NIFTY13OCT2217300PE.NFO,10/10/2022,09:31:21,243.35,243.65,300,244.05,400,4450,2154150
NIFTY13OCT2217300PE.NFO,10/10/2022,09:31:22,245.45,244.4,300,244.75,50,650,2154150
NIFTY13OCT2217300PE.NFO,10/10/2022,09:31:23,245.5,244.95,150,245.35,150,250,2154150
NIFTY13OCT2217300PE.NFO,10/10/2022,09:31:24,244.2,243.65,300,244,50,200,2154150
NIFTY13OCT2217300PE.NFO,10/10/2022,09:31:25,243,242.5,300,242.85,50,900,2154150
NIFTY13OCT2217300PE.NFO,10/10/2022,09:31:27,240.45,240.4,150,240.75,50,3000,2154150
NIFTY13OCT2217300PE.NFO,10/10/2022,09:31:28,240.65,240.6,100,240.9,50,100,2154150
NIFTY13OCT2217300PE.NFO,10/10/2022,09:31:29,240.5,240.5,100,240.95,50,1000,2154150
NIFTY13OCT2217300PE.NFO,10/10/2022,09:31:30,241.65,243.2,450,243.6,250,200,2154150
NIFTY13OCT2217300PE.NFO,10/10/2022,09:31:31,244.65,244.75,300,245,250,1250,2154150
NIFTY13OCT2217300PE.NFO,10/10/2022,09:31:32,245,244.55,450,245,100,800,2154150
NIFTY13OCT2217300PE.NFO,10/10/2022,09:31:33,243.5,243.25,100,243.55,50,6000,2154150
NIFTY13OCT2217300PE.NFO,10/10/2022,09:31:34,243.7,243.9,150,244.3,200,550,2154150
NIFTY13OCT2217300PE.NFO,10/10/2022,09:31:35,243.9,243.5,100,244,250,200,2154150
NIFTY13OCT2217300PE.NFO,10/10/2022,09:31:36,244.1,244.1,100,244.5,50,250,2154150
NIFTY13OCT2217300PE.NFO,10/10/2022,09:31:37,244.4,244.05,150,244.4,100,50,2154150
NIFTY13OCT2217300PE.NFO,10/10/2022,09:31:38,244.7,244.55,150,244.95,50,350,2154150
NIFTY13OCT2217300PE.NFO,10/10/2022,09:31:39,245.6,245.55,100,246,1950,750,2154150
NIFTY13OCT2217300PE.NFO,10/10/2022,09:31:40,246.1,245.9,300,246.25,150,2050,2154150
NIFTY13OCT2217300PE.NFO,10/10/2022,09:31:41,246.2,245.9,100,246.2,50,2100,2154150
NIFTY13OCT2217300PE.NFO,10/10/2022,09:31:43,247.4,247.3,200,247.55,150,2000,2154150
NIFTY13OCT2217300PE.NFO,10/10/2022,09:31:44,246.35,246.35,200,246.8,200,650,2154150
NIFTY13OCT2217300PE.NFO,10/10/2022,09:31:45,248.15,247.4,200,247.85,150,500,2154150
NIFTY13OCT2217300PE.NFO,10/10/2022,09:31:46,247.25,246.95,200,247.35,200,900,2154150
NIFTY13OCT2217300PE.NFO,10/10/2022,09:31:47,246.65,246.65,300,247.15,50,500,2154150
NIFTY13OCT2217300PE.NFO,10/10/2022,09:31:48,247.75,247.1,650,247.5,50,2300,2154150
NIFTY13OCT2217300PE.NFO,10/10/2022,09:31:49,247.45,247.1,100,247.55,150,950,2154150
NIFTY13OCT2217300PE.NFO,10/10/2022,09:31:50,247,247,800,247.3,300,1500,2154150
NIFTY13OCT2217300PE.NFO,10/10/2022,09:31:52,246.65,246.05,350,246.5,350,2400,2154150
NIFTY13OCT2217300PE.NFO,10/10/2022,09:31:52,246.65,246.1,100,246.5,350,0,2154150
NIFTY13OCT2217300PE.NFO,10/10/2022,09:31:53,245.4,245.1,50,245.3,200,250,2154150
NIFTY13OCT2217300PE.NFO,10/10/2022,09:31:54,244,243.9,50,244.2,350,3850,2154150
NIFTY13OCT2217300PE.NFO,10/10/2022,09:31:55,243.7,242.25,150,242.45,50,400,2154150
NIFTY13OCT2217300PE.NFO,10/10/2022,09:31:57,242,241.4,100,241.8,300,900,2154150
NIFTY13OCT2217300PE.NFO,10/10/2022,09:31:58,241.9,241.05,100,241.5,350,1850,2154150
NIFTY13OCT2217300PE.NFO,10/10/2022,09:31:59,242.75,242.45,850,242.9,200,800,2154150
NIFTY13OCT2217300PE.NFO,10/10/2022,09:31:59,242.9,242.35,150,242.8,300,50,2154150
NIFTY13OCT2217300PE.NFO,10/10/2022,09:32:00,242.55,242.05,600,242.5,50,650,2154150
NIFTY13OCT2217300PE.NFO,10/10/2022,09:32:01,243.05,242.75,350,243.2,200,800,2154150
NIFTY13OCT2217300PE.NFO,10/10/2022,09:32:02,243.6,243.65,250,244,300,50,2154150
NIFTY13OCT2217300PE.NFO,10/10/2022,09:32:04,242.8,242.8,400,243.15,300,400,2154150
NIFTY13OCT2217300PE.NFO,10/10/2022,09:32:04,242.8,242.8,400,243.1,100,0,2154150
NIFTY13OCT2217300PE.NFO,10/10/2022,09:32:05,242.45,242.3,200,242.6,1000,450,2154150
NIFTY13OCT2217300PE.NFO,10/10/2022,09:32:06,242,241.9,50,242.2,400,2200,2154150
NIFTY13OCT2217300PE.NFO,10/10/2022,09:32:07,238.75,238.65,300,239.2,700,8950,2154150
NIFTY13OCT2217300PE.NFO,10/10/2022,09:32:09,238,238,950,238.3,200,600,2154150
NIFTY13OCT2217300PE.NFO,10/10/2022,09:32:10,237.35,238.3,150,238.7,200,1550,2154150
NIFTY13OCT2217300PE.NFO,10/10/2022,09:32:11,238.15,238.05,300,238.4,200,850,2154150
NIFTY13OCT2217300PE.NFO,10/10/2022,09:32:12,238.85,238.8,400,239.2,200,900,2154150
NIFTY13OCT2217300PE.NFO,10/10/2022,09:32:13,239.6,239.9,150,240.3,50,500,2154150
NIFTY13OCT2217300PE.NFO,10/10/2022,09:32:14,239.4,239.85,200,240.2,100,400,2154150
NIFTY13OCT2217300PE.NFO,10/10/2022,09:32:15,239.15,238.55,200,238.95,150,550,2154150
NIFTY13OCT2217300PE.NFO,10/10/2022,09:32:16,238.85,238.75,350,239.2,200,150,2154150
NIFTY13OCT2217300PE.NFO,10/10/2022,09:32:17,238.65,238.75,400,239.2,200,2500,2154150
NIFTY13OCT2217300PE.NFO,10/10/2022,09:32:19,237.2,237.05,50,237.4,150,700,2154150
NIFTY13OCT2217300PE.NFO,10/10/2022,09:32:20,237.3,237,850,237.35,100,950,2154150
NIFTY13OCT2217300PE.NFO,10/10/2022,09:32:21,237,237,800,237.25,50,2000,2154150
NIFTY13OCT2217300PE.NFO,10/10/2022,09:32:21,237.2,237.15,250,237.6,1000,300,2154150
NIFTY13OCT2217300PE.NFO,10/10/2022,09:32:22,236.15,236.1,650,236.5,200,1350,2154150
NIFTY13OCT2217300PE.NFO,10/10/2022,09:32:23,234.85,234.65,300,235.15,600,5000,2154150
NIFTY13OCT2217300PE.NFO,10/10/2022,09:32:24,236.75,235.55,250,236,200,1800,2144750
NIFTY13OCT2217300PE.NFO,10/10/2022,09:32:25,236,235.9,200,236.4,200,900,2144750
NIFTY13OCT2217300PE.NFO,10/10/2022,09:32:26,235.5,235.5,150,235.9,200,1100,2144750
NIFTY13OCT2217300PE.NFO,10/10/2022,09:32:28,234.1,234.2,1000,234.6,200,950,2144750
NIFTY13OCT2217300PE.NFO,10/10/2022,09:32:29,234.65,234.65,150,235,50,1800,2144750
NIFTY13OCT2217300PE.NFO,10/10/2022,09:32:30,234.4,234.45,150,234.8,200,1200,2144750
NIFTY13OCT2217300PE.NFO,10/10/2022,09:32:31,234.9,234.9,200,235.4,50,2500,2144750
NIFTY13OCT2217300PE.NFO,10/10/2022,09:32:33,236,235.9,750,236.3,200,1500,2144750
NIFTY13OCT2217300PE.NFO,10/10/2022,09:32:34,235.55,235.4,150,235.9,450,350,2144750
NIFTY13OCT2217300PE.NFO,10/10/2022,09:32:34,235.2,235.2,150,235.7,200,50,2144750
NIFTY13OCT2217300PE.NFO,10/10/2022,09:32:35,234.85,234.8,1050,235.15,350,1450,2144750
NIFTY13OCT2217300PE.NFO,10/10/2022,09:32:36,236.15,235.95,500,236.25,400,1800,2144750
NIFTY13OCT2217300PE.NFO,10/10/2022,09:32:37,235.6,235.4,600,235.8,200,400,2144750
NIFTY13OCT2217300PE.NFO,10/10/2022,09:32:39,237.15,236.8,450,237.3,650,4550,2144750
NIFTY13OCT2217300PE.NFO,10/10/2022,09:32:40,238.9,238.9,350,239.15,500,1200,2144750
NIFTY13OCT2217300PE.NFO,10/10/2022,09:32:41,240.5,239.9,250,240.45,600,7950,2144750
NIFTY13OCT2217300PE.NFO,10/10/2022,09:32:43,240.15,239.9,250,240.35,150,1600,2144750
NIFTY13OCT2217300PE.NFO,10/10/2022,09:32:44,241.1,240.45,150,240.95,800,1100,2144750
NIFTY13OCT2217300PE.NFO,10/10/2022,09:32:45,240.4,240.4,250,240.85,150,150,2144750
NIFTY13OCT2217300PE.NFO,10/10/2022,09:32:45,240.95,241.2,550,241.7,350,50,2144750
NIFTY13OCT2217300PE.NFO,10/10/2022,09:32:46,241.65,241.75,350,241.85,50,1800,2144750
NIFTY13OCT2217300PE.NFO,10/10/2022,09:32:47,242.1,241.7,250,242.2,250,1100,2144750
NIFTY13OCT2217300PE.NFO,10/10/2022,09:32:48,242,241.55,100,241.8,400,900,2144750
NIFTY13OCT2217300PE.NFO,10/10/2022,09:32:49,243.15,242.05,150,242.55,200,1400,2144750
NIFTY13OCT2217300PE.NFO,10/10/2022,09:32:51,243.95,243.45,800,244,350,1250,2144750
NIFTY13OCT2217300PE.NFO,10/10/2022,09:32:52,243.65,243.7,400,244.2,300,500,2144750
NIFTY13OCT2217300PE.NFO,10/10/2022,09:32:53,243.7,243.45,250,243.9,300,4300,2144750
NIFTY13OCT2217300PE.NFO,10/10/2022,09:32:54,242.7,242.25,50,242.55,600,1250,2144750
NIFTY13OCT2217300PE.NFO,10/10/2022,09:32:55,242.1,241.8,350,242.3,800,1950,2144750
NIFTY13OCT2217300PE.NFO,10/10/2022,09:32:57,241,240.4,50,240.7,350,1600,2144750
NIFTY13OCT2217300PE.NFO,10/10/2022,09:32:58,239.85,239.65,50,239.8,200,850,2144750
NIFTY13OCT2217300PE.NFO,10/10/2022,09:32:59,239.55,239.75,350,240.2,250,2300,2144750
NIFTY13OCT2217300PE.NFO,10/10/2022,09:33:00,239.1,238.65,50,238.75,400,400,2144750
NIFTY13OCT2217300PE.NFO,10/10/2022,09:33:02,235.7,235.75,300,236,50,3600,2144750
NIFTY13OCT2217300PE.NFO,10/10/2022,09:33:03,236.95,236.85,50,237.25,550,900,2144750
NIFTY13OCT2217300PE.NFO,10/10/2022,09:33:04,238.05,237.7,250,238.1,150,500,2144750
NIFTY13OCT2217300PE.NFO,10/10/2022,09:33:05,238.15,237.8,750,238.2,200,750,2144750
NIFTY13OCT2217300PE.NFO,10/10/2022,09:33:06,239.7,239.5,50,239.65,50,1450,2144750
NIFTY13OCT2217300PE.NFO,10/10/2022,09:33:08,239.5,239.45,50,239.85,250,950,2144750
NIFTY13OCT2217300PE.NFO,10/10/2022,09:33:09,240.35,240.05,50,240.35,300,100,2144750
NIFTY13OCT2217300PE.NFO,10/10/2022,09:33:09,241,240.95,50,241.25,350,100,2144750
NIFTY13OCT2217300PE.NFO,10/10/2022,09:33:10,241.1,240.65,250,241,300,600,2144750
NIFTY13OCT2217300PE.NFO,10/10/2022,09:33:11,242.5,242.15,350,242.55,100,900,2144750
NIFTY13OCT2217300PE.NFO,10/10/2022,09:33:12,241.1,240.3,950,240.9,300,500,2144750
NIFTY13OCT2217300PE.NFO,10/10/2022,09:33:13,242.1,241.75,800,242.3,200,1250,2144750
NIFTY13OCT2217300PE.NFO,10/10/2022,09:33:14,241.65,241.4,50,241.65,200,450,2144750
NIFTY13OCT2217300PE.NFO,10/10/2022,09:33:16,241.3,240.8,1000,241.3,350,1850,2144750
NIFTY13OCT2217300PE.NFO,10/10/2022,09:33:16,241.3,241.25,50,241.4,200,0,2144750
NIFTY13OCT2217300PE.NFO,10/10/2022,09:33:17,242.35,242.45,50,242.7,150,800,2144750
NIFTY13OCT2217300PE.NFO,10/10/2022,09:33:18,242.15,241.55,50,242.05,350,2000,2144750
NIFTY13OCT2217300PE.NFO,10/10/2022,09:33:19,242.9,242.6,700,243,250,5750,2144750
NIFTY13OCT2217300PE.NFO,10/10/2022,09:33:20,242.1,241.7,200,242,150,400,2144750
NIFTY13OCT2217300PE.NFO,10/10/2022,09:33:21,242.15,241.45,100,241.9,300,2200,2144750
NIFTY13OCT2217300PE.NFO,10/10/2022,09:33:23,242,241.9,400,242.35,550,150,2144750
NIFTY13OCT2217300PE.NFO,10/10/2022,09:33:23,241,241.1,400,241.55,250,300,2144750
NIFTY13OCT2217300PE.NFO,10/10/2022,09:33:24,241.4,241.45,300,241.8,50,850,2144750
NIFTY13OCT2217300PE.NFO,10/10/2022,09:33:25,242.15,242.2,150,242.55,50,450,2144750
NIFTY13OCT2217300PE.NFO,10/10/2022,09:33:27,244.35,244.4,250,244.5,200,3150,2144750
NIFTY13OCT2217300PE.NFO,10/10/2022,09:33:28,244.55,244.2,200,244.55,150,600,2144750
NIFTY13OCT2217300PE.NFO,10/10/2022,09:33:29,243.55,242.75,350,243.35,200,1200,2144750
NIFTY13OCT2217300PE.NFO,10/10/2022,09:33:30,242.6,242.55,300,243.05,350,1150,2144750
NIFTY13OCT2217300PE.NFO,10/10/2022,09:33:31,243.05,243.05,150,243.45,50,1700,2144750
NIFTY13OCT2217300PE.NFO,10/10/2022,09:33:32,242.4,241.45,250,242.1,1150,2400,2144750
NIFTY13OCT2217300PE.NFO,10/10/2022,09:33:34,240,239.6,1150,240.2,250,3950,2144750
NIFTY13OCT2217300PE.NFO,10/10/2022,09:33:35,240.05,239.7,700,240.1,50,100,2144750
NIFTY13OCT2217300PE.NFO,10/10/2022,09:33:36,240.7,240.5,200,240.9,200,2500,2144750
NIFTY13OCT2217300PE.NFO,10/10/2022,09:33:36,240.3,240.2,250,240.65,50,100,2144750
NIFTY13OCT2217300PE.NFO,10/10/2022,09:33:37,241.85,241.05,150,241.55,800,200,2144750
NIFTY13OCT2217300PE.NFO,10/10/2022,09:33:38,240.55,240.55,200,241,50,400,2144750
NIFTY13OCT2217300PE.NFO,10/10/2022,09:33:39,241.45,240.95,150,241.45,150,300,2144750
NIFTY13OCT2217300PE.NFO,10/10/2022,09:33:40,241.2,241,50,241.35,50,400,2144750
NIFTY13OCT2217300PE.NFO,10/10/2022,09:33:41,241.3,241.2,50,241.5,200,550,2144750
NIFTY13OCT2217300PE.NFO,10/10/2022,09:33:42,242.55,242.3,200,242.75,300,1650,2144750
NIFTY13OCT2217300PE.NFO,10/10/2022,09:33:44,241.45,241,400,241.45,150,300,2144750
NIFTY13OCT2217300PE.NFO,10/10/2022,09:33:45,241.35,241.25,200,241.7,250,650,2144750
NIFTY13OCT2217300PE.NFO,10/10/2022,09:33:46,243.35,243.05,200,243.4,100,3100,2144750
NIFTY13OCT2217300PE.NFO,10/10/2022,09:33:47,243.4,243.65,50,243.75,300,400,2144750
NIFTY13OCT2217300PE.NFO,10/10/2022,09:33:48,242.4,241.95,1000,242.4,100,500,2144750
NIFTY13OCT2217300PE.NFO,10/10/2022,09:33:49,242.7,241.9,150,242.2,50,250,2144750
NIFTY13OCT2217300PE.NFO,10/10/2022,09:33:51,241.55,241.35,200,241.75,300,1850,2144750
NIFTY13OCT2217300PE.NFO,10/10/2022,09:33:51,241.55,241.35,200,241.75,300,0,2144750
NIFTY13OCT2217300PE.NFO,10/10/2022,09:33:52,242.35,242.6,250,243,550,700,2144750
NIFTY13OCT2217300PE.NFO,10/10/2022,09:33:53,242.2,242.35,50,242.8,250,50,2144750
NIFTY13OCT2217300PE.NFO,10/10/2022,09:33:54,242.95,243.65,50,243.95,250,1100,2144750
NIFTY13OCT2217300PE.NFO,10/10/2022,09:33:55,243.85,243.55,250,243.95,300,800,2144750
NIFTY13OCT2217300PE.NFO,10/10/2022,09:33:56,243.55,243.5,450,244,750,400,2144750
NIFTY13OCT2217300PE.NFO,10/10/2022,09:33:57,244.15,244.2,150,244.55,50,800,2144750
NIFTY13OCT2217300PE.NFO,10/10/2022,09:33:59,244.8,244.85,50,245.2,100,4500,2144750
NIFTY13OCT2217300PE.NFO,10/10/2022,09:34:00,245.25,244.9,150,245.25,200,600,2144750
NIFTY13OCT2217300PE.NFO,10/10/2022,09:34:01,244.1,244.05,200,244.45,300,150,2144750
NIFTY13OCT2217300PE.NFO,10/10/2022,09:34:02,244.3,244.25,600,244.6,200,1100,2144750
NIFTY13OCT2217300PE.NFO,10/10/2022,09:34:04,244.9,245.25,100,245.55,100,1500,2144750
NIFTY13OCT2217300PE.NFO,10/10/2022,09:34:04,245,245,200,245.4,100,550,2144750
NIFTY13OCT2217300PE.NFO,10/10/2022,09:34:06,245.35,245.35,150,245.6,250,1650,2144750
NIFTY13OCT2217300PE.NFO,10/10/2022,09:34:07,245.65,245.15,50,245.45,50,650,2144750
NIFTY13OCT2217300PE.NFO,10/10/2022,09:34:08,245.75,245.4,300,245.75,150,3250,2144750
NIFTY13OCT2217300PE.NFO,10/10/2022,09:34:08,245.35,244.95,150,245.4,250,1900,2144750
NIFTY13OCT2217300PE.NFO,10/10/2022,09:34:09,245.9,245.2,100,245.5,150,850,2144750
NIFTY13OCT2217300PE.NFO,10/10/2022,09:34:10,245.85,245.25,200,245.8,250,550,2144750
NIFTY13OCT2217300PE.NFO,10/10/2022,09:34:11,245.4,245.4,150,245.95,200,250,2144750
NIFTY13OCT2217300PE.NFO,10/10/2022,09:34:12,247,246.8,450,247.15,150,2400,2144750
NIFTY13OCT2217300PE.NFO,10/10/2022,09:34:13,245.95,245.75,450,246,50,850,2144750
NIFTY13OCT2217300PE.NFO,10/10/2022,09:34:14,247.2,247.2,150,247.55,100,2900,2144750
NIFTY13OCT2217300PE.NFO,10/10/2022,09:34:16,247.25,247.15,250,247.65,950,1300,2144750
NIFTY13OCT2217300PE.NFO,10/10/2022,09:34:17,248.1,247.6,1200,248.1,350,550,2144750
NIFTY13OCT2217300PE.NFO,10/10/2022,09:34:18,248.45,248.15,550,248.5,50,400,2144750
NIFTY13OCT2217300PE.NFO,10/10/2022,09:34:18,249,248.75,850,249,50,1000,2144750
NIFTY13OCT2217300PE.NFO,10/10/2022,09:34:19,249.6,249.15,200,249.55,150,700,2144750
NIFTY13OCT2217300PE.NFO,10/10/2022,09:34:20,249.2,249.45,150,249.9,150,500,2144750
NIFTY13OCT2217300PE.NFO,10/10/2022,09:34:21,249.55,249.4,400,249.85,50,700,2144750
NIFTY13OCT2217300PE.NFO,10/10/2022,09:34:22,249.15,248.95,250,249.25,50,2350,2144750
NIFTY13OCT2217300PE.NFO,10/10/2022,09:34:23,249.9,249.35,500,249.9,50,850,2144750
NIFTY13OCT2217300PE.NFO,10/10/2022,09:34:25,250.45,249.95,250,250.5,150,4450,2144750
NIFTY13OCT2217300PE.NFO,10/10/2022,09:34:26,250.35,250.6,400,251,500,350,2144750
NIFTY13OCT2217300PE.NFO,10/10/2022,09:34:27,250,250,1600,250.4,150,750,2144750
NIFTY13OCT2217300PE.NFO,10/10/2022,09:34:28,250.8,250,750,250.35,400,400,2144750
NIFTY13OCT2217300PE.NFO,10/10/2022,09:34:29,250.35,250.25,100,250.65,150,2650,2144750
NIFTY13OCT2217300PE.NFO,10/10/2022,09:34:30,252,251.55,600,252,1150,750,2144750
NIFTY13OCT2217300PE.NFO,10/10/2022,09:34:31,251.7,251.75,150,252,550,1950,2144750
NIFTY13OCT2217300PE.NFO,10/10/2022,09:34:32,252,251.9,200,252.35,900,1850,2144750
NIFTY13OCT2217300PE.NFO,10/10/2022,09:34:33,252.75,252.15,100,252.6,250,150,2144750
NIFTY13OCT2217300PE.NFO,10/10/2022,09:34:34,251.75,251.5,50,251.8,750,1950,2144750
NIFTY13OCT2217300PE.NFO,10/10/2022,09:34:36,251.85,252.2,250,252.55,150,1550,2144750
NIFTY13OCT2217300PE.NFO,10/10/2022,09:34:37,252.5,252,50,252.15,100,1600,2144750
NIFTY13OCT2217300PE.NFO,10/10/2022,09:34:38,252.1,251.6,350,252,200,1750,2144750
NIFTY13OCT2217300PE.NFO,10/10/2022,09:34:39,253.7,253.3,100,253.65,550,3450,2144750
NIFTY13OCT2217300PE.NFO,10/10/2022,09:34:39,253.7,253.4,350,253.7,150,350,2144750
NIFTY13OCT2217300PE.NFO,10/10/2022,09:34:41,254.55,254.25,50,254.45,50,2250,2144750
NIFTY13OCT2217300PE.NFO,10/10/2022,09:34:42,252.8,252.9,50,253.25,150,1450,2144750
NIFTY13OCT2217300PE.NFO,10/10/2022,09:34:43,252.85,252.5,50,252.65,50,300,2144750
NIFTY13OCT2217300PE.NFO,10/10/2022,09:34:44,252.35,251.85,350,252.25,350,1050,2144750
NIFTY13OCT2217300PE.NFO,10/10/2022,09:34:44,251.75,251.8,100,252.1,300,250,2144750
NIFTY13OCT2217300PE.NFO,10/10/2022,09:34:45,253.65,253.65,250,253.85,150,2200,2144750
NIFTY13OCT2217300PE.NFO,10/10/2022,09:34:46,253.1,252.85,50,253.05,100,1200,2144750
NIFTY13OCT2217300PE.NFO,10/10/2022,09:34:47,252.6,252.4,250,252.85,250,4900,2144750
NIFTY13OCT2217300PE.NFO,10/10/2022,09:34:48,253.75,253.5,350,253.95,150,1400,2144750
NIFTY13OCT2217300PE.NFO,10/10/2022,09:34:50,252.85,252.85,50,253.15,150,1000,2144750
NIFTY13OCT2217300PE.NFO,10/10/2022,09:34:51,252.65,252.4,300,252.75,50,4150,2144750
NIFTY13OCT2217300PE.NFO,10/10/2022,09:34:52,252.95,252.15,100,252.65,350,900,2144750
NIFTY13OCT2217300PE.NFO,10/10/2022,09:34:53,253.05,252.6,350,253,1100,2250,2144750
NIFTY13OCT2217300PE.NFO,10/10/2022,09:34:53,252.5,252.1,50,252.4,100,250,2144750
NIFTY13OCT2217300PE.NFO,10/10/2022,09:34:54,252.1,252.1,100,252.55,250,900,2144750
NIFTY13OCT2217300PE.NFO,10/10/2022,09:34:55,253.35,252.75,350,253.2,250,250,2144750
NIFTY13OCT2217300PE.NFO,10/10/2022,09:34:56,252.65,253.25,250,253.7,150,100,2144750
NIFTY13OCT2217300PE.NFO,10/10/2022,09:34:58,255.3,255.3,50,255.55,50,11800,2144750
NIFTY13OCT2217300PE.NFO,10/10/2022,09:34:59,255.7,255.7,200,255.95,150,3800,2144750
NIFTY13OCT2217300PE.NFO,10/10/2022,09:35:00,255.3,254.8,50,255.2,250,1000,2144750
NIFTY13OCT2217300PE.NFO,10/10/2022,09:35:01,256.05,256.1,150,256.5,300,4000,2144750
NIFTY13OCT2217300PE.NFO,10/10/2022,09:35:03,256.9,257.05,300,257.45,100,7900,2144750
NIFTY13OCT2217300PE.NFO,10/10/2022,09:35:04,257.2,257.05,600,257.4,150,3600,2144750
NIFTY13OCT2217300PE.NFO,10/10/2022,09:35:05,257.1,256.8,400,257.25,150,2500,2144750
NIFTY13OCT2217300PE.NFO,10/10/2022,09:35:06,257.25,257.3,200,257.55,150,2350,2144750
NIFTY13OCT2217300PE.NFO,10/10/2022,09:35:06,257.15,257,50,257.2,150,1100,2144750
NIFTY13OCT2217300PE.NFO,10/10/2022,09:35:07,258,257.5,150,257.95,200,4700,2144750
NIFTY13OCT2217300PE.NFO,10/10/2022,09:35:08,256.5,256.45,450,257,300,2550,2144750
NIFTY13OCT2217300PE.NFO,10/10/2022,09:35:09,256.85,256.4,200,256.85,50,4450,2144750
NIFTY13OCT2217300PE.NFO,10/10/2022,09:35:11,258.4,258,350,258.45,200,4250,2144750
NIFTY13OCT2217300PE.NFO,10/10/2022,09:35:12,257.95,257.95,400,258.4,150,550,2144750
NIFTY13OCT2217300PE.NFO,10/10/2022,09:35:13,258.9,258.6,150,259,1200,2900,2144750
NIFTY13OCT2217300PE.NFO,10/10/2022,09:35:14,257.6,257.6,1000,258,150,3050,2144750
NIFTY13OCT2217300PE.NFO,10/10/2022,09:35:15,257.35,257.65,450,258.1,150,3850,2144750
NIFTY13OCT2217300PE.NFO,10/10/2022,09:35:16,258.4,258.45,400,258.6,50,200,2144750
NIFTY13OCT2217300PE.NFO,10/10/2022,09:35:17,258.5,258.3,150,258.6,150,1700,2144750
NIFTY13OCT2217300PE.NFO,10/10/2022,09:35:18,258.05,258.25,450,258.7,150,2000,2144750
NIFTY13OCT2217300PE.NFO,10/10/2022,09:35:19,258.5,258.5,150,258.85,150,1900,2144750
NIFTY13OCT2217300PE.NFO,10/10/2022,09:35:21,257.95,257.9,200,258.4,300,3550,2144750
NIFTY13OCT2217300PE.NFO,10/10/2022,09:35:22,258.9,258.8,50,259,1950,4050,2144750
NIFTY13OCT2217300PE.NFO,10/10/2022,09:35:23,259,258.4,50,258.8,350,2700,2144750
NIFTY13OCT2217300PE.NFO,10/10/2022,09:35:24,258.65,258.7,550,259.15,200,1200,2144750
NIFTY13OCT2217300PE.NFO,10/10/2022,09:35:25,259.7,259.35,50,259.4,150,4450,2144750
NIFTY13OCT2217300PE.NFO,10/10/2022,09:35:26,259.7,258.7,250,259.2,200,350,2155000
NIFTY13OCT2217300PE.NFO,10/10/2022,09:35:27,258.95,258.5,1050,259,150,2850,2155000
NIFTY13OCT2217300PE.NFO,10/10/2022,09:35:28,258.3,258,500,258.3,150,550,2155000
NIFTY13OCT2217300PE.NFO,10/10/2022,09:35:29,257.75,257.05,200,257.5,250,800,2155000
NIFTY13OCT2217300PE.NFO,10/10/2022,09:35:31,257.25,257.25,350,257.65,200,3200,2155000
NIFTY13OCT2217300PE.NFO,10/10/2022,09:35:32,257.95,258.55,100,258.95,150,250,2155000
NIFTY13OCT2217300PE.NFO,10/10/2022,09:35:33,258.9,258.8,150,259.3,750,3500,2155000
NIFTY13OCT2217300PE.NFO,10/10/2022,09:35:34,258.85,259.25,150,259.65,100,1950,2155000
NIFTY13OCT2217300PE.NFO,10/10/2022,09:35:34,258.85,259.2,400,259.65,150,0,2155000
NIFTY13OCT2217300PE.NFO,10/10/2022,09:35:35,259.2,258.4,350,258.95,150,2000,2155000
NIFTY13OCT2217300PE.NFO,10/10/2022,09:35:36,258.95,258.75,1000,259.15,150,550,2155000
NIFTY13OCT2217300PE.NFO,10/10/2022,09:35:37,259.5,258.95,250,259.4,350,1400,2155000
NIFTY13OCT2217300PE.NFO,10/10/2022,09:35:38,259.9,259.55,800,259.9,50,2000,2155000
NIFTY13OCT2217300PE.NFO,10/10/2022,09:35:39,260.35,259.85,100,260.2,150,7700,2155000
NIFTY13OCT2217300PE.NFO,10/10/2022,09:35:40,260.8,260.55,150,261,450,3900,2155000
NIFTY13OCT2217300PE.NFO,10/10/2022,09:35:42,261.5,261.25,100,261.5,200,700,2155000
NIFTY13OCT2217300PE.NFO,10/10/2022,09:35:43,262.15,261.85,250,262.25,250,1400,2155000
NIFTY13OCT2217300PE.NFO,10/10/2022,09:35:44,262.1,261.9,450,262.45,500,2800,2155000
NIFTY13OCT2217300PE.NFO,10/10/2022,09:35:45,262.35,262.5,250,262.95,150,1300,2155000
NIFTY13OCT2217300PE.NFO,10/10/2022,09:35:46,261.8,261.6,250,262.05,450,2100,2155000
NIFTY13OCT2217300PE.NFO,10/10/2022,09:35:47,261.85,261.9,50,262.1,350,700,2155000
NIFTY13OCT2217300PE.NFO,10/10/2022,09:35:48,261.85,262.1,50,262.25,250,5950,2155000
NIFTY13OCT2217300PE.NFO,10/10/2022,09:35:49,262.6,262.35,250,262.9,600,2900,2155000
NIFTY13OCT2217300PE.NFO,10/10/2022,09:35:51,262.1,262.1,300,262.65,700,900,2155000
NIFTY13OCT2217300PE.NFO,10/10/2022,09:35:52,262.4,262.05,250,262.4,100,1050,2155000
NIFTY13OCT2217300PE.NFO,10/10/2022,09:35:53,262.85,262.85,50,263.25,50,3900,2155000
NIFTY13OCT2217300PE.NFO,10/10/2022,09:35:55,264.55,264.2,250,264.6,100,1400,2155000
NIFTY13OCT2217300PE.NFO,10/10/2022,09:35:56,265.8,265.85,50,266.1,100,8750,2155000
NIFTY13OCT2217300PE.NFO,10/10/2022,09:35:57,265.15,265.1,250,265.5,250,3100,2155000
NIFTY13OCT2217300PE.NFO,10/10/2022,09:35:58,265.5,265.6,600,266,200,2000,2155000
NIFTY13OCT2217300PE.NFO,10/10/2022,09:35:59,266,265.7,250,266,100,950,2155000
NIFTY13OCT2217300PE.NFO,10/10/2022,09:36:01,267.85,267.1,300,267.4,200,2350,2155000
NIFTY13OCT2217300PE.NFO,10/10/2022,09:36:02,266.7,266.7,150,266.9,100,2350,2155000
NIFTY13OCT2217300PE.NFO,10/10/2022,09:36:03,268,267.95,200,268.3,100,3300,2155000
NIFTY13OCT2217300PE.NFO,10/10/2022,09:36:05,269.7,269.25,50,269.7,350,8500,2155000
NIFTY13OCT2217300PE.NFO,10/10/2022,09:36:06,270.3,270.35,400,270.75,100,500,2155000
NIFTY13OCT2217300PE.NFO,10/10/2022,09:36:07,273.1,273,200,273.15,100,8400,2155000
NIFTY13OCT2217300PE.NFO,10/10/2022,09:36:09,274,273.8,50,274,100,10950,2155000
NIFTY13OCT2217300PE.NFO,10/10/2022,09:36:10,272.85,272.75,200,272.85,100,4100,2155000
NIFTY13OCT2217300PE.NFO,10/10/2022,09:36:11,272.2,272,250,272.4,150,3650,2155000
NIFTY13OCT2217300PE.NFO,10/10/2022,09:36:13,272.2,272.3,50,272.4,50,4000,2155000
NIFTY13OCT2217300PE.NFO,10/10/2022,09:36:14,272.8,272.5,200,272.95,400,3100,2155000
NIFTY13OCT2217300PE.NFO,10/10/2022,09:36:15,271.9,271.9,200,272.5,550,3350,2155000
NIFTY13OCT2217300PE.NFO,10/10/2022,09:36:16,272.25,272.25,600,272.8,150,5800,2155000
NIFTY13OCT2217300PE.NFO,10/10/2022,09:36:16,272.2,271.75,100,272.3,200,250,2155000
NIFTY13OCT2217300PE.NFO,10/10/2022,09:36:17,271.15,271,200,271.5,200,2100,2155000
NIFTY13OCT2217300PE.NFO,10/10/2022,09:36:19,268.7,268.5,200,268.85,150,7100,2155000
NIFTY13OCT2217300PE.NFO,10/10/2022,09:36:20,269.3,269.15,700,269.7,200,3950,2155000
NIFTY13OCT2217300PE.NFO,10/10/2022,09:36:22,268.25,268.25,50,268.75,350,1650,2155000
NIFTY13OCT2217300PE.NFO,10/10/2022,09:36:23,266.35,266.35,50,266.75,350,3700,2155000
NIFTY13OCT2217300PE.NFO,10/10/2022,09:36:24,266.1,266.05,100,266.3,200,2000,2155000
NIFTY13OCT2217300PE.NFO,10/10/2022,09:36:26,265.25,265.25,50,265.5,200,8850,2155000
NIFTY13OCT2217300PE.NFO,10/10/2022,09:36:27,266.3,266.3,200,266.6,200,3550,2155000
NIFTY13OCT2217300PE.NFO,10/10/2022,09:36:28,266.1,266,100,266.35,200,3200,2155000
NIFTY13OCT2217300PE.NFO,10/10/2022,09:36:29,265.9,265.9,250,266.25,200,950,2155000
NIFTY13OCT2217300PE.NFO,10/10/2022,09:36:30,266.05,266.1,600,266.55,200,350,2155000
NIFTY13OCT2217300PE.NFO,10/10/2022,09:36:31,265.9,265.45,200,265.9,150,2700,2155000
NIFTY13OCT2217300PE.NFO,10/10/2022,09:36:32,267.6,266.85,100,267.25,650,600,2155000
NIFTY13OCT2217300PE.NFO,10/10/2022,09:36:33,266.65,266.65,150,267.15,200,950,2155000
NIFTY13OCT2217300PE.NFO,10/10/2022,09:36:35,267.1,266.6,550,267.1,600,650,2155000
NIFTY13OCT2217300PE.NFO,10/10/2022,09:36:36,266.3,267.6,50,268,200,400,2155000
NIFTY13OCT2217300PE.NFO,10/10/2022,09:36:37,267.95,267.3,150,267.8,200,650,2155000
NIFTY13OCT2217300PE.NFO,10/10/2022,09:36:38,267.6,267.65,50,267.8,150,500,2155000
NIFTY13OCT2217300PE.NFO,10/10/2022,09:36:39,268.3,268.2,150,268.6,350,250,2155000
NIFTY13OCT2217300PE.NFO,10/10/2022,09:36:40,268.55,268.2,50,268.65,100,2000,2155000
NIFTY13OCT2217300PE.NFO,10/10/2022,09:36:41,267.3,267.4,50,267.75,100,500,2155000
NIFTY13OCT2217300PE.NFO,10/10/2022,09:36:42,267.3,267.05,50,267.3,100,500,2155000
NIFTY13OCT2217300PE.NFO,10/10/2022,09:36:42,267.25,267,750,267.25,300,50,2155000
NIFTY13OCT2217300PE.NFO,10/10/2022,09:36:43,266.6,266.2,50,266.5,100,1000,2155000
NIFTY13OCT2217300PE.NFO,10/10/2022,09:36:44,268.05,268.05,300,268.5,550,750,2155000
NIFTY13OCT2217300PE.NFO,10/10/2022,09:36:46,268.25,268.45,100,268.85,150,1500,2155000
NIFTY13OCT2217300PE.NFO,10/10/2022,09:36:47,269.5,269.1,200,269.5,300,750,2155000
NIFTY13OCT2217300PE.NFO,10/10/2022,09:36:48,268.7,268.45,50,268.8,200,400,2155000
NIFTY13OCT2217300PE.NFO,10/10/2022,09:36:49,268.25,267.85,100,268.25,100,650,2155000
NIFTY13OCT2217300PE.NFO,10/10/2022,09:36:50,268.05,268.2,100,268.6,50,1900,2155000
NIFTY13OCT2217300PE.NFO,10/10/2022,09:36:51,268.75,268.2,200,268.7,200,2600,2155000
NIFTY13OCT2217300PE.NFO,10/10/2022,09:36:51,268.1,268.4,50,268.7,300,100,2155000
NIFTY13OCT2217300PE.NFO,10/10/2022,09:36:52,267.8,267.9,200,268.35,100,2200,2155000
NIFTY13OCT2217300PE.NFO,10/10/2022,09:36:53,265.1,265.05,1550,265.35,200,2100,2155000
NIFTY13OCT2217300PE.NFO,10/10/2022,09:36:55,267.15,266.8,650,267.4,300,4900,2155000
NIFTY13OCT2217300PE.NFO,10/10/2022,09:36:56,267.75,266.7,50,266.95,200,350,2155000
NIFTY13OCT2217300PE.NFO,10/10/2022,09:36:57,266.2,265.4,250,265.9,400,600,2155000
NIFTY13OCT2217300PE.NFO,10/10/2022,09:36:58,267.05,266.45,50,266.75,400,2000,2155000
NIFTY13OCT2217300PE.NFO,10/10/2022,09:36:59,266.65,265.75,100,266.3,600,100,2155000
NIFTY13OCT2217300PE.NFO,10/10/2022,09:37:00,265.45,265.5,200,266,450,2100,2155000
NIFTY13OCT2217300PE.NFO,10/10/2022,09:37:01,266.5,266.3,50,266.6,50,400,2155000
NIFTY13OCT2217300PE.NFO,10/10/2022,09:37:02,266.55,267.05,200,267.5,550,950,2155000
NIFTY13OCT2217300PE.NFO,10/10/2022,09:37:03,267.35,266.6,150,267.05,250,700,2155000
NIFTY13OCT2217300PE.NFO,10/10/2022,09:37:05,265.35,265.3,100,265.8,50,750,2155000
NIFTY13OCT2217300PE.NFO,10/10/2022,09:37:06,265.4,263.9,50,264.05,200,2600,2155000
NIFTY13OCT2217300PE.NFO,10/10/2022,09:37:07,263.8,263.95,200,264.4,50,4100,2155000
NIFTY13OCT2217300PE.NFO,10/10/2022,09:37:08,262.8,262.05,400,262.4,150,100,2155000
NIFTY13OCT2217300PE.NFO,10/10/2022,09:37:09,261.95,262.2,450,262.45,50,1850,2155000
NIFTY13OCT2217300PE.NFO,10/10/2022,09:37:11,261.45,261.1,100,261.6,400,2100,2155000
NIFTY13OCT2217300PE.NFO,10/10/2022,09:37:12,260.75,260.25,150,260.7,200,4400,2155000
NIFTY13OCT2217300PE.NFO,10/10/2022,09:37:13,259.85,259.35,100,259.75,200,1350,2155000
NIFTY13OCT2217300PE.NFO,10/10/2022,09:37:14,260.05,259.6,100,260.05,150,1100,2155000
NIFTY13OCT2217300PE.NFO,10/10/2022,09:37:15,260.7,260.2,100,260.6,200,4450,2155000
NIFTY13OCT2217300PE.NFO,10/10/2022,09:37:17,260.9,260.35,250,260.85,200,2150,2155000
NIFTY13OCT2217300PE.NFO,10/10/2022,09:37:18,262.3,261.95,50,262.4,300,850,2155000
NIFTY13OCT2217300PE.NFO,10/10/2022,09:37:19,262.3,262.35,150,262.8,100,750,2155000
NIFTY13OCT2217300PE.NFO,10/10/2022,09:37:20,263.7,263.1,450,263.5,200,250,2155000
NIFTY13OCT2217300PE.NFO,10/10/2022,09:37:22,266.7,266.4,250,266.65,100,1550,2155000
NIFTY13OCT2217300PE.NFO,10/10/2022,09:37:23,265.35,265,200,265.35,150,2750,2155000
NIFTY13OCT2217300PE.NFO,10/10/2022,09:37:24,264.2,264,200,264.4,200,1550,2155000
NIFTY13OCT2217300PE.NFO,10/10/2022,09:37:25,263.85,263.8,150,264.1,200,2650,2155000
NIFTY13OCT2217300PE.NFO,10/10/2022,09:37:26,264.4,264.45,100,264.7,200,750,2155000
NIFTY13OCT2217300PE.NFO,10/10/2022,09:37:28,263.45,263.25,50,263.6,200,150,2155000
NIFTY13OCT2217300PE.NFO,10/10/2022,09:37:29,263.4,263.1,50,263.4,250,1200,2155000
NIFTY13OCT2217300PE.NFO,10/10/2022,09:37:30,261.4,261.15,200,261.45,50,2400,2155000
NIFTY13OCT2217300PE.NFO,10/10/2022,09:37:31,260.05,260.05,1000,260.15,50,650,2155000
NIFTY13OCT2217300PE.NFO,10/10/2022,09:37:32,261.1,260.5,200,260.8,200,900,2155000
NIFTY13OCT2217300PE.NFO,10/10/2022,09:37:32,260.8,260.55,200,260.9,250,50,2155000
NIFTY13OCT2217300PE.NFO,10/10/2022,09:37:33,260.45,260.9,200,261.2,200,250,2155000
NIFTY13OCT2217300PE.NFO,10/10/2022,09:37:34,261.4,261.75,100,262,200,50,2155000
NIFTY13OCT2217300PE.NFO,10/10/2022,09:37:35,261.3,261.25,250,261.6,200,900,2155000
NIFTY13OCT2217300PE.NFO,10/10/2022,09:37:37,261.3,260.65,100,260.95,50,550,2155000
NIFTY13OCT2217300PE.NFO,10/10/2022,09:37:38,260.7,260.05,950,260.25,50,1450,2155000
NIFTY13OCT2217300PE.NFO,10/10/2022,09:37:39,258.75,258.55,600,258.9,300,2250,2155000
NIFTY13OCT2217300PE.NFO,10/10/2022,09:37:41,258,258.05,100,258.5,600,2400,2155000
NIFTY13OCT2217300PE.NFO,10/10/2022,09:37:42,258,258.1,300,258.5,400,400,2155000
NIFTY13OCT2217300PE.NFO,10/10/2022,09:37:43,259,258.45,100,258.9,300,650,2155000
NIFTY13OCT2217300PE.NFO,10/10/2022,09:37:44,260.35,260.45,50,260.7,50,2600,2155000
NIFTY13OCT2217300PE.NFO,10/10/2022,09:37:45,259.6,259.6,100,259.95,50,450,2155000
NIFTY13OCT2217300PE.NFO,10/10/2022,09:37:46,259.1,259.1,200,259.45,150,1100,2155000
NIFTY13OCT2217300PE.NFO,10/10/2022,09:37:47,259.75,259.1,100,259.6,350,700,2155000
