Ticker,Date,Time,LTP,BuyPrice,BuyQty,SellPrice,SellQty,LTQ,OpenInterest
NIFTY13OCT2217500CE.NFO,06/10/2022,09:15:01,107.25,116.75,150,119.95,400,2000,1113500
NIFTY13OCT2217500CE.NFO,06/10/2022,09:15:01,115,116.75,150,119.95,400,0,1113500
NIFTY13OCT2217500CE.NFO,06/10/2022,09:15:01,124.2,116.75,150,119.95,400,0,1113500
NIFTY13OCT2217500CE.NFO,06/10/2022,09:15:01,102.25,116.75,150,119.95,400,0,1113500
NIFTY13OCT2217500CE.NFO,06/10/2022,09:15:03,126.25,121,50,126.15,600,2500,1113500
NIFTY13OCT2217500CE.NFO,06/10/2022,09:15:03,129.9,121,50,126.15,600,0,1113500
NIFTY13OCT2217500CE.NFO,06/10/2022,09:15:05,125.7,125.7,400,129.2,250,4650,1113500
NIFTY13OCT2217500CE.NFO,06/10/2022,09:15:05,129.95,125.7,400,129.2,250,0,1113500
NIFTY13OCT2217500CE.NFO,06/10/2022,09:15:06,126,125.9,200,130,50,10800,1113500
NIFTY13OCT2217500CE.NFO,06/10/2022,09:15:06,137.45,125.9,200,130,50,0,1113500
NIFTY13OCT2217500CE.NFO,06/10/2022,09:15:08,136.75,133.2,400,136.75,200,10050,1113500
NIFTY13OCT2217500CE.NFO,06/10/2022,09:15:08,138.5,133.2,400,136.75,200,0,1113500
NIFTY13OCT2217500CE.NFO,06/10/2022,09:15:10,132.9,132.9,300,135.55,400,11100,1113500
NIFTY13OCT2217500CE.NFO,06/10/2022,09:15:10,140.05,132.9,300,135.55,400,0,1113500
NIFTY13OCT2217500CE.NFO,06/10/2022,09:15:11,131.8,130.2,150,132.2,400,8150,1113500
NIFTY13OCT2217500CE.NFO,06/10/2022,09:15:13,132.45,132.3,400,134.95,300,10900,1113500
NIFTY13OCT2217500CE.NFO,06/10/2022,09:15:14,135.95,135.95,400,138.35,400,8400,1113500
NIFTY13OCT2217500CE.NFO,06/10/2022,09:15:16,137.15,136.85,350,139.1,400,10050,1113500
NIFTY13OCT2217500CE.NFO,06/10/2022,09:15:18,136.5,136.35,400,137.9,400,9850,1113500
NIFTY13OCT2217500CE.NFO,06/10/2022,09:15:19,137.75,137.75,200,139.55,400,7450,1113500
NIFTY13OCT2217500CE.NFO,06/10/2022,09:15:21,136,136,100,137.55,400,8750,1113500
NIFTY13OCT2217500CE.NFO,06/10/2022,09:15:23,137.1,136.15,400,137.15,400,3850,1113500
NIFTY13OCT2217500CE.NFO,06/10/2022,09:15:24,135.95,135.9,300,136.95,400,5450,1113500
NIFTY13OCT2217500CE.NFO,06/10/2022,09:15:26,136.3,135.6,50,136.35,50,8900,1113500
NIFTY13OCT2217500CE.NFO,06/10/2022,09:15:28,136.3,136.3,300,137.25,450,8900,1113500
NIFTY13OCT2217500CE.NFO,06/10/2022,09:15:29,136.75,136.7,400,137,50,5900,1113500
NIFTY13OCT2217500CE.NFO,06/10/2022,09:15:31,136.95,136.4,50,136.95,450,14700,1113500
NIFTY13OCT2217500CE.NFO,06/10/2022,09:15:32,137.35,136.9,50,137.25,450,7550,1113500
NIFTY13OCT2217500CE.NFO,06/10/2022,09:15:34,136.9,136.4,400,136.9,200,6100,1113500
NIFTY13OCT2217500CE.NFO,06/10/2022,09:15:35,136.9,136.65,400,137.1,300,3150,1113500
NIFTY13OCT2217500CE.NFO,06/10/2022,09:15:37,135.75,135.45,550,136.15,50,14600,1113500
NIFTY13OCT2217500CE.NFO,06/10/2022,09:15:39,136.55,136.15,50,136.55,550,3000,1113500
NIFTY13OCT2217500CE.NFO,06/10/2022,09:15:40,136.35,136.35,750,136.95,400,6650,1113500
NIFTY13OCT2217500CE.NFO,06/10/2022,09:15:42,136.75,136.45,50,137,450,9350,1113500
NIFTY13OCT2217500CE.NFO,06/10/2022,09:15:44,135.9,135.3,100,135.9,400,5050,1113500
NIFTY13OCT2217500CE.NFO,06/10/2022,09:15:45,135,135,3400,135.45,350,5450,1113500
NIFTY13OCT2217500CE.NFO,06/10/2022,09:15:47,133.95,134.2,500,134.95,400,6700,1113500
NIFTY13OCT2217500CE.NFO,06/10/2022,09:15:48,134.05,133.55,400,134.05,150,4000,1113500
NIFTY13OCT2217500CE.NFO,06/10/2022,09:15:50,131.9,131.95,50,132.8,450,6000,1113500
NIFTY13OCT2217500CE.NFO,06/10/2022,09:15:52,132.1,132.1,400,132.6,50,3450,1113500
NIFTY13OCT2217500CE.NFO,06/10/2022,09:15:53,133.15,132.75,50,133.2,50,5950,1113500
NIFTY13OCT2217500CE.NFO,06/10/2022,09:15:55,131.9,131.4,400,131.95,250,3850,1113500
NIFTY13OCT2217500CE.NFO,06/10/2022,09:15:56,131.6,131.7,50,132.2,400,4650,1113500
NIFTY13OCT2217500CE.NFO,06/10/2022,09:15:58,131.7,131.45,50,132.1,400,7250,1113500
NIFTY13OCT2217500CE.NFO,06/10/2022,09:16:00,131.95,131.4,50,131.95,500,2650,1113500
NIFTY13OCT2217500CE.NFO,06/10/2022,09:16:01,130.15,130.25,400,130.75,150,8050,1113500
NIFTY13OCT2217500CE.NFO,06/10/2022,09:16:03,130.7,130.15,50,130.55,50,5250,1113500
NIFTY13OCT2217500CE.NFO,06/10/2022,09:16:04,130.4,130.45,50,130.75,50,4350,1113500
NIFTY13OCT2217500CE.NFO,06/10/2022,09:16:06,130.9,130.5,50,131,5050,14250,1113500
NIFTY13OCT2217500CE.NFO,06/10/2022,09:16:07,130.9,130.6,100,130.9,250,6500,1113500
NIFTY13OCT2217500CE.NFO,06/10/2022,09:16:09,130.95,130.8,50,130.95,400,4900,1113500
NIFTY13OCT2217500CE.NFO,06/10/2022,09:16:10,130.5,130,50,130.3,450,2250,1113500
NIFTY13OCT2217500CE.NFO,06/10/2022,09:16:12,131.1,131.05,350,131.35,100,13850,1113500
NIFTY13OCT2217500CE.NFO,06/10/2022,09:16:13,131.55,131.3,100,131.65,400,10850,1113500
NIFTY13OCT2217500CE.NFO,06/10/2022,09:16:15,131.25,131.4,500,131.8,100,4200,1113500
NIFTY13OCT2217500CE.NFO,06/10/2022,09:16:16,131.55,131.45,550,131.9,100,6250,1113500
NIFTY13OCT2217500CE.NFO,06/10/2022,09:16:18,133.75,133.5,100,133.75,150,6000,1113500
NIFTY13OCT2217500CE.NFO,06/10/2022,09:16:19,135,134.95,350,135.3,100,10750,1113500
NIFTY13OCT2217500CE.NFO,06/10/2022,09:16:21,135.55,135.25,400,135.7,150,4550,1113500
NIFTY13OCT2217500CE.NFO,06/10/2022,09:16:22,135.55,135.45,1150,135.95,100,7250,1113500
NIFTY13OCT2217500CE.NFO,06/10/2022,09:16:24,136,135.7,100,136,1000,1250,1113500
NIFTY13OCT2217500CE.NFO,06/10/2022,09:16:25,133.7,133.3,100,133.75,500,3200,1113500
NIFTY13OCT2217500CE.NFO,06/10/2022,09:16:27,134.6,134.2,100,134.6,100,3050,1113500
NIFTY13OCT2217500CE.NFO,06/10/2022,09:16:29,133.85,133.5,100,133.85,650,2750,1113500
NIFTY13OCT2217500CE.NFO,06/10/2022,09:16:30,133.7,133.35,50,133.8,350,2800,1113500
NIFTY13OCT2217500CE.NFO,06/10/2022,09:16:32,133.2,132.85,150,133.25,100,3050,1113500
NIFTY13OCT2217500CE.NFO,06/10/2022,09:16:33,131.8,131.5,50,131.9,100,4650,1113500
NIFTY13OCT2217500CE.NFO,06/10/2022,09:16:35,132.6,132.6,100,132.95,50,3650,1113500
NIFTY13OCT2217500CE.NFO,06/10/2022,09:16:36,132,132.05,200,132.4,200,4000,1113500
NIFTY13OCT2217500CE.NFO,06/10/2022,09:16:38,132.1,132.45,50,132.8,200,1350,1113500
NIFTY13OCT2217500CE.NFO,06/10/2022,09:16:39,132.55,132.5,350,132.85,100,850,1113500
NIFTY13OCT2217500CE.NFO,06/10/2022,09:16:41,132.35,132.25,100,132.55,50,2450,1113500
NIFTY13OCT2217500CE.NFO,06/10/2022,09:16:42,132.1,131.75,50,132,50,950,1113500
NIFTY13OCT2217500CE.NFO,06/10/2022,09:16:44,131.9,131.5,100,131.9,50,4200,1113500
NIFTY13OCT2217500CE.NFO,06/10/2022,09:16:45,131.8,131.4,850,131.8,100,700,1113500
NIFTY13OCT2217500CE.NFO,06/10/2022,09:16:47,131.4,131.25,350,131.55,100,2650,1113500
NIFTY13OCT2217500CE.NFO,06/10/2022,09:16:49,130.75,130.5,100,130.7,150,3000,1113500
NIFTY13OCT2217500CE.NFO,06/10/2022,09:16:50,130.65,130.2,200,130.65,550,5250,1113500
NIFTY13OCT2217500CE.NFO,06/10/2022,09:16:52,130.25,130.25,250,130.4,50,2050,1113500
NIFTY13OCT2217500CE.NFO,06/10/2022,09:16:53,130.35,130.05,350,130.45,600,6700,1113500
NIFTY13OCT2217500CE.NFO,06/10/2022,09:16:55,130.8,130.45,200,130.8,50,1400,1113500
NIFTY13OCT2217500CE.NFO,06/10/2022,09:16:56,129.05,129.05,100,129.45,50,2500,1113500
NIFTY13OCT2217500CE.NFO,06/10/2022,09:16:58,129.5,129.05,50,129.6,600,1000,1113500
NIFTY13OCT2217500CE.NFO,06/10/2022,09:16:59,129.2,128.85,100,129.2,150,1450,1113500
NIFTY13OCT2217500CE.NFO,06/10/2022,09:17:01,128.5,128.35,450,128.7,200,2850,1113500
NIFTY13OCT2217500CE.NFO,06/10/2022,09:17:02,128.45,128.35,50,128.65,200,3200,1113500
NIFTY13OCT2217500CE.NFO,06/10/2022,09:17:04,129.35,129.3,50,129.6,1600,3000,1113500
NIFTY13OCT2217500CE.NFO,06/10/2022,09:17:06,128.9,128.7,1300,129,100,4350,1113500
NIFTY13OCT2217500CE.NFO,06/10/2022,09:17:07,128.1,128.2,100,128.5,50,3500,1113500
NIFTY13OCT2217500CE.NFO,06/10/2022,09:17:09,128.1,128.15,200,128.6,100,4850,1113500
NIFTY13OCT2217500CE.NFO,06/10/2022,09:17:10,126.95,126.8,50,127,450,12150,1113500
NIFTY13OCT2217500CE.NFO,06/10/2022,09:17:12,124.6,124.15,400,124.6,200,17000,1113500
NIFTY13OCT2217500CE.NFO,06/10/2022,09:17:14,123.85,123,100,123.45,1500,3950,1113500
NIFTY13OCT2217500CE.NFO,06/10/2022,09:17:15,123.35,123.05,200,123.35,100,5900,1113500
NIFTY13OCT2217500CE.NFO,06/10/2022,09:17:17,124.15,123.65,400,124.15,350,25600,1113500
NIFTY13OCT2217500CE.NFO,06/10/2022,09:17:19,123.55,123.5,450,123.85,1550,9100,1113500
NIFTY13OCT2217500CE.NFO,06/10/2022,09:17:20,123.4,123.4,450,123.75,1050,2550,1113500
NIFTY13OCT2217500CE.NFO,06/10/2022,09:17:22,123.1,123.05,350,123.25,50,4750,1113500
NIFTY13OCT2217500CE.NFO,06/10/2022,09:17:23,122.65,122.65,100,122.95,400,5850,1113500
NIFTY13OCT2217500CE.NFO,06/10/2022,09:17:25,123.75,123.75,150,124.15,550,8300,1113500
NIFTY13OCT2217500CE.NFO,06/10/2022,09:17:27,122.4,122.25,200,122.65,300,10100,1113500
NIFTY13OCT2217500CE.NFO,06/10/2022,09:17:28,123,123.1,200,123.4,300,1550,1113500
NIFTY13OCT2217500CE.NFO,06/10/2022,09:17:30,123.3,123.2,1000,123.55,600,1800,1113500
NIFTY13OCT2217500CE.NFO,06/10/2022,09:17:32,124.1,123.65,400,124.05,150,3150,1113500
NIFTY13OCT2217500CE.NFO,06/10/2022,09:17:33,125.45,125.45,50,125.8,200,1250,1113500
NIFTY13OCT2217500CE.NFO,06/10/2022,09:17:35,126.35,126.9,350,127.2,150,8950,1113500
NIFTY13OCT2217500CE.NFO,06/10/2022,09:17:37,124.65,124.4,1250,124.8,50,7500,1113500
NIFTY13OCT2217500CE.NFO,06/10/2022,09:17:38,126.25,126.4,100,126.65,500,5750,1113500
NIFTY13OCT2217500CE.NFO,06/10/2022,09:17:40,125.85,126.25,100,126.55,100,1750,1113500
NIFTY13OCT2217500CE.NFO,06/10/2022,09:17:42,127.2,126.9,100,127.2,100,1750,1139550
NIFTY13OCT2217500CE.NFO,06/10/2022,09:17:43,125.5,125.05,150,125.4,50,5750,1139550
NIFTY13OCT2217500CE.NFO,06/10/2022,09:17:45,125.4,125.05,450,125.6,600,2250,1139550
NIFTY13OCT2217500CE.NFO,06/10/2022,09:17:46,126.65,126.55,50,126.65,1100,2050,1139550
NIFTY13OCT2217500CE.NFO,06/10/2022,09:17:48,126.55,126.3,350,126.6,900,1100,1139550
NIFTY13OCT2217500CE.NFO,06/10/2022,09:17:50,126.7,126.45,350,126.85,100,4000,1139550
NIFTY13OCT2217500CE.NFO,06/10/2022,09:17:51,125.85,125.7,50,125.85,250,1950,1139550
NIFTY13OCT2217500CE.NFO,06/10/2022,09:17:53,125.95,125.6,350,125.95,250,450,1139550
NIFTY13OCT2217500CE.NFO,06/10/2022,09:17:54,126.1,125.85,50,126.05,100,1750,1139550
NIFTY13OCT2217500CE.NFO,06/10/2022,09:17:56,126.25,125.9,150,126.25,150,600,1139550
NIFTY13OCT2217500CE.NFO,06/10/2022,09:17:58,126,126,1350,126.35,150,5400,1139550
NIFTY13OCT2217500CE.NFO,06/10/2022,09:17:59,126.55,126.25,150,126.55,100,2000,1139550
NIFTY13OCT2217500CE.NFO,06/10/2022,09:18:01,126.9,126.9,650,127.3,150,4300,1139550
NIFTY13OCT2217500CE.NFO,06/10/2022,09:18:02,126.35,126.4,50,126.65,800,3200,1139550
NIFTY13OCT2217500CE.NFO,06/10/2022,09:18:04,126.3,126.1,350,126.35,100,4250,1139550
NIFTY13OCT2217500CE.NFO,06/10/2022,09:18:05,126.3,126.15,50,126.3,550,1450,1139550
NIFTY13OCT2217500CE.NFO,06/10/2022,09:18:07,126.55,126.4,350,126.55,100,2650,1139550
NIFTY13OCT2217500CE.NFO,06/10/2022,09:18:09,127.85,127.5,200,127.85,150,5900,1139550
NIFTY13OCT2217500CE.NFO,06/10/2022,09:18:10,128.4,128.25,50,128.4,500,3100,1139550
NIFTY13OCT2217500CE.NFO,06/10/2022,09:18:12,128.1,128,350,128.4,800,2300,1139550
NIFTY13OCT2217500CE.NFO,06/10/2022,09:18:14,129.45,129.1,150,129.5,200,5300,1139550
NIFTY13OCT2217500CE.NFO,06/10/2022,09:18:15,129.65,129.3,350,129.55,50,3000,1139550
NIFTY13OCT2217500CE.NFO,06/10/2022,09:18:17,130.25,129.85,150,130.25,350,3800,1139550
NIFTY13OCT2217500CE.NFO,06/10/2022,09:18:18,129.4,129.45,150,129.7,50,5100,1139550
NIFTY13OCT2217500CE.NFO,06/10/2022,09:18:20,129.25,129.4,50,129.6,150,1750,1139550
NIFTY13OCT2217500CE.NFO,06/10/2022,09:18:22,128.45,128.4,600,128.65,150,1450,1139550
NIFTY13OCT2217500CE.NFO,06/10/2022,09:18:23,128.1,128.15,550,128.5,50,4300,1139550
NIFTY13OCT2217500CE.NFO,06/10/2022,09:18:25,128.4,128.05,100,128.35,50,5000,1139550
NIFTY13OCT2217500CE.NFO,06/10/2022,09:18:27,128.15,128.05,100,128.35,100,1650,1139550
NIFTY13OCT2217500CE.NFO,06/10/2022,09:18:28,127.55,127.25,50,127.5,300,3250,1139550
NIFTY13OCT2217500CE.NFO,06/10/2022,09:18:30,127.1,126.7,100,127.1,200,1400,1139550
NIFTY13OCT2217500CE.NFO,06/10/2022,09:18:32,126.6,126.4,100,126.7,200,1150,1139550
NIFTY13OCT2217500CE.NFO,06/10/2022,09:18:33,127.25,126.9,1050,127.3,600,3900,1139550
NIFTY13OCT2217500CE.NFO,06/10/2022,09:18:35,127,127.05,50,127.35,250,1550,1139550
NIFTY13OCT2217500CE.NFO,06/10/2022,09:18:37,126.1,126.1,150,126.3,400,2150,1139550
NIFTY13OCT2217500CE.NFO,06/10/2022,09:18:38,126.55,126.15,50,126.55,500,950,1139550
NIFTY13OCT2217500CE.NFO,06/10/2022,09:18:40,126.25,125.85,100,126.2,300,3900,1139550
NIFTY13OCT2217500CE.NFO,06/10/2022,09:18:42,125.85,125.8,50,126.15,250,3900,1139550
NIFTY13OCT2217500CE.NFO,06/10/2022,09:18:44,125.75,125.4,350,125.7,650,2500,1139550
NIFTY13OCT2217500CE.NFO,06/10/2022,09:18:45,125.35,125,4750,125.3,400,1350,1139550
NIFTY13OCT2217500CE.NFO,06/10/2022,09:18:47,125.85,125.1,200,125.4,800,800,1139550
NIFTY13OCT2217500CE.NFO,06/10/2022,09:18:49,124.95,124.7,50,124.95,200,7300,1139550
NIFTY13OCT2217500CE.NFO,06/10/2022,09:18:50,125.35,125.4,300,125.7,650,2950,1139550
NIFTY13OCT2217500CE.NFO,06/10/2022,09:18:52,124.4,124.4,200,124.75,300,1550,1139550
NIFTY13OCT2217500CE.NFO,06/10/2022,09:18:54,124.35,124.45,100,124.75,100,1950,1139550
NIFTY13OCT2217500CE.NFO,06/10/2022,09:18:55,124.45,124.7,650,125,200,1100,1139550
NIFTY13OCT2217500CE.NFO,06/10/2022,09:18:57,124.55,124.55,250,124.85,100,2200,1139550
NIFTY13OCT2217500CE.NFO,06/10/2022,09:18:59,125,124.9,700,125.35,450,1550,1139550
NIFTY13OCT2217500CE.NFO,06/10/2022,09:19:00,124.45,124.3,50,124.65,200,2900,1139550
NIFTY13OCT2217500CE.NFO,06/10/2022,09:19:02,124.4,124.05,250,124.4,1100,1600,1139550
NIFTY13OCT2217500CE.NFO,06/10/2022,09:19:04,123.8,123.35,650,123.7,150,8850,1139550
NIFTY13OCT2217500CE.NFO,06/10/2022,09:19:05,123.35,123.15,50,123.45,150,1300,1139550
NIFTY13OCT2217500CE.NFO,06/10/2022,09:19:07,122.65,122.7,400,123.1,250,4800,1139550
NIFTY13OCT2217500CE.NFO,06/10/2022,09:19:09,122.95,122.6,1800,123,100,1250,1139550
NIFTY13OCT2217500CE.NFO,06/10/2022,09:19:10,122.55,122.5,400,122.85,250,800,1139550
NIFTY13OCT2217500CE.NFO,06/10/2022,09:19:12,121.85,122,250,122.35,250,3100,1139550
NIFTY13OCT2217500CE.NFO,06/10/2022,09:19:14,122.55,122.55,100,122.95,150,4200,1139550
NIFTY13OCT2217500CE.NFO,06/10/2022,09:19:15,123.15,123.15,150,123.4,50,2900,1139550
NIFTY13OCT2217500CE.NFO,06/10/2022,09:19:17,124.35,123.95,300,124.4,300,10300,1139550
NIFTY13OCT2217500CE.NFO,06/10/2022,09:19:18,124.1,124.4,100,124.75,300,4050,1139550
NIFTY13OCT2217500CE.NFO,06/10/2022,09:19:20,123.45,123.25,50,123.55,300,6600,1139550
NIFTY13OCT2217500CE.NFO,06/10/2022,09:19:22,122.4,122.4,1000,122.75,250,4250,1139550
NIFTY13OCT2217500CE.NFO,06/10/2022,09:19:23,122.4,122.35,50,122.65,500,4400,1139550
NIFTY13OCT2217500CE.NFO,06/10/2022,09:19:25,121.7,121.6,100,121.95,250,2700,1139550
NIFTY13OCT2217500CE.NFO,06/10/2022,09:19:27,122,121.5,350,121.8,400,5050,1139550
NIFTY13OCT2217500CE.NFO,06/10/2022,09:19:28,123.6,123.5,250,123.9,300,3050,1139550
NIFTY13OCT2217500CE.NFO,06/10/2022,09:19:30,123.65,123.6,50,123.9,250,4350,1139550
NIFTY13OCT2217500CE.NFO,06/10/2022,09:19:32,124.2,124.25,250,124.6,100,2350,1139550
NIFTY13OCT2217500CE.NFO,06/10/2022,09:19:33,124.2,124.15,50,124.4,350,850,1139550
NIFTY13OCT2217500CE.NFO,06/10/2022,09:19:35,124.2,124.1,50,124.4,400,500,1139550
NIFTY13OCT2217500CE.NFO,06/10/2022,09:19:37,123.8,123.2,200,123.5,50,450,1139550
NIFTY13OCT2217500CE.NFO,06/10/2022,09:19:38,123,123.05,50,123.4,500,600,1139550
NIFTY13OCT2217500CE.NFO,06/10/2022,09:19:40,123.2,122.65,150,122.9,50,350,1139550
NIFTY13OCT2217500CE.NFO,06/10/2022,09:19:42,123.85,123.7,50,123.95,200,3000,1139550
NIFTY13OCT2217500CE.NFO,06/10/2022,09:19:43,123.95,123.6,450,123.95,200,750,1139550
NIFTY13OCT2217500CE.NFO,06/10/2022,09:19:45,124.45,124.25,350,124.55,200,1250,1139550
NIFTY13OCT2217500CE.NFO,06/10/2022,09:19:47,124,124.05,50,124.4,450,1550,1139550
NIFTY13OCT2217500CE.NFO,06/10/2022,09:19:48,124.05,123.5,50,123.7,150,1700,1139550
NIFTY13OCT2217500CE.NFO,06/10/2022,09:19:50,124.1,123.85,200,124.2,2550,900,1139550
NIFTY13OCT2217500CE.NFO,06/10/2022,09:19:52,123.45,123.15,900,123.45,2250,5650,1139550
NIFTY13OCT2217500CE.NFO,06/10/2022,09:19:53,123.2,123.05,250,123.25,150,3100,1139550
NIFTY13OCT2217500CE.NFO,06/10/2022,09:19:55,123.7,123.35,650,123.75,500,3400,1139550
NIFTY13OCT2217500CE.NFO,06/10/2022,09:19:57,123.5,123.4,50,123.7,150,450,1139550
NIFTY13OCT2217500CE.NFO,06/10/2022,09:19:58,124,123.7,150,124,450,2400,1139550
NIFTY13OCT2217500CE.NFO,06/10/2022,09:20:00,123.45,123.1,600,123.5,50,5500,1139550
NIFTY13OCT2217500CE.NFO,06/10/2022,09:20:02,122.8,122.8,200,123.15,150,2050,1139550
NIFTY13OCT2217500CE.NFO,06/10/2022,09:20:03,124,123.6,500,123.95,350,5200,1139550
NIFTY13OCT2217500CE.NFO,06/10/2022,09:20:05,123,123,2500,123.4,450,1300,1139550
NIFTY13OCT2217500CE.NFO,06/10/2022,09:20:07,123.5,123.3,500,123.6,300,2500,1139550
NIFTY13OCT2217500CE.NFO,06/10/2022,09:20:08,124.2,123.95,500,124.2,2450,6800,1139550
NIFTY13OCT2217500CE.NFO,06/10/2022,09:20:10,124.3,124.5,350,124.8,350,3750,1139550
NIFTY13OCT2217500CE.NFO,06/10/2022,09:20:12,124.8,124.75,350,125.15,750,7900,1139550
NIFTY13OCT2217500CE.NFO,06/10/2022,09:20:13,124.95,125.2,200,125.55,350,2550,1139550
NIFTY13OCT2217500CE.NFO,06/10/2022,09:20:15,125.5,125.3,50,125.6,400,2300,1139550
NIFTY13OCT2217500CE.NFO,06/10/2022,09:20:17,125.55,125.6,50,125.95,500,6000,1139550
NIFTY13OCT2217500CE.NFO,06/10/2022,09:20:18,126.1,126.25,350,126.45,300,1050,1139550
NIFTY13OCT2217500CE.NFO,06/10/2022,09:20:20,125.45,125.15,200,125.55,350,2600,1139550
NIFTY13OCT2217500CE.NFO,06/10/2022,09:20:22,124.55,124.25,50,124.5,50,1650,1139550
NIFTY13OCT2217500CE.NFO,06/10/2022,09:20:23,124.15,124,100,124.2,50,1000,1139550
NIFTY13OCT2217500CE.NFO,06/10/2022,09:20:25,124.2,124,1250,124.2,1700,2100,1139550
NIFTY13OCT2217500CE.NFO,06/10/2022,09:20:27,125.45,125.2,900,125.5,50,8800,1139550
NIFTY13OCT2217500CE.NFO,06/10/2022,09:20:28,126.25,125.95,1250,126.25,300,2150,1139550
NIFTY13OCT2217500CE.NFO,06/10/2022,09:20:30,126.4,126.05,350,126.3,50,1450,1139550
NIFTY13OCT2217500CE.NFO,06/10/2022,09:20:32,126.2,125.8,350,126.1,600,850,1139550
NIFTY13OCT2217500CE.NFO,06/10/2022,09:20:33,125.65,125.55,200,125.7,500,1800,1139550
NIFTY13OCT2217500CE.NFO,06/10/2022,09:20:35,125.85,125.75,850,126.05,200,2100,1204750
NIFTY13OCT2217500CE.NFO,06/10/2022,09:20:37,125.95,125.65,700,125.95,850,600,1204750
NIFTY13OCT2217500CE.NFO,06/10/2022,09:20:38,125.8,125.6,500,125.8,200,1400,1204750
NIFTY13OCT2217500CE.NFO,06/10/2022,09:20:40,126.2,126.3,50,126.5,300,4250,1204750
NIFTY13OCT2217500CE.NFO,06/10/2022,09:20:42,125.75,125.65,300,125.95,400,850,1204750
NIFTY13OCT2217500CE.NFO,06/10/2022,09:20:43,126,125.7,650,126,150,650,1204750
NIFTY13OCT2217500CE.NFO,06/10/2022,09:20:45,125.15,125,1200,125.25,100,2000,1204750
NIFTY13OCT2217500CE.NFO,06/10/2022,09:20:47,126,125.5,300,125.8,50,2600,1204750
NIFTY13OCT2217500CE.NFO,06/10/2022,09:20:48,125.6,125.5,550,125.55,100,1000,1204750
NIFTY13OCT2217500CE.NFO,06/10/2022,09:20:50,125.45,125.5,400,125.7,600,1200,1204750
NIFTY13OCT2217500CE.NFO,06/10/2022,09:20:52,125.55,125.45,200,125.7,100,1100,1204750
NIFTY13OCT2217500CE.NFO,06/10/2022,09:20:54,125.95,125.9,50,126.25,250,900,1204750
NIFTY13OCT2217500CE.NFO,06/10/2022,09:20:55,125.95,125.85,350,126.2,1050,4150,1204750
NIFTY13OCT2217500CE.NFO,06/10/2022,09:20:57,125.4,125.15,150,125.45,100,3350,1204750
NIFTY13OCT2217500CE.NFO,06/10/2022,09:20:59,125.8,125.8,50,126.1,100,1200,1204750
NIFTY13OCT2217500CE.NFO,06/10/2022,09:21:00,126.95,126.7,50,127,750,2800,1204750
NIFTY13OCT2217500CE.NFO,06/10/2022,09:21:02,126,126,200,126.3,350,1050,1204750
NIFTY13OCT2217500CE.NFO,06/10/2022,09:21:04,126.95,126.85,50,127,700,1150,1204750
NIFTY13OCT2217500CE.NFO,06/10/2022,09:21:05,127.1,127.35,50,127.7,300,3900,1204750
NIFTY13OCT2217500CE.NFO,06/10/2022,09:21:07,128.1,128.3,150,128.7,1750,4400,1204750
NIFTY13OCT2217500CE.NFO,06/10/2022,09:21:09,128.25,127.65,50,127.95,250,900,1204750
NIFTY13OCT2217500CE.NFO,06/10/2022,09:21:10,126.85,127.1,350,127.5,1850,1600,1204750
NIFTY13OCT2217500CE.NFO,06/10/2022,09:21:12,127.7,127.5,50,127.85,1150,200,1204750
NIFTY13OCT2217500CE.NFO,06/10/2022,09:21:14,126.4,126.45,300,126.8,300,1600,1204750
NIFTY13OCT2217500CE.NFO,06/10/2022,09:21:15,125.65,125.7,200,126,150,3050,1204750
NIFTY13OCT2217500CE.NFO,06/10/2022,09:21:17,126,125.7,100,126,600,600,1204750
NIFTY13OCT2217500CE.NFO,06/10/2022,09:21:19,124.9,124.65,300,125,200,3050,1204750
NIFTY13OCT2217500CE.NFO,06/10/2022,09:21:20,125.05,125,300,125.25,200,1550,1204750
NIFTY13OCT2217500CE.NFO,06/10/2022,09:21:22,125,124.7,300,124.95,150,1850,1204750
NIFTY13OCT2217500CE.NFO,06/10/2022,09:21:24,122.95,122.7,50,122.95,100,4200,1204750
NIFTY13OCT2217500CE.NFO,06/10/2022,09:21:25,122.2,122.05,50,122.2,200,12850,1204750
NIFTY13OCT2217500CE.NFO,06/10/2022,09:21:27,122.7,122.35,150,122.7,700,3200,1204750
NIFTY13OCT2217500CE.NFO,06/10/2022,09:21:29,120.95,120.4,100,120.65,200,3150,1204750
NIFTY13OCT2217500CE.NFO,06/10/2022,09:21:30,120,120,9750,120.15,150,12850,1204750
NIFTY13OCT2217500CE.NFO,06/10/2022,09:21:32,119.8,119.55,50,119.8,450,10750,1204750
NIFTY13OCT2217500CE.NFO,06/10/2022,09:21:34,119.45,119.15,50,119.4,250,2100,1204750
NIFTY13OCT2217500CE.NFO,06/10/2022,09:21:35,120.75,120.75,900,121.05,150,4200,1204750
NIFTY13OCT2217500CE.NFO,06/10/2022,09:21:37,120.2,120,100,120.2,150,2700,1204750
NIFTY13OCT2217500CE.NFO,06/10/2022,09:21:39,120.2,119.95,150,120.15,50,3950,1204750
NIFTY13OCT2217500CE.NFO,06/10/2022,09:21:40,120.2,120,100,120.25,100,3950,1204750
NIFTY13OCT2217500CE.NFO,06/10/2022,09:21:42,120.65,120.5,600,120.9,200,1700,1204750
NIFTY13OCT2217500CE.NFO,06/10/2022,09:21:44,120.8,120.8,200,121.05,100,4900,1204750
NIFTY13OCT2217500CE.NFO,06/10/2022,09:21:45,120.9,121.1,150,121.4,50,950,1204750
NIFTY13OCT2217500CE.NFO,06/10/2022,09:21:47,122.15,121.9,50,122.2,350,1650,1204750
NIFTY13OCT2217500CE.NFO,06/10/2022,09:21:49,121.7,121.25,400,121.6,400,100,1204750
NIFTY13OCT2217500CE.NFO,06/10/2022,09:21:50,121.55,121.65,150,121.8,50,2400,1204750
NIFTY13OCT2217500CE.NFO,06/10/2022,09:21:52,121.25,121.05,200,121.35,150,3550,1204750
NIFTY13OCT2217500CE.NFO,06/10/2022,09:21:54,120.2,120.1,100,120.25,50,2650,1204750
NIFTY13OCT2217500CE.NFO,06/10/2022,09:21:55,120.4,120.25,100,120.5,1450,700,1204750
NIFTY13OCT2217500CE.NFO,06/10/2022,09:21:57,120.85,120.5,1200,120.85,100,700,1204750
NIFTY13OCT2217500CE.NFO,06/10/2022,09:21:59,121.5,121.5,1100,121.75,150,2100,1204750
NIFTY13OCT2217500CE.NFO,06/10/2022,09:22:00,120.95,120.35,150,120.7,1400,2800,1204750
NIFTY13OCT2217500CE.NFO,06/10/2022,09:22:02,120.45,120.4,350,120.7,150,1250,1204750
NIFTY13OCT2217500CE.NFO,06/10/2022,09:22:04,120.7,120.2,500,120.45,50,3700,1204750
NIFTY13OCT2217500CE.NFO,06/10/2022,09:22:05,120.15,120.2,1150,120.45,150,1350,1204750
NIFTY13OCT2217500CE.NFO,06/10/2022,09:22:07,120.1,120.05,150,120.2,350,750,1204750
NIFTY13OCT2217500CE.NFO,06/10/2022,09:22:09,121,120.85,50,121.2,150,1550,1204750
NIFTY13OCT2217500CE.NFO,06/10/2022,09:22:10,121.1,121.15,200,121.4,200,400,1204750
NIFTY13OCT2217500CE.NFO,06/10/2022,09:22:12,120.55,120.55,350,120.95,750,2000,1204750
NIFTY13OCT2217500CE.NFO,06/10/2022,09:22:14,120.1,119.85,100,120.1,100,7100,1204750
NIFTY13OCT2217500CE.NFO,06/10/2022,09:22:15,120.55,120.45,50,120.8,450,1550,1204750
NIFTY13OCT2217500CE.NFO,06/10/2022,09:22:17,120.75,120.6,300,120.9,350,600,1204750
NIFTY13OCT2217500CE.NFO,06/10/2022,09:22:19,120.85,120.6,100,120.9,50,1800,1204750
NIFTY13OCT2217500CE.NFO,06/10/2022,09:22:20,119.75,119.6,100,119.85,300,550,1204750
NIFTY13OCT2217500CE.NFO,06/10/2022,09:22:22,119.7,119.4,250,119.75,950,4100,1204750
NIFTY13OCT2217500CE.NFO,06/10/2022,09:22:24,120.05,119.5,100,119.8,700,3500,1204750
NIFTY13OCT2217500CE.NFO,06/10/2022,09:22:25,119.05,119,200,119.05,50,5500,1204750
NIFTY13OCT2217500CE.NFO,06/10/2022,09:22:27,118.7,118.45,250,118.8,550,2150,1204750
NIFTY13OCT2217500CE.NFO,06/10/2022,09:22:29,118.75,118.75,150,119,900,1300,1204750
NIFTY13OCT2217500CE.NFO,06/10/2022,09:22:30,118.8,118.5,300,118.85,50,950,1204750
NIFTY13OCT2217500CE.NFO,06/10/2022,09:22:32,118.7,118.85,50,119.2,250,5400,1204750
NIFTY13OCT2217500CE.NFO,06/10/2022,09:22:34,119.35,119.4,100,119.7,200,5000,1204750
NIFTY13OCT2217500CE.NFO,06/10/2022,09:22:35,121.05,120.9,200,121.3,250,3900,1204750
NIFTY13OCT2217500CE.NFO,06/10/2022,09:22:37,120.45,120.35,100,120.7,550,1750,1204750
NIFTY13OCT2217500CE.NFO,06/10/2022,09:22:39,120.7,120.4,250,120.65,50,500,1204750
NIFTY13OCT2217500CE.NFO,06/10/2022,09:22:40,120.5,121.25,250,121.5,150,1500,1204750
NIFTY13OCT2217500CE.NFO,06/10/2022,09:22:42,121.7,121.75,350,122.1,250,3350,1204750
NIFTY13OCT2217500CE.NFO,06/10/2022,09:22:44,122.5,122.3,400,122.6,200,950,1204750
NIFTY13OCT2217500CE.NFO,06/10/2022,09:22:45,122.95,122.5,200,122.85,550,1350,1204750
NIFTY13OCT2217500CE.NFO,06/10/2022,09:22:47,122.7,122.6,50,122.7,150,2500,1204750
NIFTY13OCT2217500CE.NFO,06/10/2022,09:22:49,121.7,121.5,200,121.85,50,2400,1204750
NIFTY13OCT2217500CE.NFO,06/10/2022,09:22:50,120.4,120.1,200,120.35,900,2450,1204750
NIFTY13OCT2217500CE.NFO,06/10/2022,09:22:52,120.4,120.05,200,120.4,900,2250,1204750
NIFTY13OCT2217500CE.NFO,06/10/2022,09:22:54,119.1,118.75,50,119.05,500,3150,1204750
NIFTY13OCT2217500CE.NFO,06/10/2022,09:22:55,118.95,118.65,100,118.95,800,2700,1204750
NIFTY13OCT2217500CE.NFO,06/10/2022,09:22:57,119.2,119.3,50,119.6,250,500,1204750
NIFTY13OCT2217500CE.NFO,06/10/2022,09:22:59,119.9,119.4,600,119.75,850,800,1204750
NIFTY13OCT2217500CE.NFO,06/10/2022,09:23:00,120.3,119.9,50,120.15,550,1200,1204750
NIFTY13OCT2217500CE.NFO,06/10/2022,09:23:02,119,119,700,119.35,50,800,1204750
NIFTY13OCT2217500CE.NFO,06/10/2022,09:23:04,119.7,119.65,50,119.9,50,1450,1204750
NIFTY13OCT2217500CE.NFO,06/10/2022,09:23:05,120,119.85,200,120.2,250,950,1204750
NIFTY13OCT2217500CE.NFO,06/10/2022,09:23:07,120.25,120.55,200,120.85,150,1850,1204750
NIFTY13OCT2217500CE.NFO,06/10/2022,09:23:09,120.9,120.65,200,121,1100,3850,1204750
NIFTY13OCT2217500CE.NFO,06/10/2022,09:23:10,121.4,120.85,200,121.2,550,350,1204750
NIFTY13OCT2217500CE.NFO,06/10/2022,09:23:12,121.3,120.8,350,121.1,50,6400,1204750
NIFTY13OCT2217500CE.NFO,06/10/2022,09:23:14,120.1,120.1,200,120.45,550,950,1204750
NIFTY13OCT2217500CE.NFO,06/10/2022,09:23:15,119.8,119.45,200,119.85,400,2750,1204750
NIFTY13OCT2217500CE.NFO,06/10/2022,09:23:17,120.6,120.25,100,120.6,200,3650,1204750
NIFTY13OCT2217500CE.NFO,06/10/2022,09:23:19,119.55,119.5,50,119.8,800,1600,1204750
NIFTY13OCT2217500CE.NFO,06/10/2022,09:23:20,119.85,119.6,550,119.85,150,400,1204750
NIFTY13OCT2217500CE.NFO,06/10/2022,09:23:22,120.25,120.05,50,120.4,200,3250,1204750
NIFTY13OCT2217500CE.NFO,06/10/2022,09:23:24,120.3,120.25,1250,120.65,250,4150,1204750
NIFTY13OCT2217500CE.NFO,06/10/2022,09:23:25,121.15,121,1650,121.2,200,1900,1204750
NIFTY13OCT2217500CE.NFO,06/10/2022,09:23:27,120.35,120.2,600,120.45,200,3400,1204750
NIFTY13OCT2217500CE.NFO,06/10/2022,09:23:29,120.05,119.75,450,120,100,4950,1204750
NIFTY13OCT2217500CE.NFO,06/10/2022,09:23:30,120.1,119.8,500,120.15,100,1050,1204750
NIFTY13OCT2217500CE.NFO,06/10/2022,09:23:32,120.1,120.25,100,120.3,50,4350,1204750
NIFTY13OCT2217500CE.NFO,06/10/2022,09:23:34,121.1,120.8,500,121.05,150,1200,1257550
NIFTY13OCT2217500CE.NFO,06/10/2022,09:23:35,120.5,120.25,50,120.55,100,1750,1257550
NIFTY13OCT2217500CE.NFO,06/10/2022,09:23:37,120.25,120,50,120.15,50,1900,1257550
NIFTY13OCT2217500CE.NFO,06/10/2022,09:23:39,119.7,119.7,950,120,150,750,1257550
NIFTY13OCT2217500CE.NFO,06/10/2022,09:23:40,120.2,119.85,600,120.2,200,600,1257550
NIFTY13OCT2217500CE.NFO,06/10/2022,09:23:42,119.6,119.5,150,119.8,400,1900,1257550
NIFTY13OCT2217500CE.NFO,06/10/2022,09:23:44,119.8,119.5,200,119.75,650,450,1257550
NIFTY13OCT2217500CE.NFO,06/10/2022,09:23:45,120.3,120.3,850,120.6,50,1000,1257550
NIFTY13OCT2217500CE.NFO,06/10/2022,09:23:47,120.65,120.2,1000,120.55,200,400,1257550
NIFTY13OCT2217500CE.NFO,06/10/2022,09:23:49,120.3,120,650,120.3,50,2900,1257550
NIFTY13OCT2217500CE.NFO,06/10/2022,09:23:50,119.6,119.7,50,119.85,500,600,1257550
NIFTY13OCT2217500CE.NFO,06/10/2022,09:23:52,120.6,120.35,200,120.6,500,1550,1257550
NIFTY13OCT2217500CE.NFO,06/10/2022,09:23:54,120.3,120.45,650,120.8,150,600,1257550
NIFTY13OCT2217500CE.NFO,06/10/2022,09:23:55,120.45,120.6,100,120.85,50,550,1257550
NIFTY13OCT2217500CE.NFO,06/10/2022,09:23:57,120.45,120.6,1850,120.95,100,500,1257550
NIFTY13OCT2217500CE.NFO,06/10/2022,09:23:59,121.1,120.85,600,121.25,200,1300,1257550
NIFTY13OCT2217500CE.NFO,06/10/2022,09:24:00,121,120.95,50,121.15,100,5700,1257550
NIFTY13OCT2217500CE.NFO,06/10/2022,09:24:02,120.2,120.15,100,120.55,200,1100,1257550
NIFTY13OCT2217500CE.NFO,06/10/2022,09:24:04,120.15,119.6,150,119.85,1400,2050,1257550
NIFTY13OCT2217500CE.NFO,06/10/2022,09:24:05,119.75,119.65,200,119.95,150,950,1257550
NIFTY13OCT2217500CE.NFO,06/10/2022,09:24:07,120.15,120,150,120.25,1350,350,1257550
NIFTY13OCT2217500CE.NFO,06/10/2022,09:24:09,119.55,119.65,150,119.95,350,1750,1257550
NIFTY13OCT2217500CE.NFO,06/10/2022,09:24:10,119.55,119.45,50,119.55,200,550,1257550
NIFTY13OCT2217500CE.NFO,06/10/2022,09:24:12,119.5,119.35,50,119.5,150,8400,1257550
NIFTY13OCT2217500CE.NFO,06/10/2022,09:24:14,120.65,120.5,2100,120.8,50,2950,1257550
NIFTY13OCT2217500CE.NFO,06/10/2022,09:24:15,120.6,120.65,50,120.95,50,250,1257550
NIFTY13OCT2217500CE.NFO,06/10/2022,09:24:17,121.35,120.95,1000,121.3,500,2200,1257550
NIFTY13OCT2217500CE.NFO,06/10/2022,09:24:19,121.8,121.85,350,121.9,50,2350,1257550
NIFTY13OCT2217500CE.NFO,06/10/2022,09:24:20,121.2,121.15,50,121.25,50,800,1257550
NIFTY13OCT2217500CE.NFO,06/10/2022,09:24:22,121.05,120.95,1300,121.3,200,6700,1257550
NIFTY13OCT2217500CE.NFO,06/10/2022,09:24:24,121,121.1,100,121.4,200,1700,1257550
NIFTY13OCT2217500CE.NFO,06/10/2022,09:24:25,120.9,120.65,50,120.9,50,800,1257550
NIFTY13OCT2217500CE.NFO,06/10/2022,09:24:27,121.2,121,450,121.25,100,1950,1257550
NIFTY13OCT2217500CE.NFO,06/10/2022,09:24:29,120.95,120.9,50,121.2,350,300,1257550
NIFTY13OCT2217500CE.NFO,06/10/2022,09:24:30,121.9,121.8,300,122.15,200,1550,1257550
NIFTY13OCT2217500CE.NFO,06/10/2022,09:24:32,122,121.6,150,121.8,50,900,1257550
NIFTY13OCT2217500CE.NFO,06/10/2022,09:24:34,122,121.75,1350,122.05,50,6950,1257550
NIFTY13OCT2217500CE.NFO,06/10/2022,09:24:35,121.45,121.3,450,121.7,900,750,1257550
NIFTY13OCT2217500CE.NFO,06/10/2022,09:24:37,121.75,121.95,200,122.3,100,4250,1257550
NIFTY13OCT2217500CE.NFO,06/10/2022,09:24:39,122.4,122.3,800,122.65,150,1800,1257550
NIFTY13OCT2217500CE.NFO,06/10/2022,09:24:40,122.25,122,1650,122.35,100,2250,1257550
NIFTY13OCT2217500CE.NFO,06/10/2022,09:24:42,122,121.7,1050,122,850,3000,1257550
NIFTY13OCT2217500CE.NFO,06/10/2022,09:24:44,121.8,121.65,100,121.8,450,1700,1257550
NIFTY13OCT2217500CE.NFO,06/10/2022,09:24:45,121.2,120.9,50,121.2,400,2050,1257550
NIFTY13OCT2217500CE.NFO,06/10/2022,09:24:47,120.55,120.6,50,120.8,400,750,1257550
NIFTY13OCT2217500CE.NFO,06/10/2022,09:24:49,120.35,120.45,100,120.7,200,2700,1257550
NIFTY13OCT2217500CE.NFO,06/10/2022,09:24:50,120.05,119.8,900,120.15,200,2500,1257550
NIFTY13OCT2217500CE.NFO,06/10/2022,09:24:52,120.4,120.3,150,120.65,150,550,1257550
NIFTY13OCT2217500CE.NFO,06/10/2022,09:24:54,120.6,120.5,150,120.75,350,2150,1257550
NIFTY13OCT2217500CE.NFO,06/10/2022,09:24:55,121.25,120.9,150,121.25,1400,750,1257550
NIFTY13OCT2217500CE.NFO,06/10/2022,09:24:57,120.95,120.95,100,121.3,50,1750,1257550
NIFTY13OCT2217500CE.NFO,06/10/2022,09:24:59,121.2,120.85,450,121.15,150,150,1257550
NIFTY13OCT2217500CE.NFO,06/10/2022,09:25:00,121.7,121.4,250,121.7,100,2750,1257550
NIFTY13OCT2217500CE.NFO,06/10/2022,09:25:02,121.45,121.35,100,121.65,100,4950,1257550
NIFTY13OCT2217500CE.NFO,06/10/2022,09:25:04,121.6,121.45,100,121.75,700,2400,1257550
NIFTY13OCT2217500CE.NFO,06/10/2022,09:25:05,120.55,120.6,50,120.75,350,900,1257550
NIFTY13OCT2217500CE.NFO,06/10/2022,09:25:07,120.35,120.1,150,120.35,50,900,1257550
NIFTY13OCT2217500CE.NFO,06/10/2022,09:25:09,120.65,120.4,200,120.6,50,150,1257550
NIFTY13OCT2217500CE.NFO,06/10/2022,09:25:10,121,120.95,100,121.25,350,800,1257550
NIFTY13OCT2217500CE.NFO,06/10/2022,09:25:12,121.15,121.2,500,121.55,600,1050,1257550
NIFTY13OCT2217500CE.NFO,06/10/2022,09:25:14,121.25,121,950,121.35,200,1950,1257550
NIFTY13OCT2217500CE.NFO,06/10/2022,09:25:15,120.75,120.45,200,120.75,50,250,1257550
NIFTY13OCT2217500CE.NFO,06/10/2022,09:25:17,120.6,120.3,50,120.6,100,450,1257550
NIFTY13OCT2217500CE.NFO,06/10/2022,09:25:19,120.75,120.45,50,120.75,100,650,1257550
NIFTY13OCT2217500CE.NFO,06/10/2022,09:25:20,120.65,120.3,100,120.6,800,1500,1257550
NIFTY13OCT2217500CE.NFO,06/10/2022,09:25:22,120.05,119.75,50,120.1,550,5350,1257550
NIFTY13OCT2217500CE.NFO,06/10/2022,09:25:24,120.75,120.4,350,120.65,50,2100,1257550
NIFTY13OCT2217500CE.NFO,06/10/2022,09:25:26,120.55,120.2,350,120.45,200,150,1257550
NIFTY13OCT2217500CE.NFO,06/10/2022,09:25:27,120.9,120.9,50,121.25,50,250,1257550
NIFTY13OCT2217500CE.NFO,06/10/2022,09:25:29,121.15,121,100,121.35,150,600,1257550
NIFTY13OCT2217500CE.NFO,06/10/2022,09:25:31,121.3,121.3,100,121.6,200,1350,1257550
NIFTY13OCT2217500CE.NFO,06/10/2022,09:25:32,121.6,121.6,50,121.95,600,950,1257550
NIFTY13OCT2217500CE.NFO,06/10/2022,09:25:34,121.3,121.65,150,121.95,200,3450,1257550
NIFTY13OCT2217500CE.NFO,06/10/2022,09:25:36,122.5,122.25,100,122.5,850,2850,1257550
NIFTY13OCT2217500CE.NFO,06/10/2022,09:25:37,122.75,122.5,200,122.8,250,1150,1257550
NIFTY13OCT2217500CE.NFO,06/10/2022,09:25:39,123.35,123.25,400,123.6,50,1600,1257550
NIFTY13OCT2217500CE.NFO,06/10/2022,09:25:41,123.2,123.25,50,123.5,100,5150,1257550
NIFTY13OCT2217500CE.NFO,06/10/2022,09:25:42,123.6,123.4,1450,123.85,350,2600,1257550
NIFTY13OCT2217500CE.NFO,06/10/2022,09:25:44,123.35,123.05,250,123.35,50,1900,1257550
NIFTY13OCT2217500CE.NFO,06/10/2022,09:25:46,123.35,123.05,100,123.4,1450,750,1257550
NIFTY13OCT2217500CE.NFO,06/10/2022,09:25:47,123.4,122.9,200,123.25,50,750,1257550
NIFTY13OCT2217500CE.NFO,06/10/2022,09:25:49,123,122.65,250,123,150,750,1257550
NIFTY13OCT2217500CE.NFO,06/10/2022,09:25:51,122.45,122.2,100,122.5,1200,1800,1257550
NIFTY13OCT2217500CE.NFO,06/10/2022,09:25:52,122.9,122.15,300,122.55,250,400,1257550
NIFTY13OCT2217500CE.NFO,06/10/2022,09:25:54,121.7,121.8,50,122.1,50,700,1257550
NIFTY13OCT2217500CE.NFO,06/10/2022,09:25:56,122.4,122,1150,122.4,250,1350,1257550
NIFTY13OCT2217500CE.NFO,06/10/2022,09:25:57,122.25,121.9,200,122.2,100,1500,1257550
NIFTY13OCT2217500CE.NFO,06/10/2022,09:25:59,122.7,122.65,250,122.9,50,150,1257550
NIFTY13OCT2217500CE.NFO,06/10/2022,09:26:01,123.8,123.4,400,123.75,100,2550,1257550
NIFTY13OCT2217500CE.NFO,06/10/2022,09:26:02,123,122.8,550,123.15,400,450,1257550
NIFTY13OCT2217500CE.NFO,06/10/2022,09:26:04,123.7,123.4,500,123.8,250,350,1257550
NIFTY13OCT2217500CE.NFO,06/10/2022,09:26:06,124.1,123.9,50,124.3,100,1450,1257550
NIFTY13OCT2217500CE.NFO,06/10/2022,09:26:07,123.65,123.7,200,123.95,200,550,1257550
NIFTY13OCT2217500CE.NFO,06/10/2022,09:26:09,124,123.95,50,124.3,150,400,1257550
NIFTY13OCT2217500CE.NFO,06/10/2022,09:26:11,123.5,123.2,200,123.5,50,2500,1257550
NIFTY13OCT2217500CE.NFO,06/10/2022,09:26:12,123.95,123.6,150,123.85,50,3100,1257550
NIFTY13OCT2217500CE.NFO,06/10/2022,09:26:14,124.75,124.6,100,124.8,200,1950,1257550
NIFTY13OCT2217500CE.NFO,06/10/2022,09:26:14,124.8,124.4,50,124.75,250,100,1257550
NIFTY13OCT2217500CE.NFO,06/10/2022,09:26:16,124.8,124.55,250,124.85,750,3650,1257550
NIFTY13OCT2217500CE.NFO,06/10/2022,09:26:17,125.3,125.15,100,125.5,200,13250,1257550
NIFTY13OCT2217500CE.NFO,06/10/2022,09:26:19,124.8,124.5,50,124.8,250,950,1257550
NIFTY13OCT2217500CE.NFO,06/10/2022,09:26:21,123.45,123.4,200,123.6,350,3450,1257550
NIFTY13OCT2217500CE.NFO,06/10/2022,09:26:22,123.55,123.15,400,123.55,100,1150,1257550
NIFTY13OCT2217500CE.NFO,06/10/2022,09:26:24,123.65,123.8,400,124.1,200,1000,1257550
NIFTY13OCT2217500CE.NFO,06/10/2022,09:26:26,124.3,123.45,600,123.9,1150,200,1257550
NIFTY13OCT2217500CE.NFO,06/10/2022,09:26:27,123.9,123.65,200,123.95,100,450,1257550
NIFTY13OCT2217500CE.NFO,06/10/2022,09:26:29,124.55,124.25,600,124.55,50,350,1257550
NIFTY13OCT2217500CE.NFO,06/10/2022,09:26:31,125.25,125,500,125.3,550,1200,1257550
NIFTY13OCT2217500CE.NFO,06/10/2022,09:26:32,125.15,124.9,800,125.15,1050,100,1257550
NIFTY13OCT2217500CE.NFO,06/10/2022,09:26:34,124.95,124.8,50,125.05,200,1050,1257550
NIFTY13OCT2217500CE.NFO,06/10/2022,09:26:36,124.9,125.05,150,125.2,50,500,1279850
NIFTY13OCT2217500CE.NFO,06/10/2022,09:26:37,124.8,124.6,100,124.95,100,550,1279850
NIFTY13OCT2217500CE.NFO,06/10/2022,09:26:39,125.3,124.85,150,125.25,300,350,1279850
NIFTY13OCT2217500CE.NFO,06/10/2022,09:26:41,125,124.75,1000,125,1200,300,1279850
NIFTY13OCT2217500CE.NFO,06/10/2022,09:26:42,124.3,124.05,350,124.4,700,1650,1279850
NIFTY13OCT2217500CE.NFO,06/10/2022,09:26:44,124.5,124.4,100,124.75,1450,800,1279850
NIFTY13OCT2217500CE.NFO,06/10/2022,09:26:46,125.2,125,50,125.3,400,400,1279850
NIFTY13OCT2217500CE.NFO,06/10/2022,09:26:47,125,124.7,250,125,2300,1800,1279850
NIFTY13OCT2217500CE.NFO,06/10/2022,09:26:49,124.15,124.15,650,124.5,150,3600,1279850
NIFTY13OCT2217500CE.NFO,06/10/2022,09:26:51,124.2,123.95,300,124.3,50,1250,1279850
NIFTY13OCT2217500CE.NFO,06/10/2022,09:26:52,123.55,123.7,200,124,2750,1050,1279850
NIFTY13OCT2217500CE.NFO,06/10/2022,09:26:54,123.7,123.4,500,123.7,50,3500,1279850
NIFTY13OCT2217500CE.NFO,06/10/2022,09:26:56,123.25,122.85,100,123,50,2050,1279850
NIFTY13OCT2217500CE.NFO,06/10/2022,09:26:57,122.7,122.4,700,122.65,50,2500,1279850
NIFTY13OCT2217500CE.NFO,06/10/2022,09:26:59,123.1,123.1,50,123.15,50,750,1279850
NIFTY13OCT2217500CE.NFO,06/10/2022,09:27:01,124.1,124,900,124.4,450,1650,1279850
NIFTY13OCT2217500CE.NFO,06/10/2022,09:27:02,124.5,123.95,50,124.25,50,2050,1279850
NIFTY13OCT2217500CE.NFO,06/10/2022,09:27:04,123.1,123.15,200,123.55,450,850,1279850
NIFTY13OCT2217500CE.NFO,06/10/2022,09:27:06,123.25,123.15,50,123.5,1850,300,1279850
NIFTY13OCT2217500CE.NFO,06/10/2022,09:27:07,123.7,123.3,100,123.65,550,1650,1279850
NIFTY13OCT2217500CE.NFO,06/10/2022,09:27:09,123.6,123.45,500,123.75,450,250,1279850
NIFTY13OCT2217500CE.NFO,06/10/2022,09:27:11,123.15,123,100,123.25,550,500,1279850
NIFTY13OCT2217500CE.NFO,06/10/2022,09:27:12,123.15,123.1,450,123.45,400,250,1279850
NIFTY13OCT2217500CE.NFO,06/10/2022,09:27:14,122.4,122.4,50,122.7,100,550,1279850
NIFTY13OCT2217500CE.NFO,06/10/2022,09:27:16,122.2,122.1,150,122.4,200,1350,1279850
NIFTY13OCT2217500CE.NFO,06/10/2022,09:27:17,122.85,122.5,50,122.85,350,3200,1279850
NIFTY13OCT2217500CE.NFO,06/10/2022,09:27:19,122.6,122.15,950,122.55,200,300,1279850
NIFTY13OCT2217500CE.NFO,06/10/2022,09:27:21,121.65,121.65,50,121.85,200,1500,1279850
NIFTY13OCT2217500CE.NFO,06/10/2022,09:27:22,121.35,121.3,100,121.55,500,2250,1279850
NIFTY13OCT2217500CE.NFO,06/10/2022,09:27:24,120.8,120.55,100,120.9,50,3550,1279850
NIFTY13OCT2217500CE.NFO,06/10/2022,09:27:26,121,120.55,450,120.85,50,450,1279850
NIFTY13OCT2217500CE.NFO,06/10/2022,09:27:27,120.55,120.35,150,120.55,500,1000,1279850
NIFTY13OCT2217500CE.NFO,06/10/2022,09:27:29,120.2,120.2,100,120.5,250,1850,1279850
NIFTY13OCT2217500CE.NFO,06/10/2022,09:27:31,120.45,120.1,100,120.35,200,450,1279850
NIFTY13OCT2217500CE.NFO,06/10/2022,09:27:32,119.8,119.3,50,119.65,100,8050,1279850
NIFTY13OCT2217500CE.NFO,06/10/2022,09:27:34,119.35,119.05,100,119.4,1500,1200,1279850
NIFTY13OCT2217500CE.NFO,06/10/2022,09:27:36,119.65,119.55,250,119.8,50,2300,1279850
NIFTY13OCT2217500CE.NFO,06/10/2022,09:27:37,119.2,119.25,200,119.6,900,600,1279850
NIFTY13OCT2217500CE.NFO,06/10/2022,09:27:39,119.8,119.6,50,119.95,100,2300,1279850
NIFTY13OCT2217500CE.NFO,06/10/2022,09:27:41,118.9,118.8,50,119.15,550,500,1279850
NIFTY13OCT2217500CE.NFO,06/10/2022,09:27:42,118.85,118.55,100,118.9,1400,450,1279850
NIFTY13OCT2217500CE.NFO,06/10/2022,09:27:44,119.6,119.3,250,119.6,350,1200,1279850
NIFTY13OCT2217500CE.NFO,06/10/2022,09:27:46,120,120.1,350,120.45,50,150,1279850
NIFTY13OCT2217500CE.NFO,06/10/2022,09:27:48,120.45,120.8,200,121,1150,50,1279850
NIFTY13OCT2217500CE.NFO,06/10/2022,09:27:49,120.55,120.5,200,120.85,100,1700,1279850
NIFTY13OCT2217500CE.NFO,06/10/2022,09:27:51,120.3,120.05,400,120.45,900,1700,1279850
NIFTY13OCT2217500CE.NFO,06/10/2022,09:27:53,119.8,119.85,50,120.2,450,1850,1279850
NIFTY13OCT2217500CE.NFO,06/10/2022,09:27:54,120.65,120.55,950,120.9,200,1100,1279850
NIFTY13OCT2217500CE.NFO,06/10/2022,09:27:56,121.45,121.4,350,121.7,100,1050,1279850
NIFTY13OCT2217500CE.NFO,06/10/2022,09:27:58,122.35,122.25,150,122.5,50,800,1279850
NIFTY13OCT2217500CE.NFO,06/10/2022,09:27:59,121.55,121.45,50,121.75,100,650,1279850
NIFTY13OCT2217500CE.NFO,06/10/2022,09:28:01,122.6,122.25,1050,122.6,1000,1850,1279850
NIFTY13OCT2217500CE.NFO,06/10/2022,09:28:03,121.75,121.75,750,122.05,50,1450,1279850
NIFTY13OCT2217500CE.NFO,06/10/2022,09:28:04,121.9,121.8,600,122.15,200,350,1279850
NIFTY13OCT2217500CE.NFO,06/10/2022,09:28:06,122.05,122,2050,122.4,50,700,1279850
NIFTY13OCT2217500CE.NFO,06/10/2022,09:28:08,122.6,122.75,150,122.95,50,1200,1279850
NIFTY13OCT2217500CE.NFO,06/10/2022,09:28:09,122.95,122.95,500,123.25,50,1600,1279850
NIFTY13OCT2217500CE.NFO,06/10/2022,09:28:11,122.75,122.6,500,122.95,200,450,1279850
NIFTY13OCT2217500CE.NFO,06/10/2022,09:28:13,122.15,121.9,300,122.25,50,250,1279850
NIFTY13OCT2217500CE.NFO,06/10/2022,09:28:14,122.45,122.05,350,122.45,400,350,1279850
NIFTY13OCT2217500CE.NFO,06/10/2022,09:28:16,123,122.75,200,123.05,100,1850,1279850
NIFTY13OCT2217500CE.NFO,06/10/2022,09:28:17,122.7,123,300,123.3,200,400,1279850
NIFTY13OCT2217500CE.NFO,06/10/2022,09:28:19,122.3,122.25,1300,122.7,300,1050,1279850
NIFTY13OCT2217500CE.NFO,06/10/2022,09:28:21,123.15,122.8,250,123.15,250,200,1279850
NIFTY13OCT2217500CE.NFO,06/10/2022,09:28:22,122.5,122.55,200,122.8,350,150,1279850
NIFTY13OCT2217500CE.NFO,06/10/2022,09:28:24,122.35,122,3000,122.25,250,500,1279850
NIFTY13OCT2217500CE.NFO,06/10/2022,09:28:26,121.45,121.25,50,121.5,50,3450,1279850
NIFTY13OCT2217500CE.NFO,06/10/2022,09:28:27,122,121.85,50,122,50,650,1279850
NIFTY13OCT2217500CE.NFO,06/10/2022,09:28:29,122.5,122.3,950,122.6,50,1400,1279850
NIFTY13OCT2217500CE.NFO,06/10/2022,09:28:31,122.6,121.9,100,122.3,300,50,1279850
NIFTY13OCT2217500CE.NFO,06/10/2022,09:28:32,121.9,122,1050,122.4,400,1200,1279850
NIFTY13OCT2217500CE.NFO,06/10/2022,09:28:34,122.35,122.25,300,122.45,250,300,1279850
NIFTY13OCT2217500CE.NFO,06/10/2022,09:28:36,122.85,122.5,300,122.9,1050,450,1279850
NIFTY13OCT2217500CE.NFO,06/10/2022,09:28:37,123.55,123.15,50,123.45,550,1150,1279850
NIFTY13OCT2217500CE.NFO,06/10/2022,09:28:39,122.3,122.45,700,122.75,650,650,1279850
NIFTY13OCT2217500CE.NFO,06/10/2022,09:28:41,122.85,123.2,400,123.5,150,800,1279850
NIFTY13OCT2217500CE.NFO,06/10/2022,09:28:42,123.75,123.6,200,123.95,550,100,1279850
NIFTY13OCT2217500CE.NFO,06/10/2022,09:28:44,124.35,124.1,50,124.4,600,2050,1279850
NIFTY13OCT2217500CE.NFO,06/10/2022,09:28:46,124.85,124.75,400,125,4800,1350,1279850
NIFTY13OCT2217500CE.NFO,06/10/2022,09:28:47,124.6,124.65,50,125,4850,700,1279850
NIFTY13OCT2217500CE.NFO,06/10/2022,09:28:49,124.8,124.85,300,125.25,250,5100,1279850
NIFTY13OCT2217500CE.NFO,06/10/2022,09:28:51,125.3,124.95,1500,125.3,400,1050,1279850
NIFTY13OCT2217500CE.NFO,06/10/2022,09:28:52,124.55,124.6,250,124.95,250,600,1279850
NIFTY13OCT2217500CE.NFO,06/10/2022,09:28:54,125.2,124.7,250,125.05,400,550,1279850
NIFTY13OCT2217500CE.NFO,06/10/2022,09:28:56,125.1,125.1,1750,125.45,250,2200,1279850
NIFTY13OCT2217500CE.NFO,06/10/2022,09:28:57,125.8,125.25,600,125.65,100,150,1279850
NIFTY13OCT2217500CE.NFO,06/10/2022,09:28:59,124.5,124.4,300,124.75,50,2000,1279850
NIFTY13OCT2217500CE.NFO,06/10/2022,09:29:01,125,125.1,450,125.45,50,850,1279850
NIFTY13OCT2217500CE.NFO,06/10/2022,09:29:02,125.2,124.5,50,124.85,700,4700,1279850
NIFTY13OCT2217500CE.NFO,06/10/2022,09:29:04,125.45,125.1,150,125.45,150,1950,1279850
NIFTY13OCT2217500CE.NFO,06/10/2022,09:29:06,125.85,125.7,100,125.9,50,800,1279850
NIFTY13OCT2217500CE.NFO,06/10/2022,09:29:07,126.3,126.5,100,126.8,50,6100,1279850
NIFTY13OCT2217500CE.NFO,06/10/2022,09:29:09,126.8,126.7,400,126.85,200,1950,1279850
NIFTY13OCT2217500CE.NFO,06/10/2022,09:29:11,126.95,126.6,100,126.95,150,1300,1279850
NIFTY13OCT2217500CE.NFO,06/10/2022,09:29:12,126.75,126.7,50,127,2150,1850,1279850
NIFTY13OCT2217500CE.NFO,06/10/2022,09:29:14,125.9,126,50,126.25,500,800,1279850
NIFTY13OCT2217500CE.NFO,06/10/2022,09:29:16,126.45,126.1,200,126.45,50,1100,1279850
NIFTY13OCT2217500CE.NFO,06/10/2022,09:29:17,126.4,126.05,700,126.5,700,750,1279850
NIFTY13OCT2217500CE.NFO,06/10/2022,09:29:19,127.3,127.15,200,127.45,350,2750,1279850
NIFTY13OCT2217500CE.NFO,06/10/2022,09:29:21,128.3,127.9,50,128.25,200,6600,1279850
NIFTY13OCT2217500CE.NFO,06/10/2022,09:29:22,127.05,126.95,800,127.35,250,3800,1279850
NIFTY13OCT2217500CE.NFO,06/10/2022,09:29:24,127.35,127.2,200,127.55,1000,1800,1279850
NIFTY13OCT2217500CE.NFO,06/10/2022,09:29:26,126.45,126.3,50,126.6,550,1550,1279850
NIFTY13OCT2217500CE.NFO,06/10/2022,09:29:27,126,125.75,50,126.1,50,700,1279850
NIFTY13OCT2217500CE.NFO,06/10/2022,09:29:29,126.8,126.3,50,126.55,150,300,1279850
NIFTY13OCT2217500CE.NFO,06/10/2022,09:29:31,126.6,126.7,50,127.1,250,550,1279850
NIFTY13OCT2217500CE.NFO,06/10/2022,09:29:32,127.05,127.1,50,127.35,1500,1000,1279850
NIFTY13OCT2217500CE.NFO,06/10/2022,09:29:34,127.8,127.4,50,127.7,200,2550,1279850
NIFTY13OCT2217500CE.NFO,06/10/2022,09:29:36,127.25,127.35,100,127.6,200,150,1298200
NIFTY13OCT2217500CE.NFO,06/10/2022,09:29:37,127.05,126.8,150,127.05,700,1050,1298200
NIFTY13OCT2217500CE.NFO,06/10/2022,09:29:39,126.8,126.65,50,126.95,850,400,1298200
NIFTY13OCT2217500CE.NFO,06/10/2022,09:29:41,126.3,126.3,150,126.65,400,1000,1298200
NIFTY13OCT2217500CE.NFO,06/10/2022,09:29:42,126.75,126.6,50,126.75,550,250,1298200
NIFTY13OCT2217500CE.NFO,06/10/2022,09:29:44,126.35,126.4,650,126.8,250,6050,1298200
NIFTY13OCT2217500CE.NFO,06/10/2022,09:29:46,126.95,126.8,350,127,550,1300,1298200
NIFTY13OCT2217500CE.NFO,06/10/2022,09:29:47,126.65,126.65,50,126.9,1050,700,1298200
NIFTY13OCT2217500CE.NFO,06/10/2022,09:29:49,126.35,126.3,100,126.6,250,350,1298200
NIFTY13OCT2217500CE.NFO,06/10/2022,09:29:51,126.8,126.55,200,126.85,100,300,1298200
NIFTY13OCT2217500CE.NFO,06/10/2022,09:29:53,127,126.7,50,127,200,600,1298200
NIFTY13OCT2217500CE.NFO,06/10/2022,09:29:54,126.7,126.5,150,126.8,50,2000,1298200
NIFTY13OCT2217500CE.NFO,06/10/2022,09:29:56,126.7,126.8,200,127.15,400,400,1298200
NIFTY13OCT2217500CE.NFO,06/10/2022,09:29:58,126.9,126.8,100,127.15,50,600,1298200
NIFTY13OCT2217500CE.NFO,06/10/2022,09:29:59,126.95,126.65,200,126.95,150,700,1298200
NIFTY13OCT2217500CE.NFO,06/10/2022,09:30:01,128,127.75,300,128,900,1650,1298200
NIFTY13OCT2217500CE.NFO,06/10/2022,09:30:03,127.35,127.15,450,127.3,50,1850,1298200
NIFTY13OCT2217500CE.NFO,06/10/2022,09:30:04,127.9,127.6,650,128,850,2500,1298200
NIFTY13OCT2217500CE.NFO,06/10/2022,09:30:06,127.95,127.8,100,128.2,200,2900,1298200
NIFTY13OCT2217500CE.NFO,06/10/2022,09:30:08,128.1,128,350,128.3,200,1050,1298200
NIFTY13OCT2217500CE.NFO,06/10/2022,09:30:09,129,128.95,400,129.1,50,6000,1298200
NIFTY13OCT2217500CE.NFO,06/10/2022,09:30:11,128.55,128.6,50,128.85,50,850,1298200
NIFTY13OCT2217500CE.NFO,06/10/2022,09:30:13,128.6,128.2,200,128.55,50,1550,1298200
NIFTY13OCT2217500CE.NFO,06/10/2022,09:30:14,128.75,128.55,400,128.9,50,650,1298200
NIFTY13OCT2217500CE.NFO,06/10/2022,09:30:16,129.5,129.3,950,129.45,100,2300,1298200
NIFTY13OCT2217500CE.NFO,06/10/2022,09:30:18,129.35,129.05,50,129.35,450,1500,1298200
NIFTY13OCT2217500CE.NFO,06/10/2022,09:30:19,129.5,129.4,550,129.75,50,3000,1298200
NIFTY13OCT2217500CE.NFO,06/10/2022,09:30:21,129.35,129.2,50,129.45,50,1400,1298200
NIFTY13OCT2217500CE.NFO,06/10/2022,09:30:23,129.2,129,1650,129.2,50,1950,1298200
NIFTY13OCT2217500CE.NFO,06/10/2022,09:30:24,129.2,129.15,200,129.5,700,1600,1298200
NIFTY13OCT2217500CE.NFO,06/10/2022,09:30:26,129.05,128.7,200,129.05,400,1800,1298200
NIFTY13OCT2217500CE.NFO,06/10/2022,09:30:28,128.25,128.3,200,128.55,200,2050,1298200
NIFTY13OCT2217500CE.NFO,06/10/2022,09:30:29,128,127.95,350,128.35,50,3200,1298200
NIFTY13OCT2217500CE.NFO,06/10/2022,09:30:31,128.1,127.95,250,128.35,200,5200,1298200
NIFTY13OCT2217500CE.NFO,06/10/2022,09:30:33,127.9,127.9,50,128.3,800,1100,1298200
NIFTY13OCT2217500CE.NFO,06/10/2022,09:30:34,128.7,128.35,50,128.7,6300,250,1298200
NIFTY13OCT2217500CE.NFO,06/10/2022,09:30:36,128.45,128.5,150,128.7,4700,500,1298200
NIFTY13OCT2217500CE.NFO,06/10/2022,09:30:38,128.6,128.8,250,129,250,5650,1298200
NIFTY13OCT2217500CE.NFO,06/10/2022,09:30:39,128.55,128.35,50,128.65,100,250,1298200
NIFTY13OCT2217500CE.NFO,06/10/2022,09:30:41,128.45,128.15,100,128.45,50,1550,1298200
NIFTY13OCT2217500CE.NFO,06/10/2022,09:30:43,128.6,128.65,50,128.7,50,2150,1298200
NIFTY13OCT2217500CE.NFO,06/10/2022,09:30:44,128.8,128.95,100,129.3,100,1450,1298200
NIFTY13OCT2217500CE.NFO,06/10/2022,09:30:46,129.35,129.15,150,129.35,350,850,1298200
NIFTY13OCT2217500CE.NFO,06/10/2022,09:30:48,129.3,129,450,129.35,100,1400,1298200
NIFTY13OCT2217500CE.NFO,06/10/2022,09:30:49,129.45,129.05,250,129.35,50,650,1298200
NIFTY13OCT2217500CE.NFO,06/10/2022,09:30:51,129.1,129.05,400,129.45,1300,3300,1298200
NIFTY13OCT2217500CE.NFO,06/10/2022,09:30:53,129.1,128.8,50,129.05,50,1300,1298200
NIFTY13OCT2217500CE.NFO,06/10/2022,09:30:54,129.05,129,1200,129.4,100,1350,1298200
NIFTY13OCT2217500CE.NFO,06/10/2022,09:30:56,129.25,129,350,129.25,50,450,1298200
NIFTY13OCT2217500CE.NFO,06/10/2022,09:30:58,128.85,128.95,50,129.25,250,2150,1298200
NIFTY13OCT2217500CE.NFO,06/10/2022,09:30:59,129.15,129.15,150,129.2,100,2700,1298200
NIFTY13OCT2217500CE.NFO,06/10/2022,09:31:01,129.45,129,1050,129.3,850,2300,1298200
NIFTY13OCT2217500CE.NFO,06/10/2022,09:31:03,128.75,128.85,50,129.25,800,4200,1298200
NIFTY13OCT2217500CE.NFO,06/10/2022,09:31:04,128.35,128.3,50,128.65,200,4400,1298200
NIFTY13OCT2217500CE.NFO,06/10/2022,09:31:06,128.1,128,1150,128.25,700,750,1298200
NIFTY13OCT2217500CE.NFO,06/10/2022,09:31:08,128.75,128.15,200,128.55,550,200,1298200
NIFTY13OCT2217500CE.NFO,06/10/2022,09:31:09,128.6,128.15,150,128.5,550,550,1298200
NIFTY13OCT2217500CE.NFO,06/10/2022,09:31:11,128.5,128,2000,128.4,200,300,1298200
NIFTY13OCT2217500CE.NFO,06/10/2022,09:31:13,128.3,127.9,150,128.25,200,4400,1298200
NIFTY13OCT2217500CE.NFO,06/10/2022,09:31:14,128.25,127.65,150,127.95,50,1600,1298200
NIFTY13OCT2217500CE.NFO,06/10/2022,09:31:16,127,127,2400,127.25,200,2050,1298200
NIFTY13OCT2217500CE.NFO,06/10/2022,09:31:17,127,126.65,100,127,200,4150,1298200
NIFTY13OCT2217500CE.NFO,06/10/2022,09:31:19,126.75,126.45,50,126.8,650,6300,1298200
NIFTY13OCT2217500CE.NFO,06/10/2022,09:31:21,125.75,125.75,100,126.15,250,3300,1298200
NIFTY13OCT2217500CE.NFO,06/10/2022,09:31:22,125.05,125.05,200,125.5,1850,2050,1298200
NIFTY13OCT2217500CE.NFO,06/10/2022,09:31:24,125.15,125.1,50,125.4,100,950,1298200
NIFTY13OCT2217500CE.NFO,06/10/2022,09:31:26,124.8,124.75,400,125.1,450,3850,1298200
NIFTY13OCT2217500CE.NFO,06/10/2022,09:31:27,124.75,124.6,1150,124.9,50,150,1298200
NIFTY13OCT2217500CE.NFO,06/10/2022,09:31:29,124.75,124.75,500,125.1,150,1750,1298200
NIFTY13OCT2217500CE.NFO,06/10/2022,09:31:31,125.35,125.4,100,125.8,150,700,1298200
NIFTY13OCT2217500CE.NFO,06/10/2022,09:31:32,125.35,125.7,800,126,50,0,1298200
NIFTY13OCT2217500CE.NFO,06/10/2022,09:31:34,125.15,125.1,900,125.45,100,350,1298200
NIFTY13OCT2217500CE.NFO,06/10/2022,09:31:36,125,125,850,125.2,50,200,1298200
NIFTY13OCT2217500CE.NFO,06/10/2022,09:31:37,124.8,124.6,50,124.9,100,1100,1298200
NIFTY13OCT2217500CE.NFO,06/10/2022,09:31:39,124.6,124.45,50,124.75,50,450,1298200
NIFTY13OCT2217500CE.NFO,06/10/2022,09:31:41,124.05,124.15,100,124.45,100,800,1298200
NIFTY13OCT2217500CE.NFO,06/10/2022,09:31:42,124.8,124.6,600,124.95,150,1600,1298200
NIFTY13OCT2217500CE.NFO,06/10/2022,09:31:44,125.55,125.65,150,126,950,2250,1298200
NIFTY13OCT2217500CE.NFO,06/10/2022,09:31:46,126,125.1,50,125.55,200,800,1298200
NIFTY13OCT2217500CE.NFO,06/10/2022,09:31:47,125.7,125.4,150,125.7,300,750,1298200
NIFTY13OCT2217500CE.NFO,06/10/2022,09:31:49,125.7,125.25,200,125.55,50,200,1298200
NIFTY13OCT2217500CE.NFO,06/10/2022,09:31:51,125.75,125.45,50,125.85,150,1150,1298200
NIFTY13OCT2217500CE.NFO,06/10/2022,09:31:52,126,126.15,100,126.55,150,400,1298200
NIFTY13OCT2217500CE.NFO,06/10/2022,09:31:54,126.15,126.15,50,126.5,1450,350,1298200
NIFTY13OCT2217500CE.NFO,06/10/2022,09:31:56,126,125.55,150,125.9,400,1200,1298200
NIFTY13OCT2217500CE.NFO,06/10/2022,09:31:57,126.15,125.9,100,126.25,750,350,1298200
NIFTY13OCT2217500CE.NFO,06/10/2022,09:31:59,126.25,126.05,150,126.25,50,500,1298200
NIFTY13OCT2217500CE.NFO,06/10/2022,09:32:01,126.25,126,1800,126.2,550,600,1298200
NIFTY13OCT2217500CE.NFO,06/10/2022,09:32:02,125.95,125.6,50,125.95,200,2450,1298200
NIFTY13OCT2217500CE.NFO,06/10/2022,09:32:04,124.95,124.65,250,125.05,150,3150,1298200
NIFTY13OCT2217500CE.NFO,06/10/2022,09:32:06,125.45,125.8,150,126.15,100,1300,1298200
NIFTY13OCT2217500CE.NFO,06/10/2022,09:32:08,125.5,124.6,100,124.7,50,50,1298200
NIFTY13OCT2217500CE.NFO,06/10/2022,09:32:09,125,124.7,100,124.95,100,1200,1298200
NIFTY13OCT2217500CE.NFO,06/10/2022,09:32:11,124.85,124.8,350,125,400,500,1298200
NIFTY13OCT2217500CE.NFO,06/10/2022,09:32:13,124.75,124.45,50,124.75,50,400,1298200
NIFTY13OCT2217500CE.NFO,06/10/2022,09:32:14,124.75,124.4,50,124.6,150,0,1298200
NIFTY13OCT2217500CE.NFO,06/10/2022,09:32:16,124.4,124.2,200,124.35,50,250,1298200
NIFTY13OCT2217500CE.NFO,06/10/2022,09:32:18,124.25,124.2,200,124.35,50,1350,1298200
NIFTY13OCT2217500CE.NFO,06/10/2022,09:32:19,124.4,124.15,500,124.45,50,800,1298200
NIFTY13OCT2217500CE.NFO,06/10/2022,09:32:21,123.9,123.25,450,123.55,50,3200,1298200
NIFTY13OCT2217500CE.NFO,06/10/2022,09:32:23,123.95,123.75,150,124.1,400,4000,1298200
NIFTY13OCT2217500CE.NFO,06/10/2022,09:32:24,123.35,123.2,50,123.3,50,1050,1298200
NIFTY13OCT2217500CE.NFO,06/10/2022,09:32:26,122.65,122.35,100,122.65,50,750,1298200
NIFTY13OCT2217500CE.NFO,06/10/2022,09:32:28,122.35,122.45,100,122.65,300,600,1298200
NIFTY13OCT2217500CE.NFO,06/10/2022,09:32:29,122.15,121.75,1600,122,50,1950,1298200
NIFTY13OCT2217500CE.NFO,06/10/2022,09:32:31,122.05,121.9,850,122.25,50,2500,1298200
NIFTY13OCT2217500CE.NFO,06/10/2022,09:32:33,121.05,120.85,150,121,1400,1250,1298200
NIFTY13OCT2217500CE.NFO,06/10/2022,09:32:34,120.25,120.25,50,120.55,100,6450,1298200
NIFTY13OCT2217500CE.NFO,06/10/2022,09:32:36,120.1,120.1,550,120.55,1150,1250,1298200
NIFTY13OCT2217500CE.NFO,06/10/2022,09:32:38,120.25,120,3550,120.35,50,1150,1298200
NIFTY13OCT2217500CE.NFO,06/10/2022,09:32:39,120.7,120.3,50,120.6,250,1450,1298200
NIFTY13OCT2217500CE.NFO,06/10/2022,09:32:41,120.3,119.8,450,120.15,50,2750,1329600
NIFTY13OCT2217500CE.NFO,06/10/2022,09:32:43,120,120.25,50,120.3,50,850,1329600
NIFTY13OCT2217500CE.NFO,06/10/2022,09:32:44,119.8,119.45,50,119.7,200,1750,1329600
NIFTY13OCT2217500CE.NFO,06/10/2022,09:32:46,119.8,119.7,100,119.95,250,700,1329600
NIFTY13OCT2217500CE.NFO,06/10/2022,09:32:48,118.95,118.85,50,119.15,50,2200,1329600
NIFTY13OCT2217500CE.NFO,06/10/2022,09:32:49,120.05,119.75,1050,120.05,1900,2650,1329600
NIFTY13OCT2217500CE.NFO,06/10/2022,09:32:51,121.05,121.35,300,121.7,50,4100,1329600
NIFTY13OCT2217500CE.NFO,06/10/2022,09:32:53,122.65,122.65,250,122.85,50,3000,1329600
NIFTY13OCT2217500CE.NFO,06/10/2022,09:32:54,123.1,122.6,350,123,200,2300,1329600
NIFTY13OCT2217500CE.NFO,06/10/2022,09:32:56,123.25,123.05,100,123.35,50,1250,1329600
NIFTY13OCT2217500CE.NFO,06/10/2022,09:32:58,124.35,124.05,50,124.35,50,2450,1329600
NIFTY13OCT2217500CE.NFO,06/10/2022,09:32:59,123.4,123.35,100,123.65,200,1800,1329600
NIFTY13OCT2217500CE.NFO,06/10/2022,09:33:01,124.1,123.7,50,124.05,1150,3250,1329600
NIFTY13OCT2217500CE.NFO,06/10/2022,09:33:03,123.75,123.5,200,123.8,400,200,1329600
NIFTY13OCT2217500CE.NFO,06/10/2022,09:33:04,124,124,400,124.3,200,700,1329600
NIFTY13OCT2217500CE.NFO,06/10/2022,09:33:06,123.6,123.1,2050,123.4,200,400,1329600
NIFTY13OCT2217500CE.NFO,06/10/2022,09:33:08,123.15,123.1,2050,123.45,1550,350,1329600
NIFTY13OCT2217500CE.NFO,06/10/2022,09:33:09,122.85,122.4,200,122.65,50,3200,1329600
NIFTY13OCT2217500CE.NFO,06/10/2022,09:33:11,123.6,123.6,450,123.85,300,200,1329600
NIFTY13OCT2217500CE.NFO,06/10/2022,09:33:13,123.85,123.75,450,123.85,2800,800,1329600
NIFTY13OCT2217500CE.NFO,06/10/2022,09:33:14,124,123.85,50,124,450,3100,1329600
NIFTY13OCT2217500CE.NFO,06/10/2022,09:33:16,124.2,123.5,250,123.85,700,5400,1329600
NIFTY13OCT2217500CE.NFO,06/10/2022,09:33:18,123.6,123.65,50,123.95,100,1450,1329600
NIFTY13OCT2217500CE.NFO,06/10/2022,09:33:19,123.45,123.2,50,123.45,700,1000,1329600
NIFTY13OCT2217500CE.NFO,06/10/2022,09:33:21,124.15,123.8,1600,124.15,50,450,1329600
NIFTY13OCT2217500CE.NFO,06/10/2022,09:33:23,123.4,123.4,350,123.65,50,3200,1329600
NIFTY13OCT2217500CE.NFO,06/10/2022,09:33:24,123.3,123.15,50,123.35,50,50,1329600
NIFTY13OCT2217500CE.NFO,06/10/2022,09:33:26,123.05,122.7,50,123,650,2100,1329600
NIFTY13OCT2217500CE.NFO,06/10/2022,09:33:28,122.8,122.45,100,122.8,700,700,1329600
NIFTY13OCT2217500CE.NFO,06/10/2022,09:33:29,122.8,122.8,250,123.15,100,1250,1329600
NIFTY13OCT2217500CE.NFO,06/10/2022,09:33:31,122.65,122.4,50,122.75,600,100,1329600
NIFTY13OCT2217500CE.NFO,06/10/2022,09:33:33,122.05,122,250,122.15,350,350,1329600
NIFTY13OCT2217500CE.NFO,06/10/2022,09:33:34,121.3,121,250,121.3,200,950,1329600
NIFTY13OCT2217500CE.NFO,06/10/2022,09:33:36,121.75,121.55,350,121.75,150,950,1329600
NIFTY13OCT2217500CE.NFO,06/10/2022,09:33:38,120.75,120.5,100,120.85,1050,1900,1329600
NIFTY13OCT2217500CE.NFO,06/10/2022,09:33:39,120.8,120.85,750,121.15,50,550,1329600
NIFTY13OCT2217500CE.NFO,06/10/2022,09:33:41,121.3,121.35,400,121.6,50,1600,1329600
NIFTY13OCT2217500CE.NFO,06/10/2022,09:33:43,121.45,121.35,200,121.65,250,750,1329600
NIFTY13OCT2217500CE.NFO,06/10/2022,09:33:44,121.55,121,1300,121.35,300,100,1329600
NIFTY13OCT2217500CE.NFO,06/10/2022,09:33:46,120.55,120.1,450,120.45,250,1350,1329600
NIFTY13OCT2217500CE.NFO,06/10/2022,09:33:48,120.8,120.55,150,120.85,50,1250,1329600
NIFTY13OCT2217500CE.NFO,06/10/2022,09:33:49,121,120.65,450,120.95,200,700,1329600
NIFTY13OCT2217500CE.NFO,06/10/2022,09:33:51,121.6,121.45,100,121.8,50,600,1329600
NIFTY13OCT2217500CE.NFO,06/10/2022,09:33:53,122.1,122.25,400,122.65,100,650,1329600
NIFTY13OCT2217500CE.NFO,06/10/2022,09:33:54,122.85,122.25,1550,122.65,850,250,1329600
NIFTY13OCT2217500CE.NFO,06/10/2022,09:33:56,121.95,121.75,1550,122.15,100,300,1329600
NIFTY13OCT2217500CE.NFO,06/10/2022,09:33:58,121.65,121.45,400,121.8,850,700,1329600
NIFTY13OCT2217500CE.NFO,06/10/2022,09:33:59,121.95,121.6,350,121.9,250,650,1329600
NIFTY13OCT2217500CE.NFO,06/10/2022,09:34:01,122.35,122.05,50,122.35,100,1850,1329600
NIFTY13OCT2217500CE.NFO,06/10/2022,09:34:03,122.35,122.35,50,122.7,100,450,1329600
NIFTY13OCT2217500CE.NFO,06/10/2022,09:34:04,122.75,122.6,500,123,800,600,1329600
NIFTY13OCT2217500CE.NFO,06/10/2022,09:34:06,121.2,121,900,121.05,250,1300,1329600
NIFTY13OCT2217500CE.NFO,06/10/2022,09:34:08,120,119.65,150,119.95,250,7050,1329600
NIFTY13OCT2217500CE.NFO,06/10/2022,09:34:09,120,119.7,250,120.1,100,600,1329600
NIFTY13OCT2217500CE.NFO,06/10/2022,09:34:11,119.95,119.55,100,119.75,150,350,1329600
NIFTY13OCT2217500CE.NFO,06/10/2022,09:34:13,119.75,119.35,50,119.7,900,1900,1329600
NIFTY13OCT2217500CE.NFO,06/10/2022,09:34:14,120,120.2,300,120.55,300,700,1329600
NIFTY13OCT2217500CE.NFO,06/10/2022,09:34:16,120.55,120.25,50,120.55,50,950,1329600
NIFTY13OCT2217500CE.NFO,06/10/2022,09:34:18,120.4,120.05,100,120.4,1950,500,1329600
NIFTY13OCT2217500CE.NFO,06/10/2022,09:34:19,119.6,119.25,1350,119.6,2550,1200,1329600
NIFTY13OCT2217500CE.NFO,06/10/2022,09:34:21,119.35,119.25,200,119.55,850,700,1329600
NIFTY13OCT2217500CE.NFO,06/10/2022,09:34:23,120,119.75,200,120.05,800,800,1329600
NIFTY13OCT2217500CE.NFO,06/10/2022,09:34:24,119.2,119.05,450,119.4,900,550,1329600
NIFTY13OCT2217500CE.NFO,06/10/2022,09:34:26,118.75,118.6,200,118.95,900,4800,1329600
NIFTY13OCT2217500CE.NFO,06/10/2022,09:34:28,118.65,118.65,400,119.05,650,1950,1329600
NIFTY13OCT2217500CE.NFO,06/10/2022,09:34:29,119,118.85,50,119.1,1300,1000,1329600
NIFTY13OCT2217500CE.NFO,06/10/2022,09:34:31,119.45,118.95,50,119.15,100,2250,1329600
NIFTY13OCT2217500CE.NFO,06/10/2022,09:34:33,118.9,118.95,500,119.2,750,1150,1329600
NIFTY13OCT2217500CE.NFO,06/10/2022,09:34:34,118.95,118.65,100,119,850,1100,1329600
NIFTY13OCT2217500CE.NFO,06/10/2022,09:34:36,119,118.65,50,118.95,550,1350,1329600
NIFTY13OCT2217500CE.NFO,06/10/2022,09:34:38,118.3,118.05,100,118.3,1250,4700,1329600
NIFTY13OCT2217500CE.NFO,06/10/2022,09:34:39,118.45,118.05,350,118.45,50,1750,1329600
NIFTY13OCT2217500CE.NFO,06/10/2022,09:34:41,118.55,118.05,1100,118.4,250,1550,1329600
NIFTY13OCT2217500CE.NFO,06/10/2022,09:34:43,117.5,117.5,50,117.75,700,3900,1329600
NIFTY13OCT2217500CE.NFO,06/10/2022,09:34:44,117.55,117.55,250,117.85,550,2300,1329600
NIFTY13OCT2217500CE.NFO,06/10/2022,09:34:46,117,117,1150,117.25,800,1200,1329600
NIFTY13OCT2217500CE.NFO,06/10/2022,09:34:48,117,116.45,350,116.8,50,1900,1329600
NIFTY13OCT2217500CE.NFO,06/10/2022,09:34:49,116.2,116.2,50,116.35,500,1550,1329600
NIFTY13OCT2217500CE.NFO,06/10/2022,09:34:51,115.6,115.65,250,116,2550,4000,1329600
NIFTY13OCT2217500CE.NFO,06/10/2022,09:34:53,115.75,115.9,50,116.25,1250,750,1329600
NIFTY13OCT2217500CE.NFO,06/10/2022,09:34:54,116.4,116.5,600,116.8,300,3300,1329600
NIFTY13OCT2217500CE.NFO,06/10/2022,09:34:56,116.9,116.45,550,116.8,1350,2000,1329600
NIFTY13OCT2217500CE.NFO,06/10/2022,09:34:58,116.25,116.25,350,116.5,750,1500,1329600
NIFTY13OCT2217500CE.NFO,06/10/2022,09:34:59,115.7,115.5,200,115.7,250,4800,1329600
NIFTY13OCT2217500CE.NFO,06/10/2022,09:35:01,114.7,114.6,50,114.85,400,21950,1329600
NIFTY13OCT2217500CE.NFO,06/10/2022,09:35:03,116,116.05,250,116.25,50,2650,1329600
NIFTY13OCT2217500CE.NFO,06/10/2022,09:35:04,116.3,116.4,1550,116.8,400,2150,1329600
NIFTY13OCT2217500CE.NFO,06/10/2022,09:35:06,116.25,116.3,100,116.6,600,1050,1329600
NIFTY13OCT2217500CE.NFO,06/10/2022,09:35:08,116.1,116.05,100,116.3,300,1800,1329600
NIFTY13OCT2217500CE.NFO,06/10/2022,09:35:09,115.6,115.6,150,115.85,200,850,1329600
NIFTY13OCT2217500CE.NFO,06/10/2022,09:35:11,115.5,115.25,250,115.5,50,3900,1329600
NIFTY13OCT2217500CE.NFO,06/10/2022,09:35:13,115.45,115.4,1200,115.75,100,2050,1329600
NIFTY13OCT2217500CE.NFO,06/10/2022,09:35:14,115.9,115.6,250,115.85,250,3600,1329600
NIFTY13OCT2217500CE.NFO,06/10/2022,09:35:16,115.5,115.6,500,115.9,200,2450,1329600
NIFTY13OCT2217500CE.NFO,06/10/2022,09:35:18,115.65,115.25,2600,115.6,450,900,1329600
NIFTY13OCT2217500CE.NFO,06/10/2022,09:35:19,114.8,114.45,50,114.7,150,8750,1329600
NIFTY13OCT2217500CE.NFO,06/10/2022,09:35:21,114.65,114.45,200,114.7,100,2250,1329600
NIFTY13OCT2217500CE.NFO,06/10/2022,09:35:23,114.3,114.05,150,114.3,100,1750,1329600
NIFTY13OCT2217500CE.NFO,06/10/2022,09:35:24,113.75,113.8,550,114.1,200,900,1329600
NIFTY13OCT2217500CE.NFO,06/10/2022,09:35:26,113.2,113.25,100,113.6,150,1650,1329600
NIFTY13OCT2217500CE.NFO,06/10/2022,09:35:28,112.25,112.15,50,112.4,1100,2300,1329600
NIFTY13OCT2217500CE.NFO,06/10/2022,09:35:29,111.05,111.1,150,111.3,50,1150,1329600
NIFTY13OCT2217500CE.NFO,06/10/2022,09:35:31,111.45,111.1,800,111.4,900,3650,1329600
NIFTY13OCT2217500CE.NFO,06/10/2022,09:35:33,111.05,111,1800,111.3,400,1150,1329600
NIFTY13OCT2217500CE.NFO,06/10/2022,09:35:34,111.55,111.25,1100,111.55,800,3350,1329600
NIFTY13OCT2217500CE.NFO,06/10/2022,09:35:36,111.7,111.8,1200,112,150,650,1329600
NIFTY13OCT2217500CE.NFO,06/10/2022,09:35:38,112.15,111.7,50,111.9,50,600,1329600
NIFTY13OCT2217500CE.NFO,06/10/2022,09:35:39,112.4,112.45,50,112.7,200,3450,1376650
NIFTY13OCT2217500CE.NFO,06/10/2022,09:35:41,112.4,112.7,850,112.95,50,500,1376650
NIFTY13OCT2217500CE.NFO,06/10/2022,09:35:43,112.05,112.15,50,112.4,300,600,1376650
NIFTY13OCT2217500CE.NFO,06/10/2022,09:35:44,111.6,111.3,850,111.6,600,350,1376650
NIFTY13OCT2217500CE.NFO,06/10/2022,09:35:46,110.7,110.45,50,110.65,350,2600,1376650
NIFTY13OCT2217500CE.NFO,06/10/2022,09:35:48,110.2,110.2,900,110.5,150,1950,1376650
NIFTY13OCT2217500CE.NFO,06/10/2022,09:35:49,110.05,109.8,1250,110.1,400,6350,1376650
NIFTY13OCT2217500CE.NFO,06/10/2022,09:35:51,109.6,109.45,100,109.7,350,1350,1376650
NIFTY13OCT2217500CE.NFO,06/10/2022,09:35:53,108.45,108.35,100,108.7,50,6800,1376650
NIFTY13OCT2217500CE.NFO,06/10/2022,09:35:54,109.85,109.6,550,109.9,250,3350,1376650
NIFTY13OCT2217500CE.NFO,06/10/2022,09:35:56,110.25,110,50,110.25,100,750,1376650
NIFTY13OCT2217500CE.NFO,06/10/2022,09:35:58,110.15,109.95,200,110.2,50,5200,1376650
NIFTY13OCT2217500CE.NFO,06/10/2022,09:35:59,110.7,110.65,100,110.95,150,1850,1376650
NIFTY13OCT2217500CE.NFO,06/10/2022,09:36:01,108.5,108.4,50,108.6,250,6450,1376650
NIFTY13OCT2217500CE.NFO,06/10/2022,09:36:03,109.65,109.65,400,109.9,150,2650,1376650
NIFTY13OCT2217500CE.NFO,06/10/2022,09:36:04,109.75,109.55,50,109.65,350,2350,1376650
NIFTY13OCT2217500CE.NFO,06/10/2022,09:36:06,110.9,110.6,50,110.95,150,4000,1376650
NIFTY13OCT2217500CE.NFO,06/10/2022,09:36:08,111.2,111.1,50,111.45,300,900,1376650
NIFTY13OCT2217500CE.NFO,06/10/2022,09:36:09,111,111,50,111.25,2050,300,1376650
NIFTY13OCT2217500CE.NFO,06/10/2022,09:36:11,110.65,110.45,50,110.65,150,1500,1376650
NIFTY13OCT2217500CE.NFO,06/10/2022,09:36:13,110.35,110,50,110.3,200,5350,1376650
NIFTY13OCT2217500CE.NFO,06/10/2022,09:36:14,110.35,110.35,150,110.65,150,1100,1376650
NIFTY13OCT2217500CE.NFO,06/10/2022,09:36:16,110.35,110.05,300,110.35,500,1700,1376650
NIFTY13OCT2217500CE.NFO,06/10/2022,09:36:18,110.95,110.65,150,110.95,100,600,1376650
NIFTY13OCT2217500CE.NFO,06/10/2022,09:36:19,110.5,110.5,1200,110.85,600,500,1376650
NIFTY13OCT2217500CE.NFO,06/10/2022,09:36:21,110.7,110.4,1050,110.65,400,1250,1376650
NIFTY13OCT2217500CE.NFO,06/10/2022,09:36:23,110.5,110.45,100,110.6,50,16900,1376650
NIFTY13OCT2217500CE.NFO,06/10/2022,09:36:24,110.7,110.8,500,111.1,500,2150,1376650
NIFTY13OCT2217500CE.NFO,06/10/2022,09:36:26,111,110.9,100,111.15,350,700,1376650
NIFTY13OCT2217500CE.NFO,06/10/2022,09:36:28,110.5,110.4,150,110.75,350,1850,1376650
NIFTY13OCT2217500CE.NFO,06/10/2022,09:36:29,110.85,110.55,50,110.85,200,500,1376650
NIFTY13OCT2217500CE.NFO,06/10/2022,09:36:31,111.25,110.8,200,111.1,50,2950,1376650
NIFTY13OCT2217500CE.NFO,06/10/2022,09:36:33,110.9,111,50,111.35,700,1150,1376650
NIFTY13OCT2217500CE.NFO,06/10/2022,09:36:35,111.2,111.35,100,111.55,100,700,1376650
NIFTY13OCT2217500CE.NFO,06/10/2022,09:36:36,111.2,111.2,150,111.5,300,2450,1376650
NIFTY13OCT2217500CE.NFO,06/10/2022,09:36:38,111.2,111,50,111.25,800,500,1376650
NIFTY13OCT2217500CE.NFO,06/10/2022,09:36:40,110.9,110.55,100,110.85,350,2200,1376650
NIFTY13OCT2217500CE.NFO,06/10/2022,09:36:41,110.7,110.6,50,110.85,150,850,1376650
NIFTY13OCT2217500CE.NFO,06/10/2022,09:36:43,110.8,110.6,1500,110.8,50,200,1376650
NIFTY13OCT2217500CE.NFO,06/10/2022,09:36:45,110.8,110.55,100,110.75,50,300,1376650
NIFTY13OCT2217500CE.NFO,06/10/2022,09:36:46,110.35,110.35,1250,110.6,50,450,1376650
NIFTY13OCT2217500CE.NFO,06/10/2022,09:36:48,110.55,110.5,50,110.75,50,1050,1376650
NIFTY13OCT2217500CE.NFO,06/10/2022,09:36:50,110.55,110.25,50,110.5,250,3400,1376650
NIFTY13OCT2217500CE.NFO,06/10/2022,09:36:51,110.25,110.35,100,110.55,100,1800,1376650
NIFTY13OCT2217500CE.NFO,06/10/2022,09:36:53,110.4,110.15,1550,110.5,1250,500,1376650
NIFTY13OCT2217500CE.NFO,06/10/2022,09:36:55,110.75,110.55,600,110.8,950,1950,1376650
NIFTY13OCT2217500CE.NFO,06/10/2022,09:36:56,110.7,110.4,150,110.65,750,950,1376650
NIFTY13OCT2217500CE.NFO,06/10/2022,09:36:58,110.8,110.9,150,111.1,50,1050,1376650
NIFTY13OCT2217500CE.NFO,06/10/2022,09:37:00,111.15,111.15,300,111.5,900,1650,1376650
NIFTY13OCT2217500CE.NFO,06/10/2022,09:37:01,111.6,111.3,200,111.55,350,800,1376650
NIFTY13OCT2217500CE.NFO,06/10/2022,09:37:03,111.65,111.3,1100,111.65,50,950,1376650
NIFTY13OCT2217500CE.NFO,06/10/2022,09:37:05,111,110.6,750,110.85,300,10650,1376650
NIFTY13OCT2217500CE.NFO,06/10/2022,09:37:06,110.65,110.4,50,110.7,100,1100,1376650
NIFTY13OCT2217500CE.NFO,06/10/2022,09:37:08,110.5,110.6,100,110.95,300,1100,1376650
NIFTY13OCT2217500CE.NFO,06/10/2022,09:37:10,110.15,110.2,50,110.45,350,800,1376650
NIFTY13OCT2217500CE.NFO,06/10/2022,09:37:11,110.45,110.1,100,110.4,1050,250,1376650
NIFTY13OCT2217500CE.NFO,06/10/2022,09:37:13,109.4,109.3,50,109.5,50,6050,1376650
NIFTY13OCT2217500CE.NFO,06/10/2022,09:37:15,109.35,109.05,200,109.4,1550,850,1376650
NIFTY13OCT2217500CE.NFO,06/10/2022,09:37:16,109.7,109.75,50,110,50,2050,1376650
NIFTY13OCT2217500CE.NFO,06/10/2022,09:37:18,110.65,110.45,800,110.75,300,750,1376650
NIFTY13OCT2217500CE.NFO,06/10/2022,09:37:20,111.05,110.75,850,111.05,500,2100,1376650
NIFTY13OCT2217500CE.NFO,06/10/2022,09:37:21,111.5,111.1,100,111.45,600,2100,1376650
NIFTY13OCT2217500CE.NFO,06/10/2022,09:37:23,111.2,110.75,300,111,750,10050,1376650
NIFTY13OCT2217500CE.NFO,06/10/2022,09:37:25,111.5,111.2,800,111.55,300,1550,1376650
NIFTY13OCT2217500CE.NFO,06/10/2022,09:37:26,110.9,110.85,200,111.2,1800,850,1376650
NIFTY13OCT2217500CE.NFO,06/10/2022,09:37:28,111.7,111.7,400,111.95,250,600,1376650
NIFTY13OCT2217500CE.NFO,06/10/2022,09:37:30,112.3,112,1250,112.35,900,550,1376650
NIFTY13OCT2217500CE.NFO,06/10/2022,09:37:31,112.8,112.4,50,112.7,950,1150,1376650
NIFTY13OCT2217500CE.NFO,06/10/2022,09:37:33,112.45,112.35,1300,112.65,50,3400,1376650
NIFTY13OCT2217500CE.NFO,06/10/2022,09:37:35,112.4,111.8,650,112.15,600,3400,1376650
NIFTY13OCT2217500CE.NFO,06/10/2022,09:37:36,111.05,110.75,50,110.9,50,1100,1376650
NIFTY13OCT2217500CE.NFO,06/10/2022,09:37:38,110.5,110.2,850,110.55,1000,2050,1376650
NIFTY13OCT2217500CE.NFO,06/10/2022,09:37:40,110,110.2,1900,110.5,250,250,1376650
NIFTY13OCT2217500CE.NFO,06/10/2022,09:37:41,110.7,110.35,50,110.6,1250,200,1376650
NIFTY13OCT2217500CE.NFO,06/10/2022,09:37:43,109.85,109.55,100,109.9,1550,3550,1376650
NIFTY13OCT2217500CE.NFO,06/10/2022,09:37:45,110.7,110.65,250,110.95,950,900,1376650
NIFTY13OCT2217500CE.NFO,06/10/2022,09:37:46,111,110.6,500,110.85,550,1400,1376650
NIFTY13OCT2217500CE.NFO,06/10/2022,09:37:48,111.1,111.05,100,111.3,50,2550,1376650
NIFTY13OCT2217500CE.NFO,06/10/2022,09:37:50,110.5,110.45,50,110.75,1500,1850,1376650
NIFTY13OCT2217500CE.NFO,06/10/2022,09:37:51,110.7,110.7,200,110.95,50,1300,1376650
NIFTY13OCT2217500CE.NFO,06/10/2022,09:37:53,110,110,50,110.15,200,3400,1376650
NIFTY13OCT2217500CE.NFO,06/10/2022,09:37:55,110.1,110.05,100,110.4,500,1550,1376650
NIFTY13OCT2217500CE.NFO,06/10/2022,09:37:56,110.45,110.2,100,110.5,850,500,1376650
NIFTY13OCT2217500CE.NFO,06/10/2022,09:37:58,110.1,109.9,2400,110.25,650,1700,1376650
NIFTY13OCT2217500CE.NFO,06/10/2022,09:38:00,109.9,109.75,300,110.05,250,1650,1376650
NIFTY13OCT2217500CE.NFO,06/10/2022,09:38:01,109.75,109.7,50,109.95,150,3350,1376650
NIFTY13OCT2217500CE.NFO,06/10/2022,09:38:03,109.95,109.55,100,109.85,600,1500,1376650
NIFTY13OCT2217500CE.NFO,06/10/2022,09:38:05,110.55,110.2,250,110.45,350,1550,1376650
NIFTY13OCT2217500CE.NFO,06/10/2022,09:38:06,110.7,110.75,50,110.8,200,350,1376650
NIFTY13OCT2217500CE.NFO,06/10/2022,09:38:08,110.45,110.15,50,110.3,50,1600,1376650
NIFTY13OCT2217500CE.NFO,06/10/2022,09:38:10,110.2,110,400,110.1,50,450,1376650
NIFTY13OCT2217500CE.NFO,06/10/2022,09:38:11,110.2,110,700,110.3,200,350,1376650
NIFTY13OCT2217500CE.NFO,06/10/2022,09:38:13,110.45,110.4,800,110.75,1150,400,1376650
NIFTY13OCT2217500CE.NFO,06/10/2022,09:38:15,110.2,110.1,100,110.4,450,1900,1376650
NIFTY13OCT2217500CE.NFO,06/10/2022,09:38:16,110.35,110.35,50,110.45,500,650,1376650
NIFTY13OCT2217500CE.NFO,06/10/2022,09:38:18,111.35,111,2000,111.35,50,1350,1376650
NIFTY13OCT2217500CE.NFO,06/10/2022,09:38:20,111.5,111.35,350,111.6,100,300,1376650
NIFTY13OCT2217500CE.NFO,06/10/2022,09:38:21,111.6,111.3,50,111.65,350,1650,1376650
NIFTY13OCT2217500CE.NFO,06/10/2022,09:38:23,111,110.8,450,111.1,50,1600,1376650
NIFTY13OCT2217500CE.NFO,06/10/2022,09:38:25,110.1,109.9,200,110.1,350,2000,1376650
NIFTY13OCT2217500CE.NFO,06/10/2022,09:38:26,110.1,110.1,550,110.35,850,2450,1376650
NIFTY13OCT2217500CE.NFO,06/10/2022,09:38:28,110.2,110.3,100,110.4,1600,1900,1376650
NIFTY13OCT2217500CE.NFO,06/10/2022,09:38:30,110.25,110.15,100,110.35,50,2000,1376650
NIFTY13OCT2217500CE.NFO,06/10/2022,09:38:31,110.2,110,250,110.2,550,2300,1376650
NIFTY13OCT2217500CE.NFO,06/10/2022,09:38:33,110.4,110.65,300,110.95,200,2250,1376650
NIFTY13OCT2217500CE.NFO,06/10/2022,09:38:35,111,110.75,400,111.1,350,50,1376650
NIFTY13OCT2217500CE.NFO,06/10/2022,09:38:36,110.65,110.55,1350,110.9,300,1500,1406150
NIFTY13OCT2217500CE.NFO,06/10/2022,09:38:38,109.95,109.75,50,109.9,800,1350,1406150
NIFTY13OCT2217500CE.NFO,06/10/2022,09:38:40,109.5,109.35,50,109.55,500,1400,1406150
NIFTY13OCT2217500CE.NFO,06/10/2022,09:38:41,109.25,109.1,250,109.35,1000,150,1406150
NIFTY13OCT2217500CE.NFO,06/10/2022,09:38:43,109.5,109.1,250,109.4,1250,550,1406150
NIFTY13OCT2217500CE.NFO,06/10/2022,09:38:45,110.25,110.15,100,110.45,250,3000,1406150
NIFTY13OCT2217500CE.NFO,06/10/2022,09:38:46,111,110.85,50,111.1,700,3650,1406150
NIFTY13OCT2217500CE.NFO,06/10/2022,09:38:48,111.25,110.95,50,111.25,600,2200,1406150
NIFTY13OCT2217500CE.NFO,06/10/2022,09:38:50,111,110.7,200,111,450,200,1406150
NIFTY13OCT2217500CE.NFO,06/10/2022,09:38:51,111,110.95,1000,111.25,150,850,1406150
NIFTY13OCT2217500CE.NFO,06/10/2022,09:38:53,110.65,110.75,50,111,1050,950,1406150
NIFTY13OCT2217500CE.NFO,06/10/2022,09:38:55,110.95,110.9,100,111.15,200,500,1406150
NIFTY13OCT2217500CE.NFO,06/10/2022,09:38:56,111.8,111.3,1050,111.7,350,1350,1406150
NIFTY13OCT2217500CE.NFO,06/10/2022,09:38:58,112.3,112.2,150,112.35,200,1400,1406150
NIFTY13OCT2217500CE.NFO,06/10/2022,09:39:00,112.8,112.45,300,112.8,950,1350,1406150
NIFTY13OCT2217500CE.NFO,06/10/2022,09:39:01,112.45,112.3,50,112.5,150,150,1406150
NIFTY13OCT2217500CE.NFO,06/10/2022,09:39:03,112.15,112.05,50,112.35,300,2400,1406150
NIFTY13OCT2217500CE.NFO,06/10/2022,09:39:05,112,111.95,100,112.25,100,250,1406150
NIFTY13OCT2217500CE.NFO,06/10/2022,09:39:06,112.65,112.35,200,112.65,800,1600,1406150
NIFTY13OCT2217500CE.NFO,06/10/2022,09:39:08,112.7,112.5,50,112.75,200,2900,1406150
NIFTY13OCT2217500CE.NFO,06/10/2022,09:39:10,112.15,112.15,100,112.25,50,14350,1406150
NIFTY13OCT2217500CE.NFO,06/10/2022,09:39:11,111.8,111.5,100,111.75,100,2700,1406150
NIFTY13OCT2217500CE.NFO,06/10/2022,09:39:13,111.45,111.35,100,111.6,700,650,1406150
NIFTY13OCT2217500CE.NFO,06/10/2022,09:39:15,111.1,110.9,50,111.1,600,1050,1406150
NIFTY13OCT2217500CE.NFO,06/10/2022,09:39:16,111.2,111.15,200,111.45,150,1200,1406150
NIFTY13OCT2217500CE.NFO,06/10/2022,09:39:18,111.85,111.85,50,112,1000,850,1406150
NIFTY13OCT2217500CE.NFO,06/10/2022,09:39:20,112.8,112.75,50,112.9,200,2650,1406150
NIFTY13OCT2217500CE.NFO,06/10/2022,09:39:21,112.8,112.9,150,113.15,100,2850,1406150
NIFTY13OCT2217500CE.NFO,06/10/2022,09:39:23,112.7,112.7,50,112.95,200,700,1406150
NIFTY13OCT2217500CE.NFO,06/10/2022,09:39:25,113.25,112.75,200,113.05,50,2050,1406150
NIFTY13OCT2217500CE.NFO,06/10/2022,09:39:26,112.7,112.5,400,112.7,200,700,1406150
NIFTY13OCT2217500CE.NFO,06/10/2022,09:39:28,113.05,112.85,800,113.1,50,750,1406150
NIFTY13OCT2217500CE.NFO,06/10/2022,09:39:30,112.8,112.5,350,112.75,200,1450,1406150
NIFTY13OCT2217500CE.NFO,06/10/2022,09:39:31,112.9,112.75,100,113,2400,650,1406150
NIFTY13OCT2217500CE.NFO,06/10/2022,09:39:33,113.65,113.35,350,113.7,450,1300,1406150
NIFTY13OCT2217500CE.NFO,06/10/2022,09:39:35,114.2,114.1,450,114.4,250,3550,1406150
NIFTY13OCT2217500CE.NFO,06/10/2022,09:39:36,114.65,114.4,1400,114.8,400,3800,1406150
NIFTY13OCT2217500CE.NFO,06/10/2022,09:39:38,115,114.9,50,115.15,250,1400,1406150
NIFTY13OCT2217500CE.NFO,06/10/2022,09:39:40,114.25,114.3,300,114.65,800,1900,1406150
NIFTY13OCT2217500CE.NFO,06/10/2022,09:39:41,114.95,114.65,100,114.95,200,950,1406150
NIFTY13OCT2217500CE.NFO,06/10/2022,09:39:43,115.2,115.15,300,115.35,600,2700,1406150
NIFTY13OCT2217500CE.NFO,06/10/2022,09:39:45,115.6,115.1,100,115.4,50,2300,1406150
NIFTY13OCT2217500CE.NFO,06/10/2022,09:39:46,115.15,115.1,50,115.3,150,2500,1406150
NIFTY13OCT2217500CE.NFO,06/10/2022,09:39:48,115.7,115.7,300,115.95,350,3250,1406150
NIFTY13OCT2217500CE.NFO,06/10/2022,09:39:50,115,114.8,150,115,300,2600,1406150
NIFTY13OCT2217500CE.NFO,06/10/2022,09:39:51,114.8,114.9,50,115.1,50,4350,1406150
NIFTY13OCT2217500CE.NFO,06/10/2022,09:39:53,114.8,114.3,100,114.55,500,1800,1406150
NIFTY13OCT2217500CE.NFO,06/10/2022,09:39:55,114.45,114.4,700,114.7,200,450,1406150
NIFTY13OCT2217500CE.NFO,06/10/2022,09:39:56,114.3,113.95,350,114.25,50,1700,1406150
NIFTY13OCT2217500CE.NFO,06/10/2022,09:39:58,113.55,113.85,800,114.1,150,1350,1406150
NIFTY13OCT2217500CE.NFO,06/10/2022,09:40:00,113.65,113.45,800,113.75,50,1400,1406150
NIFTY13OCT2217500CE.NFO,06/10/2022,09:40:01,114,113.95,150,114.2,50,1500,1406150
NIFTY13OCT2217500CE.NFO,06/10/2022,09:40:03,112.85,112.85,900,113.2,650,850,1406150
NIFTY13OCT2217500CE.NFO,06/10/2022,09:40:05,112.85,112.6,50,112.85,50,1650,1406150
NIFTY13OCT2217500CE.NFO,06/10/2022,09:40:06,112.35,112.3,50,112.55,200,300,1406150
NIFTY13OCT2217500CE.NFO,06/10/2022,09:40:08,111.7,111.9,1350,112.25,200,1100,1406150
NIFTY13OCT2217500CE.NFO,06/10/2022,09:40:10,112.15,112.05,1200,112.35,50,900,1406150
NIFTY13OCT2217500CE.NFO,06/10/2022,09:40:11,112.85,112.65,900,112.9,50,1350,1406150
NIFTY13OCT2217500CE.NFO,06/10/2022,09:40:13,112.2,112.05,1050,112.35,150,150,1406150
NIFTY13OCT2217500CE.NFO,06/10/2022,09:40:15,112.1,111.75,850,112,100,1200,1406150
NIFTY13OCT2217500CE.NFO,06/10/2022,09:40:16,112.05,112.05,50,112.3,750,950,1406150
NIFTY13OCT2217500CE.NFO,06/10/2022,09:40:18,112.35,112,500,112.25,1700,250,1406150
NIFTY13OCT2217500CE.NFO,06/10/2022,09:40:20,111.95,112.1,1050,112.45,250,850,1406150
NIFTY13OCT2217500CE.NFO,06/10/2022,09:40:21,111.95,111.85,50,112.2,1000,450,1406150
NIFTY13OCT2217500CE.NFO,06/10/2022,09:40:23,111.7,111.4,150,111.75,2350,50,1406150
NIFTY13OCT2217500CE.NFO,06/10/2022,09:40:25,111.75,111.25,200,111.55,250,200,1406150
NIFTY13OCT2217500CE.NFO,06/10/2022,09:40:26,112.35,112.15,200,112.5,50,1050,1406150
NIFTY13OCT2217500CE.NFO,06/10/2022,09:40:28,111.4,111.35,500,111.7,900,2550,1406150
NIFTY13OCT2217500CE.NFO,06/10/2022,09:40:30,111.4,111.1,100,111.4,400,300,1406150
NIFTY13OCT2217500CE.NFO,06/10/2022,09:40:31,112,111.95,200,112.15,500,200,1406150
NIFTY13OCT2217500CE.NFO,06/10/2022,09:40:33,112.45,112.15,50,112.4,50,3400,1406150
NIFTY13OCT2217500CE.NFO,06/10/2022,09:40:35,113,113,500,113.25,50,1350,1406150
NIFTY13OCT2217500CE.NFO,06/10/2022,09:40:36,112.5,112.05,300,112.25,750,150,1406150
NIFTY13OCT2217500CE.NFO,06/10/2022,09:40:38,112.4,112.25,1050,112.55,100,600,1406150
NIFTY13OCT2217500CE.NFO,06/10/2022,09:40:40,111.95,111.7,50,112,2150,150,1406150
NIFTY13OCT2217500CE.NFO,06/10/2022,09:40:41,112.4,112.2,50,112.5,300,350,1406150
NIFTY13OCT2217500CE.NFO,06/10/2022,09:40:43,112.05,111.8,100,112.05,800,350,1406150
NIFTY13OCT2217500CE.NFO,06/10/2022,09:40:45,112.25,112.05,100,112.35,150,400,1406150
NIFTY13OCT2217500CE.NFO,06/10/2022,09:40:46,112.25,112.15,150,112.45,100,150,1406150
NIFTY13OCT2217500CE.NFO,06/10/2022,09:40:48,112.55,112.1,150,112.4,1450,1300,1406150
NIFTY13OCT2217500CE.NFO,06/10/2022,09:40:50,112.45,112.55,50,112.85,700,900,1406150
NIFTY13OCT2217500CE.NFO,06/10/2022,09:40:51,112.65,112.6,50,112.9,850,400,1406150
NIFTY13OCT2217500CE.NFO,06/10/2022,09:40:53,113.55,113.25,150,113.55,250,1450,1406150
NIFTY13OCT2217500CE.NFO,06/10/2022,09:40:55,113,113,50,113.3,750,800,1406150
NIFTY13OCT2217500CE.NFO,06/10/2022,09:40:56,113.45,113.45,200,113.75,50,350,1406150
NIFTY13OCT2217500CE.NFO,06/10/2022,09:40:58,113.9,113.8,250,114,1200,1550,1406150
NIFTY13OCT2217500CE.NFO,06/10/2022,09:41:00,113.9,113.8,200,114.1,100,2300,1406150
NIFTY13OCT2217500CE.NFO,06/10/2022,09:41:02,114,114,300,114.2,150,200,1406150
NIFTY13OCT2217500CE.NFO,06/10/2022,09:41:03,114.6,114.6,200,114.8,50,2050,1406150
NIFTY13OCT2217500CE.NFO,06/10/2022,09:41:05,114.05,114.05,100,114.25,150,450,1406150
NIFTY13OCT2217500CE.NFO,06/10/2022,09:41:07,114.65,114.6,350,114.8,50,700,1406150
NIFTY13OCT2217500CE.NFO,06/10/2022,09:41:08,114.2,113.8,50,114.05,1450,2250,1406150
NIFTY13OCT2217500CE.NFO,06/10/2022,09:41:10,112.95,113,950,113.3,850,1250,1406150
NIFTY13OCT2217500CE.NFO,06/10/2022,09:41:12,113.2,112.85,1000,113.2,1000,250,1406150
NIFTY13OCT2217500CE.NFO,06/10/2022,09:41:13,114.2,114.25,550,114.45,50,600,1406150
NIFTY13OCT2217500CE.NFO,06/10/2022,09:41:15,114.1,113.4,250,113.65,50,50,1406150
NIFTY13OCT2217500CE.NFO,06/10/2022,09:41:17,113.55,113.1,250,113.45,900,100,1406150
NIFTY13OCT2217500CE.NFO,06/10/2022,09:41:18,113.4,113.25,1150,113.5,50,2100,1406150
NIFTY13OCT2217500CE.NFO,06/10/2022,09:41:20,113.3,113.1,150,113.3,200,700,1406150
NIFTY13OCT2217500CE.NFO,06/10/2022,09:41:22,113.15,113.15,200,113.3,200,500,1406150
NIFTY13OCT2217500CE.NFO,06/10/2022,09:41:23,112.85,112.65,50,112.85,250,350,1406150
NIFTY13OCT2217500CE.NFO,06/10/2022,09:41:25,112.5,112.55,100,112.8,200,1050,1406150
NIFTY13OCT2217500CE.NFO,06/10/2022,09:41:27,113.55,113.3,1800,113.65,50,600,1406150
NIFTY13OCT2217500CE.NFO,06/10/2022,09:41:28,113.95,113.55,350,113.9,1100,100,1406150
NIFTY13OCT2217500CE.NFO,06/10/2022,09:41:30,113.55,113.4,400,113.65,200,50,1406150
NIFTY13OCT2217500CE.NFO,06/10/2022,09:41:32,113.45,113.15,1000,113.45,250,100,1406150
NIFTY13OCT2217500CE.NFO,06/10/2022,09:41:33,113.5,113.25,2400,113.55,200,250,1406150
NIFTY13OCT2217500CE.NFO,06/10/2022,09:41:35,113.25,113.1,600,113.4,1450,550,1406150
NIFTY13OCT2217500CE.NFO,06/10/2022,09:41:37,113.9,113.7,1100,113.95,50,1350,1416700
NIFTY13OCT2217500CE.NFO,06/10/2022,09:41:38,114.2,113.75,2450,114,150,200,1416700
NIFTY13OCT2217500CE.NFO,06/10/2022,09:41:40,113.4,113.35,50,113.4,50,1650,1416700
NIFTY13OCT2217500CE.NFO,06/10/2022,09:41:42,113.65,113.65,850,113.9,200,500,1416700
NIFTY13OCT2217500CE.NFO,06/10/2022,09:41:43,113.7,113.65,50,113.85,150,600,1416700
NIFTY13OCT2217500CE.NFO,06/10/2022,09:41:45,114.15,113.95,1200,114.2,50,550,1416700
NIFTY13OCT2217500CE.NFO,06/10/2022,09:41:47,114,114,950,114.2,600,150,1416700
NIFTY13OCT2217500CE.NFO,06/10/2022,09:41:48,114.2,114,950,114.3,250,450,1416700
NIFTY13OCT2217500CE.NFO,06/10/2022,09:41:50,114.2,114.05,400,114.2,50,1150,1416700
NIFTY13OCT2217500CE.NFO,06/10/2022,09:41:52,113.85,113.65,200,113.95,450,250,1416700
NIFTY13OCT2217500CE.NFO,06/10/2022,09:41:53,113.05,112.7,2150,113,750,1200,1416700
NIFTY13OCT2217500CE.NFO,06/10/2022,09:41:55,113.1,112.95,450,113.15,150,350,1416700
NIFTY13OCT2217500CE.NFO,06/10/2022,09:41:57,113.15,113.3,400,113.6,50,100,1416700
NIFTY13OCT2217500CE.NFO,06/10/2022,09:41:58,113.7,113.35,950,113.7,400,1050,1416700
NIFTY13OCT2217500CE.NFO,06/10/2022,09:42:00,113.75,113.5,2100,113.8,300,1000,1416700
NIFTY13OCT2217500CE.NFO,06/10/2022,09:42:02,113.3,113.25,50,113.5,50,350,1416700
NIFTY13OCT2217500CE.NFO,06/10/2022,09:42:03,113.35,113.6,2750,113.9,1750,50,1416700
NIFTY13OCT2217500CE.NFO,06/10/2022,09:42:05,114,113.85,1750,114.1,300,2100,1416700
NIFTY13OCT2217500CE.NFO,06/10/2022,09:42:07,113.3,113.4,250,113.65,100,2250,1416700
NIFTY13OCT2217500CE.NFO,06/10/2022,09:42:08,114,113.9,500,114.15,100,450,1416700
NIFTY13OCT2217500CE.NFO,06/10/2022,09:42:10,113.8,113.75,700,114.1,950,200,1416700
NIFTY13OCT2217500CE.NFO,06/10/2022,09:42:12,114,113.9,850,114.2,850,200,1416700
NIFTY13OCT2217500CE.NFO,06/10/2022,09:42:13,114.2,113.9,1500,114.2,300,1550,1416700
NIFTY13OCT2217500CE.NFO,06/10/2022,09:42:15,114.05,114.1,1250,114.3,150,2300,1416700
NIFTY13OCT2217500CE.NFO,06/10/2022,09:42:17,114.35,114.4,1600,114.65,200,1950,1416700
NIFTY13OCT2217500CE.NFO,06/10/2022,09:42:18,114.5,114.25,1350,114.55,200,1350,1416700
NIFTY13OCT2217500CE.NFO,06/10/2022,09:42:20,114.25,114.4,1500,114.65,250,350,1416700
NIFTY13OCT2217500CE.NFO,06/10/2022,09:42:22,114.9,114.5,2250,114.8,50,450,1416700
NIFTY13OCT2217500CE.NFO,06/10/2022,09:42:23,114.25,114.4,950,114.65,650,1050,1416700
NIFTY13OCT2217500CE.NFO,06/10/2022,09:42:25,114.15,114.4,50,114.45,150,200,1416700
NIFTY13OCT2217500CE.NFO,06/10/2022,09:42:27,114.55,114.25,1850,114.5,100,350,1416700
NIFTY13OCT2217500CE.NFO,06/10/2022,09:42:28,114.6,114.6,200,114.85,350,1750,1416700
NIFTY13OCT2217500CE.NFO,06/10/2022,09:42:30,115.1,115.1,650,115.3,100,4600,1416700
NIFTY13OCT2217500CE.NFO,06/10/2022,09:42:32,115.2,115.2,1200,115.5,250,1650,1416700
NIFTY13OCT2217500CE.NFO,06/10/2022,09:42:33,115.5,115.5,350,115.7,350,3250,1416700
NIFTY13OCT2217500CE.NFO,06/10/2022,09:42:35,115.7,115.7,900,115.85,350,3050,1416700
NIFTY13OCT2217500CE.NFO,06/10/2022,09:42:37,115.45,115.5,1350,115.75,350,1950,1416700
NIFTY13OCT2217500CE.NFO,06/10/2022,09:42:38,115.25,115.25,1000,115.4,150,2150,1416700
NIFTY13OCT2217500CE.NFO,06/10/2022,09:42:40,115.1,115.25,950,115.45,400,1250,1416700
NIFTY13OCT2217500CE.NFO,06/10/2022,09:42:42,114.5,114.55,900,114.7,150,950,1416700
NIFTY13OCT2217500CE.NFO,06/10/2022,09:42:43,114.1,114.05,200,114.2,350,600,1416700
NIFTY13OCT2217500CE.NFO,06/10/2022,09:42:45,114.25,114.05,400,114.3,50,1550,1416700
NIFTY13OCT2217500CE.NFO,06/10/2022,09:42:47,114.35,114.1,750,114.35,50,50,1416700
NIFTY13OCT2217500CE.NFO,06/10/2022,09:42:48,114.4,114.05,600,114.4,1350,600,1416700
NIFTY13OCT2217500CE.NFO,06/10/2022,09:42:50,114.3,114.3,300,114.55,150,2500,1416700
NIFTY13OCT2217500CE.NFO,06/10/2022,09:42:52,114.3,114.3,400,114.6,250,50,1416700
NIFTY13OCT2217500CE.NFO,06/10/2022,09:42:53,114.85,114.75,750,115,1450,550,1416700
NIFTY13OCT2217500CE.NFO,06/10/2022,09:42:55,114.8,114.55,250,114.8,50,400,1416700
NIFTY13OCT2217500CE.NFO,06/10/2022,09:42:57,114.65,114.3,650,114.55,150,1200,1416700
NIFTY13OCT2217500CE.NFO,06/10/2022,09:42:58,114.4,114.05,50,114.25,350,350,1416700
NIFTY13OCT2217500CE.NFO,06/10/2022,09:43:00,113.85,113.55,50,113.85,50,1150,1416700
NIFTY13OCT2217500CE.NFO,06/10/2022,09:43:02,114.1,114.05,1050,114.35,250,200,1416700
NIFTY13OCT2217500CE.NFO,06/10/2022,09:43:03,114.8,114.6,100,114.8,250,1100,1416700
NIFTY13OCT2217500CE.NFO,06/10/2022,09:43:05,114,113.9,50,114.2,650,700,1416700
NIFTY13OCT2217500CE.NFO,06/10/2022,09:43:07,114.95,114.6,50,114.8,50,350,1416700
NIFTY13OCT2217500CE.NFO,06/10/2022,09:43:08,114.15,114.15,750,114.5,500,400,1416700
NIFTY13OCT2217500CE.NFO,06/10/2022,09:43:10,114.95,114.8,800,114.95,150,1900,1416700
NIFTY13OCT2217500CE.NFO,06/10/2022,09:43:12,115.2,115.25,400,115.3,250,1850,1416700
NIFTY13OCT2217500CE.NFO,06/10/2022,09:43:13,114.7,114.4,1350,114.7,250,1350,1416700
NIFTY13OCT2217500CE.NFO,06/10/2022,09:43:15,114.35,114.75,450,115.05,450,1050,1416700
NIFTY13OCT2217500CE.NFO,06/10/2022,09:43:17,114.75,114.6,550,114.9,500,2100,1416700
NIFTY13OCT2217500CE.NFO,06/10/2022,09:43:19,114.55,114.5,1500,114.8,600,1050,1416700
NIFTY13OCT2217500CE.NFO,06/10/2022,09:43:20,114.65,114.3,100,114.6,400,200,1416700
NIFTY13OCT2217500CE.NFO,06/10/2022,09:43:22,113.85,113.7,250,113.95,50,800,1416700
NIFTY13OCT2217500CE.NFO,06/10/2022,09:43:24,114.35,114,50,114.2,200,2150,1416700
NIFTY13OCT2217500CE.NFO,06/10/2022,09:43:25,113.85,113.65,50,113.95,300,1200,1416700
NIFTY13OCT2217500CE.NFO,06/10/2022,09:43:27,113.85,113.45,1300,113.8,200,0,1416700
NIFTY13OCT2217500CE.NFO,06/10/2022,09:43:29,113.75,113.75,2050,114,50,400,1416700
NIFTY13OCT2217500CE.NFO,06/10/2022,09:43:30,113.65,113.9,50,114.05,200,450,1416700
NIFTY13OCT2217500CE.NFO,06/10/2022,09:43:32,113.9,113.7,200,114,3500,550,1416700
NIFTY13OCT2217500CE.NFO,06/10/2022,09:43:34,113.75,114.1,100,114.35,200,700,1416700
NIFTY13OCT2217500CE.NFO,06/10/2022,09:43:35,114.25,114.25,100,114.55,200,100,1416700
NIFTY13OCT2217500CE.NFO,06/10/2022,09:43:37,114,113.85,50,114.2,2100,800,1416700
NIFTY13OCT2217500CE.NFO,06/10/2022,09:43:39,114.05,113.95,250,114.3,1700,250,1416700
NIFTY13OCT2217500CE.NFO,06/10/2022,09:43:40,113.65,113.1,100,113.35,200,350,1416700
NIFTY13OCT2217500CE.NFO,06/10/2022,09:43:42,113,112.85,600,113.15,800,1950,1416700
NIFTY13OCT2217500CE.NFO,06/10/2022,09:43:44,113.5,113.45,350,113.65,50,100,1416700
NIFTY13OCT2217500CE.NFO,06/10/2022,09:43:45,113.1,113.05,350,113.2,50,750,1416700
NIFTY13OCT2217500CE.NFO,06/10/2022,09:43:47,113.3,113.15,700,113.4,50,450,1416700
NIFTY13OCT2217500CE.NFO,06/10/2022,09:43:49,113,112.85,150,113,650,100,1416700
NIFTY13OCT2217500CE.NFO,06/10/2022,09:43:50,112.65,112.55,550,112.85,100,1800,1416700
NIFTY13OCT2217500CE.NFO,06/10/2022,09:43:52,112.5,112.25,1200,112.55,650,2300,1416700
NIFTY13OCT2217500CE.NFO,06/10/2022,09:43:54,112.5,112.4,1100,112.65,850,600,1416700
NIFTY13OCT2217500CE.NFO,06/10/2022,09:43:55,112.05,112.05,100,112.3,1050,1850,1416700
NIFTY13OCT2217500CE.NFO,06/10/2022,09:43:57,112.5,112.5,200,112.7,900,1200,1416700
NIFTY13OCT2217500CE.NFO,06/10/2022,09:43:59,112.45,112.4,700,112.65,50,450,1416700
NIFTY13OCT2217500CE.NFO,06/10/2022,09:44:00,111.75,111.65,400,112,50,1050,1416700
NIFTY13OCT2217500CE.NFO,06/10/2022,09:44:02,111.95,111.85,250,112,250,1300,1416700
NIFTY13OCT2217500CE.NFO,06/10/2022,09:44:04,111.85,111.5,1500,111.8,200,700,1416700
NIFTY13OCT2217500CE.NFO,06/10/2022,09:44:05,111.3,111.25,1600,111.5,300,550,1416700
NIFTY13OCT2217500CE.NFO,06/10/2022,09:44:07,111.65,111.35,600,111.6,50,2300,1416700
NIFTY13OCT2217500CE.NFO,06/10/2022,09:44:09,111.5,111.5,700,111.8,350,700,1416700
NIFTY13OCT2217500CE.NFO,06/10/2022,09:44:10,111.5,111.45,800,111.6,50,1150,1416700
NIFTY13OCT2217500CE.NFO,06/10/2022,09:44:12,111.7,111.65,650,111.95,1000,2300,1416700
NIFTY13OCT2217500CE.NFO,06/10/2022,09:44:14,111.05,111.15,50,111.35,50,2850,1416700
NIFTY13OCT2217500CE.NFO,06/10/2022,09:44:15,111.1,111.1,50,111.35,100,400,1416700
NIFTY13OCT2217500CE.NFO,06/10/2022,09:44:17,111.4,111.15,100,111.4,500,350,1416700
NIFTY13OCT2217500CE.NFO,06/10/2022,09:44:18,111.45,111.1,50,111.35,200,200,1416700
NIFTY13OCT2217500CE.NFO,06/10/2022,09:44:20,111.25,110.95,650,111.25,500,2800,1416700
NIFTY13OCT2217500CE.NFO,06/10/2022,09:44:22,110.7,110.65,450,110.95,200,350,1416700
NIFTY13OCT2217500CE.NFO,06/10/2022,09:44:23,110.35,110.3,100,110.6,2000,850,1416700
NIFTY13OCT2217500CE.NFO,06/10/2022,09:44:25,110.25,110.15,550,110.4,200,550,1416700
NIFTY13OCT2217500CE.NFO,06/10/2022,09:44:27,110.5,110.3,100,110.65,950,9550,1416700
NIFTY13OCT2217500CE.NFO,06/10/2022,09:44:28,109.5,109.3,50,109.5,500,550,1416700
NIFTY13OCT2217500CE.NFO,06/10/2022,09:44:30,109.4,109.15,550,109.5,2350,2900,1416700
NIFTY13OCT2217500CE.NFO,06/10/2022,09:44:32,109.55,109,3850,109.25,1300,550,1416700
NIFTY13OCT2217500CE.NFO,06/10/2022,09:44:33,108.25,108.25,250,108.5,1550,5350,1416700
NIFTY13OCT2217500CE.NFO,06/10/2022,09:44:35,108.1,108,4250,108.25,250,1300,1416700
NIFTY13OCT2217500CE.NFO,06/10/2022,09:44:37,108.15,108.05,300,108.25,600,1100,1416700
NIFTY13OCT2217500CE.NFO,06/10/2022,09:44:38,108,108.05,250,108.25,900,150,1418850
NIFTY13OCT2217500CE.NFO,06/10/2022,09:44:40,108.65,108.7,250,108.95,150,1250,1418850
NIFTY13OCT2217500CE.NFO,06/10/2022,09:44:42,108.8,108.65,650,109,900,2450,1418850
NIFTY13OCT2217500CE.NFO,06/10/2022,09:44:43,108.3,108.05,50,108.3,50,2150,1418850
NIFTY13OCT2217500CE.NFO,06/10/2022,09:44:45,108.25,108,4450,108.25,1850,1800,1418850
NIFTY13OCT2217500CE.NFO,06/10/2022,09:44:47,108.3,108.1,150,108.3,600,450,1418850
NIFTY13OCT2217500CE.NFO,06/10/2022,09:44:48,108.85,108.65,150,108.9,50,100,1418850
NIFTY13OCT2217500CE.NFO,06/10/2022,09:44:50,108.45,108.3,50,108.45,400,1200,1418850
NIFTY13OCT2217500CE.NFO,06/10/2022,09:44:52,108.3,108.35,300,108.5,1050,250,1418850
NIFTY13OCT2217500CE.NFO,06/10/2022,09:44:53,107.6,107.4,50,107.7,2000,5100,1418850
NIFTY13OCT2217500CE.NFO,06/10/2022,09:44:55,107.45,107.3,500,107.55,250,1750,1418850
NIFTY13OCT2217500CE.NFO,06/10/2022,09:44:57,107.3,107.3,350,107.5,1900,800,1418850
NIFTY13OCT2217500CE.NFO,06/10/2022,09:44:58,107.4,107.3,350,107.55,1100,750,1418850
NIFTY13OCT2217500CE.NFO,06/10/2022,09:45:00,107,106.35,400,106.6,50,1050,1418850
NIFTY13OCT2217500CE.NFO,06/10/2022,09:45:02,106.75,106.75,300,107,1600,2650,1418850
NIFTY13OCT2217500CE.NFO,06/10/2022,09:45:03,108,108,50,108.3,1100,900,1418850
NIFTY13OCT2217500CE.NFO,06/10/2022,09:45:05,108.3,108.45,50,108.75,2050,2150,1418850
NIFTY13OCT2217500CE.NFO,06/10/2022,09:45:07,108.9,108.95,50,109.15,50,1700,1418850
NIFTY13OCT2217500CE.NFO,06/10/2022,09:45:08,108.8,108.35,150,108.4,50,900,1418850
NIFTY13OCT2217500CE.NFO,06/10/2022,09:45:10,108.55,107.8,600,108.1,400,1150,1418850
NIFTY13OCT2217500CE.NFO,06/10/2022,09:45:12,107.45,107.3,250,107.5,550,300,1418850
NIFTY13OCT2217500CE.NFO,06/10/2022,09:45:13,106.55,106.55,100,106.7,100,950,1418850
NIFTY13OCT2217500CE.NFO,06/10/2022,09:45:15,106,106.05,100,106.25,50,3050,1418850
NIFTY13OCT2217500CE.NFO,06/10/2022,09:45:17,105.8,105.7,400,106,100,1000,1418850
NIFTY13OCT2217500CE.NFO,06/10/2022,09:45:18,105.65,105.75,250,105.95,50,1650,1418850
NIFTY13OCT2217500CE.NFO,06/10/2022,09:45:20,105.15,105.1,50,105.25,350,3450,1418850
NIFTY13OCT2217500CE.NFO,06/10/2022,09:45:22,105.35,105.15,100,105.45,100,7450,1418850
NIFTY13OCT2217500CE.NFO,06/10/2022,09:45:23,104.7,104.5,200,104.7,200,1350,1418850
NIFTY13OCT2217500CE.NFO,06/10/2022,09:45:25,105,104.9,350,105.1,50,500,1418850
NIFTY13OCT2217500CE.NFO,06/10/2022,09:45:27,104.9,104.65,850,104.9,750,2900,1418850
NIFTY13OCT2217500CE.NFO,06/10/2022,09:45:28,105.3,105.15,350,105.35,50,1050,1418850
NIFTY13OCT2217500CE.NFO,06/10/2022,09:45:30,105.05,105.05,950,105.35,800,800,1418850
NIFTY13OCT2217500CE.NFO,06/10/2022,09:45:32,104.7,104.65,50,104.75,350,1850,1418850
NIFTY13OCT2217500CE.NFO,06/10/2022,09:45:34,104.25,104,1650,104.3,100,1450,1418850
NIFTY13OCT2217500CE.NFO,06/10/2022,09:45:35,103.85,103.85,150,104.05,250,1900,1418850
NIFTY13OCT2217500CE.NFO,06/10/2022,09:45:37,104.25,104.4,200,104.7,100,900,1418850
NIFTY13OCT2217500CE.NFO,06/10/2022,09:45:39,104.7,104.45,1350,104.75,50,500,1418850
NIFTY13OCT2217500CE.NFO,06/10/2022,09:45:40,104.9,104.75,150,105,1150,1000,1418850
NIFTY13OCT2217500CE.NFO,06/10/2022,09:45:42,104.4,104.3,200,104.55,50,4050,1418850
NIFTY13OCT2217500CE.NFO,06/10/2022,09:45:44,104.35,104.15,850,104.45,250,500,1418850
NIFTY13OCT2217500CE.NFO,06/10/2022,09:45:45,104.5,104.45,350,104.7,100,900,1418850
NIFTY13OCT2217500CE.NFO,06/10/2022,09:45:47,104.1,104,850,104.3,100,2200,1418850
NIFTY13OCT2217500CE.NFO,06/10/2022,09:45:49,104.55,104.55,350,104.75,100,1750,1418850
NIFTY13OCT2217500CE.NFO,06/10/2022,09:45:50,104.8,104.8,800,105,250,1200,1418850
NIFTY13OCT2217500CE.NFO,06/10/2022,09:45:52,105.05,105,100,105.15,100,1200,1418850
NIFTY13OCT2217500CE.NFO,06/10/2022,09:45:54,105.45,105.45,900,105.7,200,3000,1418850
NIFTY13OCT2217500CE.NFO,06/10/2022,09:45:55,106.6,106.3,50,106.55,200,1550,1418850
NIFTY13OCT2217500CE.NFO,06/10/2022,09:45:57,106.65,106.3,50,106.5,1000,1750,1418850
NIFTY13OCT2217500CE.NFO,06/10/2022,09:45:59,107.1,107.05,800,107.3,950,950,1418850
NIFTY13OCT2217500CE.NFO,06/10/2022,09:46:00,107.5,106.8,1000,107.05,250,100,1418850
NIFTY13OCT2217500CE.NFO,06/10/2022,09:46:02,107.25,106.85,550,107.15,400,900,1418850
NIFTY13OCT2217500CE.NFO,06/10/2022,09:46:04,106.7,106.7,350,106.95,250,1350,1418850
NIFTY13OCT2217500CE.NFO,06/10/2022,09:46:05,107,106.95,350,107.2,550,1050,1418850
NIFTY13OCT2217500CE.NFO,06/10/2022,09:46:07,107.85,107.75,100,108,3200,850,1418850
NIFTY13OCT2217500CE.NFO,06/10/2022,09:46:09,108.6,108.5,1150,108.7,50,4750,1418850
NIFTY13OCT2217500CE.NFO,06/10/2022,09:46:10,109,108.85,650,109.1,1100,2450,1418850
NIFTY13OCT2217500CE.NFO,06/10/2022,09:46:12,108.3,108.3,50,108.45,1100,1150,1418850
NIFTY13OCT2217500CE.NFO,06/10/2022,09:46:14,108.1,108.05,250,108.35,900,200,1418850
NIFTY13OCT2217500CE.NFO,06/10/2022,09:46:15,108.7,108.65,650,109,1350,1650,1418850
NIFTY13OCT2217500CE.NFO,06/10/2022,09:46:17,108.7,108.95,1350,109.3,1050,0,1418850
NIFTY13OCT2217500CE.NFO,06/10/2022,09:46:19,109.45,109.15,250,109.45,950,950,1418850
NIFTY13OCT2217500CE.NFO,06/10/2022,09:46:20,109.15,109.15,1050,109.45,800,1750,1418850
NIFTY13OCT2217500CE.NFO,06/10/2022,09:46:22,109.2,109.2,700,109.45,1100,850,1418850
NIFTY13OCT2217500CE.NFO,06/10/2022,09:46:24,109.65,109.4,750,109.65,1050,650,1418850
NIFTY13OCT2217500CE.NFO,06/10/2022,09:46:25,109.75,109.45,1050,109.75,100,200,1418850
NIFTY13OCT2217500CE.NFO,06/10/2022,09:46:27,109.9,109.7,750,109.95,1050,300,1418850
NIFTY13OCT2217500CE.NFO,06/10/2022,09:46:29,110.8,110.2,250,110.5,1800,2150,1418850
NIFTY13OCT2217500CE.NFO,06/10/2022,09:46:30,110.05,109.7,800,110,2000,600,1418850
NIFTY13OCT2217500CE.NFO,06/10/2022,09:46:32,109.5,109.6,800,109.9,1450,300,1418850
NIFTY13OCT2217500CE.NFO,06/10/2022,09:46:34,109.45,109.5,800,109.75,50,150,1418850
NIFTY13OCT2217500CE.NFO,06/10/2022,09:46:35,109.55,109.8,400,110,50,250,1418850
NIFTY13OCT2217500CE.NFO,06/10/2022,09:46:37,109.55,109.55,1200,109.8,450,50,1418850
NIFTY13OCT2217500CE.NFO,06/10/2022,09:46:39,109.6,109.6,1050,109.85,300,1100,1418850
NIFTY13OCT2217500CE.NFO,06/10/2022,09:46:40,109.65,109.5,1100,109.75,100,800,1418850
NIFTY13OCT2217500CE.NFO,06/10/2022,09:46:42,109.6,109.6,700,109.8,500,1200,1418850
NIFTY13OCT2217500CE.NFO,06/10/2022,09:46:44,109.5,109.4,900,109.65,400,1400,1418850
NIFTY13OCT2217500CE.NFO,06/10/2022,09:46:45,109.95,109.9,750,110.15,900,550,1418850
NIFTY13OCT2217500CE.NFO,06/10/2022,09:46:47,110.05,109.85,50,110.1,400,50,1418850
NIFTY13OCT2217500CE.NFO,06/10/2022,09:46:49,109.7,109.4,50,109.7,1500,200,1418850
NIFTY13OCT2217500CE.NFO,06/10/2022,09:46:50,109.25,109.2,450,109.45,1150,2350,1418850
NIFTY13OCT2217500CE.NFO,06/10/2022,09:46:52,109.4,109.2,800,109.45,800,500,1418850
NIFTY13OCT2217500CE.NFO,06/10/2022,09:46:54,109.7,109.5,1050,109.8,450,550,1418850
NIFTY13OCT2217500CE.NFO,06/10/2022,09:46:55,109.35,109.4,50,109.65,800,900,1418850
NIFTY13OCT2217500CE.NFO,06/10/2022,09:46:57,109.2,109,2150,109.2,400,200,1418850
NIFTY13OCT2217500CE.NFO,06/10/2022,09:46:59,108.4,108,150,108.2,1500,2900,1418850
NIFTY13OCT2217500CE.NFO,06/10/2022,09:47:00,108.55,108.3,400,108.5,800,700,1418850
NIFTY13OCT2217500CE.NFO,06/10/2022,09:47:02,109.1,108.95,1200,109.2,400,1650,1418850
NIFTY13OCT2217500CE.NFO,06/10/2022,09:47:04,108.9,108.8,1550,109.05,600,250,1418850
NIFTY13OCT2217500CE.NFO,06/10/2022,09:47:05,108.45,108.4,800,108.65,300,400,1418850
NIFTY13OCT2217500CE.NFO,06/10/2022,09:47:07,108.65,108.45,800,108.7,400,600,1418850
NIFTY13OCT2217500CE.NFO,06/10/2022,09:47:09,108.65,108.8,100,109,800,0,1418850
NIFTY13OCT2217500CE.NFO,06/10/2022,09:47:10,109.15,109.15,900,109.4,50,1200,1418850
NIFTY13OCT2217500CE.NFO,06/10/2022,09:47:12,109,109,1050,109.25,150,250,1418850
NIFTY13OCT2217500CE.NFO,06/10/2022,09:47:14,109.2,109.1,900,109.35,50,100,1418850
NIFTY13OCT2217500CE.NFO,06/10/2022,09:47:15,109.7,109.45,800,109.7,950,1250,1418850
NIFTY13OCT2217500CE.NFO,06/10/2022,09:47:17,109.7,109.75,2200,109.95,500,550,1418850
NIFTY13OCT2217500CE.NFO,06/10/2022,09:47:19,111.2,111.15,300,111.2,100,6800,1418850
NIFTY13OCT2217500CE.NFO,06/10/2022,09:47:20,110.65,110.45,100,110.75,200,1150,1418850
NIFTY13OCT2217500CE.NFO,06/10/2022,09:47:22,110.45,110.6,600,110.85,200,1450,1418850
NIFTY13OCT2217500CE.NFO,06/10/2022,09:47:24,111.15,111.15,450,111.4,100,900,1418850
NIFTY13OCT2217500CE.NFO,06/10/2022,09:47:25,111.95,111.8,800,112,8900,2250,1418850
NIFTY13OCT2217500CE.NFO,06/10/2022,09:47:27,112.45,112.35,350,112.6,100,11800,1418850
NIFTY13OCT2217500CE.NFO,06/10/2022,09:47:29,112.85,113,3100,113.3,350,2200,1418850
NIFTY13OCT2217500CE.NFO,06/10/2022,09:47:30,113.2,113.15,350,113.4,200,250,1418850
