Ticker,Date,Time,LTP,BuyPrice,BuyQty,SellPrice,SellQty,LTQ,OpenInterest
NIFTY13OCT2217500PE.NFO,06/10/2022,09:15:02,246.85,206.9,400,238.15,350,100,130250
NIFTY13OCT2217500PE.NFO,06/10/2022,09:15:02,240,206.9,400,238.15,350,0,130250
NIFTY13OCT2217500PE.NFO,06/10/2022,09:15:02,246.85,206.9,400,238.15,350,0,130250
NIFTY13OCT2217500PE.NFO,06/10/2022,09:15:02,240,206.9,400,238.15,350,0,130250
NIFTY13OCT2217500PE.NFO,06/10/2022,09:15:03,240,209.7,450,234.25,350,0,130250
NIFTY13OCT2217500PE.NFO,06/10/2022,09:15:05,223.95,211.7,450,223.95,50,650,130250
NIFTY13OCT2217500PE.NFO,06/10/2022,09:15:05,211.6,211.7,450,223.95,50,0,130250
NIFTY13OCT2217500PE.NFO,06/10/2022,09:15:07,218.4,216.95,400,218.6,400,850,130250
NIFTY13OCT2217500PE.NFO,06/10/2022,09:15:08,211.95,206.4,450,214.2,550,200,130250
NIFTY13OCT2217500PE.NFO,06/10/2022,09:15:10,217.5,212.25,400,215.3,350,1250,130250
NIFTY13OCT2217500PE.NFO,06/10/2022,09:15:10,210.7,212.25,400,215.3,350,0,130250
NIFTY13OCT2217500PE.NFO,06/10/2022,09:15:12,216.6,214.55,400,216.65,50,450,130250
NIFTY13OCT2217500PE.NFO,06/10/2022,09:15:13,219.55,217.95,50,219.55,100,500,130250
NIFTY13OCT2217500PE.NFO,06/10/2022,09:15:15,214.55,212.1,50,214.65,50,1300,130250
NIFTY13OCT2217500PE.NFO,06/10/2022,09:15:17,211.5,211.6,400,214.1,400,600,130250
NIFTY13OCT2217500PE.NFO,06/10/2022,09:15:18,213.95,211.9,400,214.25,400,750,130250
NIFTY13OCT2217500PE.NFO,06/10/2022,09:15:20,214.15,211.45,400,216,100,150,130250
NIFTY13OCT2217500PE.NFO,06/10/2022,09:15:21,216,215.6,400,216.75,350,450,130250
NIFTY13OCT2217500PE.NFO,06/10/2022,09:15:23,214.2,213.4,350,214.3,350,200,130250
NIFTY13OCT2217500PE.NFO,06/10/2022,09:15:25,217,216.15,50,217.2,350,700,130250
NIFTY13OCT2217500PE.NFO,06/10/2022,09:15:26,216.2,217.25,50,218.05,350,500,130250
NIFTY13OCT2217500PE.NFO,06/10/2022,09:15:28,216.6,215.55,350,216.1,50,750,130250
NIFTY13OCT2217500PE.NFO,06/10/2022,09:15:30,216.1,215.3,350,216.15,50,300,130250
NIFTY13OCT2217500PE.NFO,06/10/2022,09:15:31,215.8,215.05,350,216,350,600,130250
NIFTY13OCT2217500PE.NFO,06/10/2022,09:15:33,216.45,215.75,50,216.7,50,2350,130250
NIFTY13OCT2217500PE.NFO,06/10/2022,09:15:34,217.45,216.05,50,216.9,350,850,130250
NIFTY13OCT2217500PE.NFO,06/10/2022,09:15:36,216.55,216.25,100,217.2,350,800,130250
NIFTY13OCT2217500PE.NFO,06/10/2022,09:15:38,218.1,217.9,50,219.7,50,500,130250
NIFTY13OCT2217500PE.NFO,06/10/2022,09:15:39,219.6,218.45,350,219.4,350,2050,130250
NIFTY13OCT2217500PE.NFO,06/10/2022,09:15:41,218.6,218.75,100,219.8,50,100,130250
NIFTY13OCT2217500PE.NFO,06/10/2022,09:15:42,217.55,218.85,350,219.65,50,1700,130250
NIFTY13OCT2217500PE.NFO,06/10/2022,09:15:44,220,219.25,100,220,1150,250,130250
NIFTY13OCT2217500PE.NFO,06/10/2022,09:15:46,220.1,220.35,50,221.35,350,3050,130250
NIFTY13OCT2217500PE.NFO,06/10/2022,09:15:47,222.45,220.25,150,221.15,350,1450,130250
NIFTY13OCT2217500PE.NFO,06/10/2022,09:15:49,221.75,221.6,350,222.65,350,400,130250
NIFTY13OCT2217500PE.NFO,06/10/2022,09:15:50,223.95,221.75,50,222.6,350,300,130250
NIFTY13OCT2217500PE.NFO,06/10/2022,09:15:52,222.65,220.75,50,221.85,350,1900,130250
NIFTY13OCT2217500PE.NFO,06/10/2022,09:15:54,221.65,220.75,50,221.35,50,500,130250
NIFTY13OCT2217500PE.NFO,06/10/2022,09:15:55,220.1,220,1850,220.35,350,1250,130250
NIFTY13OCT2217500PE.NFO,06/10/2022,09:15:57,220.45,220.05,50,220.55,350,250,130250
NIFTY13OCT2217500PE.NFO,06/10/2022,09:15:58,221.45,220.85,850,221.55,350,2950,130250
NIFTY13OCT2217500PE.NFO,06/10/2022,09:16:00,222.4,221.45,50,222.45,350,2500,130250
NIFTY13OCT2217500PE.NFO,06/10/2022,09:16:02,222.9,221.95,450,222.9,200,600,130250
NIFTY13OCT2217500PE.NFO,06/10/2022,09:16:03,222.65,221.75,450,222.65,300,1950,130250
NIFTY13OCT2217500PE.NFO,06/10/2022,09:16:05,221.85,221,400,221.8,350,1850,130250
NIFTY13OCT2217500PE.NFO,06/10/2022,09:16:06,221.45,221.85,1200,222.45,350,50,130250
NIFTY13OCT2217500PE.NFO,06/10/2022,09:16:08,221.45,220.9,50,221.65,350,1950,130250
NIFTY13OCT2217500PE.NFO,06/10/2022,09:16:09,220.85,221.15,450,222.25,350,300,130250
NIFTY13OCT2217500PE.NFO,06/10/2022,09:16:11,222.45,221.65,50,222.45,350,100,130250
NIFTY13OCT2217500PE.NFO,06/10/2022,09:16:12,221.3,221.45,350,222.15,50,1750,130250
NIFTY13OCT2217500PE.NFO,06/10/2022,09:16:14,220.85,220.25,150,220.8,450,250,130250
NIFTY13OCT2217500PE.NFO,06/10/2022,09:16:15,221.1,220.25,150,220.85,50,50,130250
NIFTY13OCT2217500PE.NFO,06/10/2022,09:16:17,220.25,220.05,500,220.4,350,400,130250
NIFTY13OCT2217500PE.NFO,06/10/2022,09:16:18,219.1,218.6,100,219.15,450,6100,130250
NIFTY13OCT2217500PE.NFO,06/10/2022,09:16:20,219.05,218.2,200,219.35,50,550,130250
NIFTY13OCT2217500PE.NFO,06/10/2022,09:16:21,218,218,200,218.85,50,650,130250
NIFTY13OCT2217500PE.NFO,06/10/2022,09:16:23,218,217.25,350,218.2,350,0,130250
NIFTY13OCT2217500PE.NFO,06/10/2022,09:16:24,217.85,217,650,217.7,350,600,130250
NIFTY13OCT2217500PE.NFO,06/10/2022,09:16:26,220.05,220.05,100,220.5,350,2400,130250
NIFTY13OCT2217500PE.NFO,06/10/2022,09:16:28,219.2,219.05,50,219.8,350,200,130250
NIFTY13OCT2217500PE.NFO,06/10/2022,09:16:29,220,219.8,150,220.55,350,600,130250
NIFTY13OCT2217500PE.NFO,06/10/2022,09:16:31,219.8,219.85,50,220.8,350,2800,130250
NIFTY13OCT2217500PE.NFO,06/10/2022,09:16:32,220.1,220.75,200,221.6,350,600,130250
NIFTY13OCT2217500PE.NFO,06/10/2022,09:16:34,221.8,221.8,50,223,100,100,130250
NIFTY13OCT2217500PE.NFO,06/10/2022,09:16:35,219.2,219.2,100,220.1,350,50,130250
NIFTY13OCT2217500PE.NFO,06/10/2022,09:16:37,220,220,200,220.5,350,50,130250
NIFTY13OCT2217500PE.NFO,06/10/2022,09:16:38,221.75,220,350,220.6,350,2500,130250
NIFTY13OCT2217500PE.NFO,06/10/2022,09:16:40,220.9,220.8,150,221.6,350,150,130250
NIFTY13OCT2217500PE.NFO,06/10/2022,09:16:41,220.9,220.8,500,221.55,350,0,130250
NIFTY13OCT2217500PE.NFO,06/10/2022,09:16:43,221.95,220.55,50,221.45,350,50,130250
NIFTY13OCT2217500PE.NFO,06/10/2022,09:16:44,221.3,220.7,100,221.75,350,100,130250
NIFTY13OCT2217500PE.NFO,06/10/2022,09:16:46,220.4,220.65,100,221.4,350,50,130250
NIFTY13OCT2217500PE.NFO,06/10/2022,09:16:47,220.8,220.4,100,221.4,100,200,130250
NIFTY13OCT2217500PE.NFO,06/10/2022,09:16:49,223,222.25,450,223,150,750,130250
NIFTY13OCT2217500PE.NFO,06/10/2022,09:16:51,223.4,222.8,250,223.55,350,350,130250
NIFTY13OCT2217500PE.NFO,06/10/2022,09:16:52,223.05,223.05,50,223.65,50,1550,130250
NIFTY13OCT2217500PE.NFO,06/10/2022,09:16:54,223.8,223.1,550,223.85,350,1300,130250
NIFTY13OCT2217500PE.NFO,06/10/2022,09:16:55,222.75,222.25,50,223.4,100,650,130250
NIFTY13OCT2217500PE.NFO,06/10/2022,09:16:57,223.25,223.25,100,224,2600,700,130250
NIFTY13OCT2217500PE.NFO,06/10/2022,09:16:58,223.6,223.2,50,224,2900,100,130250
NIFTY13OCT2217500PE.NFO,06/10/2022,09:17:00,223.8,223.2,850,224,2550,250,130250
NIFTY13OCT2217500PE.NFO,06/10/2022,09:17:01,224.65,223.85,350,224.6,400,2700,130250
NIFTY13OCT2217500PE.NFO,06/10/2022,09:17:03,222.5,221.3,50,222.4,150,2500,130250
NIFTY13OCT2217500PE.NFO,06/10/2022,09:17:04,221.2,221.25,200,221.85,250,200,130250
NIFTY13OCT2217500PE.NFO,06/10/2022,09:17:06,222.1,222.2,250,223.05,150,250,130250
NIFTY13OCT2217500PE.NFO,06/10/2022,09:17:08,222.15,221.5,50,222.05,650,600,130250
NIFTY13OCT2217500PE.NFO,06/10/2022,09:17:09,221.55,221.6,150,222.2,100,100,130250
NIFTY13OCT2217500PE.NFO,06/10/2022,09:17:11,224,223.2,1100,224.05,50,450,130250
NIFTY13OCT2217500PE.NFO,06/10/2022,09:17:12,227.55,227.45,50,228.2,350,2000,130250
NIFTY13OCT2217500PE.NFO,06/10/2022,09:17:14,230.05,229.6,200,230.45,50,550,130250
NIFTY13OCT2217500PE.NFO,06/10/2022,09:17:16,229.75,229.65,1050,230,50,300,130250
NIFTY13OCT2217500PE.NFO,06/10/2022,09:17:17,229,228.85,400,229.5,50,1300,130250
NIFTY13OCT2217500PE.NFO,06/10/2022,09:17:19,229.8,228.8,650,229.65,50,1250,130250
NIFTY13OCT2217500PE.NFO,06/10/2022,09:17:21,230.35,229.8,700,230.5,50,1350,130250
NIFTY13OCT2217500PE.NFO,06/10/2022,09:17:22,228.75,228.75,1400,229.4,350,950,130250
NIFTY13OCT2217500PE.NFO,06/10/2022,09:17:24,233,231.6,400,233.95,350,850,130250
NIFTY13OCT2217500PE.NFO,06/10/2022,09:17:26,235.4,232.25,400,232.75,50,4700,130250
NIFTY13OCT2217500PE.NFO,06/10/2022,09:17:27,233.5,233.35,600,234.25,150,750,130250
NIFTY13OCT2217500PE.NFO,06/10/2022,09:17:29,232.6,232.4,100,233.2,200,350,130250
NIFTY13OCT2217500PE.NFO,06/10/2022,09:17:31,232.55,231.4,1050,232.35,350,950,130250
NIFTY13OCT2217500PE.NFO,06/10/2022,09:17:32,231.75,230.85,100,231.85,350,50,130250
NIFTY13OCT2217500PE.NFO,06/10/2022,09:17:34,229,227.6,500,228.5,100,750,130250
NIFTY13OCT2217500PE.NFO,06/10/2022,09:17:35,227.25,227.2,250,228.15,150,1050,130250
NIFTY13OCT2217500PE.NFO,06/10/2022,09:17:37,229,229.5,150,230.3,350,1250,130250
NIFTY13OCT2217500PE.NFO,06/10/2022,09:17:39,230,227.25,100,228.05,50,300,130250
NIFTY13OCT2217500PE.NFO,06/10/2022,09:17:40,226.8,228.95,200,229.8,700,50,130250
NIFTY13OCT2217500PE.NFO,06/10/2022,09:17:42,228.35,229.3,50,230.15,700,150,150800
NIFTY13OCT2217500PE.NFO,06/10/2022,09:17:44,229.5,231.45,50,232.4,350,1800,150800
NIFTY13OCT2217500PE.NFO,06/10/2022,09:17:45,232.4,231.65,400,232.55,300,50,150800
NIFTY13OCT2217500PE.NFO,06/10/2022,09:17:47,230.05,229.35,250,230.05,200,200,150800
NIFTY13OCT2217500PE.NFO,06/10/2022,09:17:49,229.5,229.55,100,230.15,350,400,150800
NIFTY13OCT2217500PE.NFO,06/10/2022,09:17:50,230.05,230.5,50,231.2,650,100,150800
NIFTY13OCT2217500PE.NFO,06/10/2022,09:17:52,231.5,230.65,1150,231.4,350,300,150800
NIFTY13OCT2217500PE.NFO,06/10/2022,09:17:53,231.45,231.05,1150,231.95,500,100,150800
NIFTY13OCT2217500PE.NFO,06/10/2022,09:17:55,231.05,230.95,500,231.65,350,100,150800
NIFTY13OCT2217500PE.NFO,06/10/2022,09:17:56,231.45,231,850,231.75,100,450,150800
NIFTY13OCT2217500PE.NFO,06/10/2022,09:17:58,231.05,230.9,400,231.75,550,100,150800
NIFTY13OCT2217500PE.NFO,06/10/2022,09:18:00,231.85,231.45,400,232.3,350,50,150800
NIFTY13OCT2217500PE.NFO,06/10/2022,09:18:01,232,231.55,400,232.2,100,1450,150800
NIFTY13OCT2217500PE.NFO,06/10/2022,09:18:03,231.5,231.5,700,232.2,200,50,150800
NIFTY13OCT2217500PE.NFO,06/10/2022,09:18:04,231.15,232.25,350,233,50,1500,150800
NIFTY13OCT2217500PE.NFO,06/10/2022,09:18:06,232.85,232.3,50,232.85,350,100,150800
NIFTY13OCT2217500PE.NFO,06/10/2022,09:18:07,231,230.25,350,231.05,400,50,150800
NIFTY13OCT2217500PE.NFO,06/10/2022,09:18:09,230,229.25,1150,229.95,150,3050,150800
NIFTY13OCT2217500PE.NFO,06/10/2022,09:18:11,228.95,228.55,450,229.35,250,750,150800
NIFTY13OCT2217500PE.NFO,06/10/2022,09:18:12,229,228.4,1350,229.15,50,100,150800
NIFTY13OCT2217500PE.NFO,06/10/2022,09:18:15,225.95,225.8,350,226.65,450,1400,150800
NIFTY13OCT2217500PE.NFO,06/10/2022,09:18:17,225.15,225,1600,225.55,1000,50,150800
NIFTY13OCT2217500PE.NFO,06/10/2022,09:18:19,226.8,226,350,226.85,450,350,150800
NIFTY13OCT2217500PE.NFO,06/10/2022,09:18:20,227.7,226,50,226.75,450,300,150800
NIFTY13OCT2217500PE.NFO,06/10/2022,09:18:22,226.6,227.55,50,228.35,400,100,150800
NIFTY13OCT2217500PE.NFO,06/10/2022,09:18:24,227.65,227,1150,227.85,50,1500,150800
NIFTY13OCT2217500PE.NFO,06/10/2022,09:18:25,228.05,227.6,100,228.3,50,550,150800
NIFTY13OCT2217500PE.NFO,06/10/2022,09:18:27,228.05,228.1,700,228.9,750,0,150800
NIFTY13OCT2217500PE.NFO,06/10/2022,09:18:29,229,229,750,229.8,350,100,150800
NIFTY13OCT2217500PE.NFO,06/10/2022,09:18:30,230.25,230.15,150,230.9,350,300,150800
NIFTY13OCT2217500PE.NFO,06/10/2022,09:18:32,231.2,230.05,50,230.9,750,100,150800
NIFTY13OCT2217500PE.NFO,06/10/2022,09:18:34,230.95,230.3,50,231,150,150,150800
NIFTY13OCT2217500PE.NFO,06/10/2022,09:18:35,231.4,230.85,50,231.45,400,150,150800
NIFTY13OCT2217500PE.NFO,06/10/2022,09:18:37,232,231.75,50,232.1,350,1700,150800
NIFTY13OCT2217500PE.NFO,06/10/2022,09:18:39,231.9,231.65,50,232.3,350,100,150800
NIFTY13OCT2217500PE.NFO,06/10/2022,09:18:40,231.9,232.3,50,232.8,450,0,150800
NIFTY13OCT2217500PE.NFO,06/10/2022,09:18:42,233,233.1,600,233.65,350,250,150800
NIFTY13OCT2217500PE.NFO,06/10/2022,09:18:44,234.4,233.75,300,234.45,350,650,150800
NIFTY13OCT2217500PE.NFO,06/10/2022,09:18:45,234.45,234.45,100,235,200,900,150800
NIFTY13OCT2217500PE.NFO,06/10/2022,09:18:47,232.95,234,700,234.55,100,350,150800
NIFTY13OCT2217500PE.NFO,06/10/2022,09:18:49,235.95,235.6,150,236.25,50,300,150800
NIFTY13OCT2217500PE.NFO,06/10/2022,09:18:50,235.9,235.05,350,235.75,50,400,150800
NIFTY13OCT2217500PE.NFO,06/10/2022,09:18:52,236.9,236.1,450,236.85,50,950,150800
NIFTY13OCT2217500PE.NFO,06/10/2022,09:18:54,236.5,236.5,1200,237.15,50,450,150800
NIFTY13OCT2217500PE.NFO,06/10/2022,09:18:55,236.15,236,1200,236.75,50,300,150800
NIFTY13OCT2217500PE.NFO,06/10/2022,09:18:57,236.45,236.45,200,237.15,50,150,150800
NIFTY13OCT2217500PE.NFO,06/10/2022,09:18:59,235.65,235.65,400,236.55,700,600,150800
NIFTY13OCT2217500PE.NFO,06/10/2022,09:19:00,236.65,236.6,350,237.1,100,50,150800
NIFTY13OCT2217500PE.NFO,06/10/2022,09:19:02,238.05,237.35,400,238.05,250,2550,150800
NIFTY13OCT2217500PE.NFO,06/10/2022,09:19:04,239,239.2,650,239.9,400,700,150800
NIFTY13OCT2217500PE.NFO,06/10/2022,09:19:05,240.85,240.9,400,241.45,350,650,150800
NIFTY13OCT2217500PE.NFO,06/10/2022,09:19:07,241.95,241.65,1100,242.25,350,250,150800
NIFTY13OCT2217500PE.NFO,06/10/2022,09:19:09,243.2,242.6,50,243.25,350,100,150800
NIFTY13OCT2217500PE.NFO,06/10/2022,09:19:10,244,243.6,1050,244,4150,350,150800
NIFTY13OCT2217500PE.NFO,06/10/2022,09:19:12,245.1,245.05,600,245.7,100,4550,150800
NIFTY13OCT2217500PE.NFO,06/10/2022,09:19:14,245,245.15,400,245.75,50,1250,150800
NIFTY13OCT2217500PE.NFO,06/10/2022,09:19:15,244.4,243.3,400,244.05,100,2250,150800
NIFTY13OCT2217500PE.NFO,06/10/2022,09:19:17,241.9,242.25,550,243.1,350,150,150800
NIFTY13OCT2217500PE.NFO,06/10/2022,09:19:19,243.3,242.4,50,243.25,350,800,150800
NIFTY13OCT2217500PE.NFO,06/10/2022,09:19:20,243.25,243.15,100,243.8,50,200,150800
NIFTY13OCT2217500PE.NFO,06/10/2022,09:19:22,244.2,244.15,100,244.85,50,300,150800
NIFTY13OCT2217500PE.NFO,06/10/2022,09:19:24,245,245.2,400,245.9,50,1850,150800
NIFTY13OCT2217500PE.NFO,06/10/2022,09:19:25,245.75,245.75,100,246.6,500,600,150800
NIFTY13OCT2217500PE.NFO,06/10/2022,09:19:25,246.95,245.75,100,246.6,500,0,150800
NIFTY13OCT2217500PE.NFO,06/10/2022,09:19:27,245.65,245.65,550,246.6,650,1450,150800
NIFTY13OCT2217500PE.NFO,06/10/2022,09:19:29,243.65,243.45,100,244.25,100,150,150800
NIFTY13OCT2217500PE.NFO,06/10/2022,09:19:30,243,242,100,242.85,450,750,150800
NIFTY13OCT2217500PE.NFO,06/10/2022,09:19:32,242.2,242.2,200,243.15,50,250,150800
NIFTY13OCT2217500PE.NFO,06/10/2022,09:19:34,242.25,242.25,50,242.95,50,50,150800
NIFTY13OCT2217500PE.NFO,06/10/2022,09:19:35,242.05,243.15,100,244.1,100,100,150800
NIFTY13OCT2217500PE.NFO,06/10/2022,09:19:37,243.95,243.15,50,243.9,50,350,150800
NIFTY13OCT2217500PE.NFO,06/10/2022,09:19:39,245,244.15,50,245,50,1200,150800
NIFTY13OCT2217500PE.NFO,06/10/2022,09:19:40,245,244.35,350,244.95,100,0,150800
NIFTY13OCT2217500PE.NFO,06/10/2022,09:19:42,243.35,242.4,100,243.3,450,1850,150800
NIFTY13OCT2217500PE.NFO,06/10/2022,09:19:44,242.75,241.9,100,242.7,500,1050,150800
NIFTY13OCT2217500PE.NFO,06/10/2022,09:19:45,241.35,240.65,400,241.35,50,150,150800
NIFTY13OCT2217500PE.NFO,06/10/2022,09:19:47,241.2,240.65,100,241.4,350,150,150800
NIFTY13OCT2217500PE.NFO,06/10/2022,09:19:49,241.2,241.95,200,242.7,350,1000,150800
NIFTY13OCT2217500PE.NFO,06/10/2022,09:19:50,241.8,241.15,150,242.1,750,50,150800
NIFTY13OCT2217500PE.NFO,06/10/2022,09:19:52,242.75,242.15,450,242.9,100,250,150800
NIFTY13OCT2217500PE.NFO,06/10/2022,09:19:54,241.9,241.95,100,242.65,50,50,150800
NIFTY13OCT2217500PE.NFO,06/10/2022,09:19:55,241.9,241.25,50,242.15,450,0,150800
NIFTY13OCT2217500PE.NFO,06/10/2022,09:19:57,242.25,241.4,400,242.25,650,50,150800
NIFTY13OCT2217500PE.NFO,06/10/2022,09:19:59,241.7,241.25,100,242,950,100,150800
NIFTY13OCT2217500PE.NFO,06/10/2022,09:20:00,241.7,241.85,300,242.6,100,0,150800
NIFTY13OCT2217500PE.NFO,06/10/2022,09:20:02,242.25,241.65,100,242.4,200,200,150800
NIFTY13OCT2217500PE.NFO,06/10/2022,09:20:04,241.2,240.4,100,241.1,400,300,150800
NIFTY13OCT2217500PE.NFO,06/10/2022,09:20:05,241.2,241.25,50,242,100,0,150800
NIFTY13OCT2217500PE.NFO,06/10/2022,09:20:07,239.95,239.85,200,240,150,2250,150800
NIFTY13OCT2217500PE.NFO,06/10/2022,09:20:09,239.55,239,500,239.85,450,300,150800
NIFTY13OCT2217500PE.NFO,06/10/2022,09:20:10,239.25,237.45,50,238.35,200,750,150800
NIFTY13OCT2217500PE.NFO,06/10/2022,09:20:12,237,236.2,750,237.05,100,550,150800
NIFTY13OCT2217500PE.NFO,06/10/2022,09:20:14,236,236.25,400,237.2,50,100,150800
NIFTY13OCT2217500PE.NFO,06/10/2022,09:20:15,236.85,235.75,50,236.5,50,1000,150800
NIFTY13OCT2217500PE.NFO,06/10/2022,09:20:17,235.15,235.05,350,235.7,100,250,150800
NIFTY13OCT2217500PE.NFO,06/10/2022,09:20:19,235.15,234.4,400,234.85,250,0,150800
NIFTY13OCT2217500PE.NFO,06/10/2022,09:20:20,236.4,236.2,50,236.9,100,250,150800
NIFTY13OCT2217500PE.NFO,06/10/2022,09:20:22,238.15,238.05,50,238.8,400,3000,150800
NIFTY13OCT2217500PE.NFO,06/10/2022,09:20:24,238.25,239,100,239.75,450,250,150800
NIFTY13OCT2217500PE.NFO,06/10/2022,09:20:25,238.8,238.85,100,239.6,450,1700,150800
NIFTY13OCT2217500PE.NFO,06/10/2022,09:20:27,236.4,236.75,50,237.55,50,200,150800
NIFTY13OCT2217500PE.NFO,06/10/2022,09:20:29,236.4,235.7,450,236.55,450,0,150800
NIFTY13OCT2217500PE.NFO,06/10/2022,09:20:30,235.55,235,50,235.55,400,200,150800
NIFTY13OCT2217500PE.NFO,06/10/2022,09:20:32,236.05,235.6,450,236.45,400,200,150800
NIFTY13OCT2217500PE.NFO,06/10/2022,09:20:34,235.95,235.7,350,236.5,400,1000,150800
NIFTY13OCT2217500PE.NFO,06/10/2022,09:20:35,235.95,235.15,350,235.95,400,0,162050
NIFTY13OCT2217500PE.NFO,06/10/2022,09:20:37,235.95,235.85,50,236.6,350,50,162050
NIFTY13OCT2217500PE.NFO,06/10/2022,09:20:39,236.9,236.3,50,237.1,400,150,162050
NIFTY13OCT2217500PE.NFO,06/10/2022,09:20:40,235.55,235.05,100,235.6,350,250,162050
NIFTY13OCT2217500PE.NFO,06/10/2022,09:20:42,235.15,235.9,50,236.6,350,300,162050
NIFTY13OCT2217500PE.NFO,06/10/2022,09:20:44,236.45,235.9,50,236.55,350,300,162050
NIFTY13OCT2217500PE.NFO,06/10/2022,09:20:45,236.45,237.1,450,237.85,350,0,162050
NIFTY13OCT2217500PE.NFO,06/10/2022,09:20:47,235.95,236.05,50,236.75,350,50,162050
NIFTY13OCT2217500PE.NFO,06/10/2022,09:20:49,237,236.35,50,236.95,350,200,162050
NIFTY13OCT2217500PE.NFO,06/10/2022,09:20:50,236.2,236.05,500,236.8,50,300,162050
NIFTY13OCT2217500PE.NFO,06/10/2022,09:20:52,235.7,235.8,750,236.55,150,2200,162050
NIFTY13OCT2217500PE.NFO,06/10/2022,09:20:54,235.7,235.05,100,235.9,900,0,162050
NIFTY13OCT2217500PE.NFO,06/10/2022,09:20:56,235.5,235.05,50,235.7,50,100,162050
NIFTY13OCT2217500PE.NFO,06/10/2022,09:20:57,236.05,235.8,600,236.65,100,1100,162050
NIFTY13OCT2217500PE.NFO,06/10/2022,09:20:59,236,235.1,50,235.85,50,350,162050
NIFTY13OCT2217500PE.NFO,06/10/2022,09:21:01,234.85,233.7,50,234.5,150,1750,162050
NIFTY13OCT2217500PE.NFO,06/10/2022,09:21:02,234.2,234.05,350,234.75,400,150,162050
NIFTY13OCT2217500PE.NFO,06/10/2022,09:21:04,233.25,232.8,350,233.5,200,700,162050
NIFTY13OCT2217500PE.NFO,06/10/2022,09:21:06,231.9,231.3,350,232.15,450,1350,162050
NIFTY13OCT2217500PE.NFO,06/10/2022,09:21:07,230.3,230,3950,230.6,250,450,162050
NIFTY13OCT2217500PE.NFO,06/10/2022,09:21:09,230.05,231.1,50,231.6,400,1150,162050
NIFTY13OCT2217500PE.NFO,06/10/2022,09:21:11,231.9,231,300,231.85,800,200,162050
NIFTY13OCT2217500PE.NFO,06/10/2022,09:21:12,231.4,231.35,50,232,100,100,162050
NIFTY13OCT2217500PE.NFO,06/10/2022,09:21:14,233,232.25,50,232.95,350,1000,162050
NIFTY13OCT2217500PE.NFO,06/10/2022,09:21:16,234.45,234.15,50,234.65,350,400,162050
NIFTY13OCT2217500PE.NFO,06/10/2022,09:21:17,233.8,234.15,50,234.9,750,3700,162050
NIFTY13OCT2217500PE.NFO,06/10/2022,09:21:19,235.55,235.5,250,235.55,50,100,162050
NIFTY13OCT2217500PE.NFO,06/10/2022,09:21:21,234.3,234.4,50,235.15,850,1500,162050
NIFTY13OCT2217500PE.NFO,06/10/2022,09:21:22,236,235.95,100,236.75,400,300,162050
NIFTY13OCT2217500PE.NFO,06/10/2022,09:21:24,240,239.8,150,240.7,700,450,162050
NIFTY13OCT2217500PE.NFO,06/10/2022,09:21:26,242.05,241.85,150,242.7,50,1100,162050
NIFTY13OCT2217500PE.NFO,06/10/2022,09:21:27,241.05,241.9,100,242.65,100,250,162050
NIFTY13OCT2217500PE.NFO,06/10/2022,09:21:29,245,244.95,50,245.7,400,700,162050
NIFTY13OCT2217500PE.NFO,06/10/2022,09:21:31,247,246.95,100,247.65,650,1100,162050
NIFTY13OCT2217500PE.NFO,06/10/2022,09:21:31,247,246.95,100,247.65,650,0,162050
NIFTY13OCT2217500PE.NFO,06/10/2022,09:21:32,246.9,246.7,50,247.45,100,250,162050
NIFTY13OCT2217500PE.NFO,06/10/2022,09:21:32,247.25,246.7,50,247.45,100,0,162050
NIFTY13OCT2217500PE.NFO,06/10/2022,09:21:34,249,248.45,100,249.1,50,4000,162050
NIFTY13OCT2217500PE.NFO,06/10/2022,09:21:34,249,248.45,100,249.1,50,0,162050
NIFTY13OCT2217500PE.NFO,06/10/2022,09:21:36,247,246,50,247.2,450,2400,162050
NIFTY13OCT2217500PE.NFO,06/10/2022,09:21:36,250.7,246,50,247.2,450,0,162050
NIFTY13OCT2217500PE.NFO,06/10/2022,09:21:37,247.45,248.75,200,249.65,100,750,162050
NIFTY13OCT2217500PE.NFO,06/10/2022,09:21:39,249.25,248.5,450,249.3,50,3300,162050
NIFTY13OCT2217500PE.NFO,06/10/2022,09:21:41,248,248.5,300,249.3,450,1950,162050
NIFTY13OCT2217500PE.NFO,06/10/2022,09:21:42,247.8,247.1,50,247.9,50,450,162050
NIFTY13OCT2217500PE.NFO,06/10/2022,09:21:44,246.15,246.15,50,246.25,50,300,162050
NIFTY13OCT2217500PE.NFO,06/10/2022,09:21:46,246.3,244.4,50,245.15,100,550,162050
NIFTY13OCT2217500PE.NFO,06/10/2022,09:21:47,245.25,244.75,400,245.5,50,100,162050
NIFTY13OCT2217500PE.NFO,06/10/2022,09:21:49,246.6,246.05,450,246.8,400,400,162050
NIFTY13OCT2217500PE.NFO,06/10/2022,09:21:51,245.5,245.75,150,246.4,50,1100,162050
NIFTY13OCT2217500PE.NFO,06/10/2022,09:21:52,247.8,247.7,50,248,50,350,162050
NIFTY13OCT2217500PE.NFO,06/10/2022,09:21:54,249.3,249.5,600,250,100,400,162050
NIFTY13OCT2217500PE.NFO,06/10/2022,09:21:56,250.65,249.3,100,250.35,400,1250,162050
NIFTY13OCT2217500PE.NFO,06/10/2022,09:21:57,249.55,249.7,150,250.4,50,50,162050
NIFTY13OCT2217500PE.NFO,06/10/2022,09:21:59,248.9,248.35,50,249.25,400,1100,162050
NIFTY13OCT2217500PE.NFO,06/10/2022,09:21:59,250.8,248.35,50,249.25,400,0,162050
NIFTY13OCT2217500PE.NFO,06/10/2022,09:22:01,250.8,250,50,250.5,150,700,162050
NIFTY13OCT2217500PE.NFO,06/10/2022,09:22:01,251.2,250,50,250.5,150,0,162050
NIFTY13OCT2217500PE.NFO,06/10/2022,09:22:02,250.25,250.05,100,250.85,100,200,162050
NIFTY13OCT2217500PE.NFO,06/10/2022,09:22:04,250.5,251,50,251.75,400,150,162050
NIFTY13OCT2217500PE.NFO,06/10/2022,09:22:06,251.2,251.25,550,251.95,100,100,162050
NIFTY13OCT2217500PE.NFO,06/10/2022,09:22:06,251.75,251.25,550,251.95,100,0,162050
NIFTY13OCT2217500PE.NFO,06/10/2022,09:22:07,252.25,250.6,100,251.4,250,400,162050
NIFTY13OCT2217500PE.NFO,06/10/2022,09:22:07,252.75,250.6,100,251.4,250,0,162050
NIFTY13OCT2217500PE.NFO,06/10/2022,09:22:09,250.05,250,1350,250.5,50,200,162050
NIFTY13OCT2217500PE.NFO,06/10/2022,09:22:11,249.75,249,50,249.75,500,1450,162050
NIFTY13OCT2217500PE.NFO,06/10/2022,09:22:12,249.75,249.25,50,249.95,100,600,162050
NIFTY13OCT2217500PE.NFO,06/10/2022,09:22:14,251.4,251.1,100,251.65,100,700,162050
NIFTY13OCT2217500PE.NFO,06/10/2022,09:22:15,250.35,249.6,150,250.35,350,150,162050
NIFTY13OCT2217500PE.NFO,06/10/2022,09:22:17,250,249.7,200,250.25,350,350,162050
NIFTY13OCT2217500PE.NFO,06/10/2022,09:22:19,250.55,249.7,150,250.35,50,300,162050
NIFTY13OCT2217500PE.NFO,06/10/2022,09:22:20,250.8,251.35,700,252,50,150,162050
NIFTY13OCT2217500PE.NFO,06/10/2022,09:22:22,251.5,251.65,550,252,50,350,162050
NIFTY13OCT2217500PE.NFO,06/10/2022,09:22:24,251.65,251.15,50,251.95,100,300,162050
NIFTY13OCT2217500PE.NFO,06/10/2022,09:22:25,253.3,252.5,250,253.35,350,2950,162050
NIFTY13OCT2217500PE.NFO,06/10/2022,09:22:25,253.3,252.5,250,253.35,350,0,162050
NIFTY13OCT2217500PE.NFO,06/10/2022,09:22:27,253.3,253.35,100,254,4250,1050,162050
NIFTY13OCT2217500PE.NFO,06/10/2022,09:22:29,252.75,252.7,450,253.5,400,250,162050
NIFTY13OCT2217500PE.NFO,06/10/2022,09:22:29,254,252.7,450,253.5,400,0,162050
NIFTY13OCT2217500PE.NFO,06/10/2022,09:22:30,253,251.95,550,252.85,400,400,162050
NIFTY13OCT2217500PE.NFO,06/10/2022,09:22:32,251.35,251.3,400,252.2,350,1150,162050
NIFTY13OCT2217500PE.NFO,06/10/2022,09:22:34,251.3,250.6,100,251.25,50,900,162050
NIFTY13OCT2217500PE.NFO,06/10/2022,09:22:35,247.95,248.45,400,249.3,400,1900,162050
NIFTY13OCT2217500PE.NFO,06/10/2022,09:22:37,248.6,248.55,250,249.45,750,150,162050
NIFTY13OCT2217500PE.NFO,06/10/2022,09:22:39,249.45,248.1,250,248.8,50,50,162050
NIFTY13OCT2217500PE.NFO,06/10/2022,09:22:40,248.8,247.2,250,247.85,400,50,162050
NIFTY13OCT2217500PE.NFO,06/10/2022,09:22:42,247,245.5,100,246.2,700,300,162050
NIFTY13OCT2217500PE.NFO,06/10/2022,09:22:44,245,244.2,100,244.85,400,950,162050
NIFTY13OCT2217500PE.NFO,06/10/2022,09:22:45,243,243.8,350,244.55,50,3700,162050
NIFTY13OCT2217500PE.NFO,06/10/2022,09:22:47,245,243.95,350,244.7,400,100,162050
NIFTY13OCT2217500PE.NFO,06/10/2022,09:22:49,245,246.05,100,246.65,50,0,162050
NIFTY13OCT2217500PE.NFO,06/10/2022,09:22:50,249.15,249.15,50,249.75,50,150,162050
NIFTY13OCT2217500PE.NFO,06/10/2022,09:22:52,250.15,250.15,150,250.9,50,2550,162050
NIFTY13OCT2217500PE.NFO,06/10/2022,09:22:54,251.9,251.05,50,251.75,350,100,162050
NIFTY13OCT2217500PE.NFO,06/10/2022,09:22:55,251.75,251.7,200,252.4,50,150,162050
NIFTY13OCT2217500PE.NFO,06/10/2022,09:22:57,251.95,251.15,100,251.9,950,200,162050
NIFTY13OCT2217500PE.NFO,06/10/2022,09:22:59,251.35,250.5,350,251.1,50,350,162050
NIFTY13OCT2217500PE.NFO,06/10/2022,09:23:00,250,250.7,300,251.5,50,900,162050
NIFTY13OCT2217500PE.NFO,06/10/2022,09:23:02,251.45,252.05,200,252.75,50,50,162050
NIFTY13OCT2217500PE.NFO,06/10/2022,09:23:04,252.75,251.1,950,251.9,100,50,162050
NIFTY13OCT2217500PE.NFO,06/10/2022,09:23:06,251.85,250.9,150,251.85,400,400,162050
NIFTY13OCT2217500PE.NFO,06/10/2022,09:23:07,251.65,250.35,100,251.05,400,50,162050
NIFTY13OCT2217500PE.NFO,06/10/2022,09:23:09,251.65,250,150,250.35,2650,0,162050
NIFTY13OCT2217500PE.NFO,06/10/2022,09:23:11,250,249,100,249.6,400,150,162050
NIFTY13OCT2217500PE.NFO,06/10/2022,09:23:12,249,248.5,350,249.1,50,2750,162050
NIFTY13OCT2217500PE.NFO,06/10/2022,09:23:14,249.35,250.4,50,251,500,300,162050
NIFTY13OCT2217500PE.NFO,06/10/2022,09:23:16,251,251.2,50,251.7,50,150,162050
NIFTY13OCT2217500PE.NFO,06/10/2022,09:23:17,249.7,249.15,350,249.9,250,450,162050
NIFTY13OCT2217500PE.NFO,06/10/2022,09:23:19,249.7,250.15,50,250.95,400,0,162050
NIFTY13OCT2217500PE.NFO,06/10/2022,09:23:21,250,249.15,100,249.95,400,550,162050
NIFTY13OCT2217500PE.NFO,06/10/2022,09:23:22,249.6,249.1,50,249.6,350,250,162050
NIFTY13OCT2217500PE.NFO,06/10/2022,09:23:24,249.1,248.4,50,249.3,450,350,162050
NIFTY13OCT2217500PE.NFO,06/10/2022,09:23:26,248,247,350,247.75,100,50,162050
NIFTY13OCT2217500PE.NFO,06/10/2022,09:23:27,248,247.5,100,248.35,400,0,162050
NIFTY13OCT2217500PE.NFO,06/10/2022,09:23:29,248.7,248.4,50,249.15,400,1000,162050
NIFTY13OCT2217500PE.NFO,06/10/2022,09:23:31,249,248.45,50,249.15,400,150,162050
NIFTY13OCT2217500PE.NFO,06/10/2022,09:23:32,248.25,248,50,248.6,450,100,162050
NIFTY13OCT2217500PE.NFO,06/10/2022,09:23:34,246.3,245.85,50,246.55,400,150,173150
NIFTY13OCT2217500PE.NFO,06/10/2022,09:23:36,246.3,246.95,50,247.8,400,0,173150
NIFTY13OCT2217500PE.NFO,06/10/2022,09:23:37,248.45,248.25,50,248.9,1000,400,173150
NIFTY13OCT2217500PE.NFO,06/10/2022,09:23:39,249,248.5,500,249.4,650,600,173150
NIFTY13OCT2217500PE.NFO,06/10/2022,09:23:41,249,248.25,500,249.1,100,0,173150
NIFTY13OCT2217500PE.NFO,06/10/2022,09:23:42,249,249,400,249.7,400,0,173150
NIFTY13OCT2217500PE.NFO,06/10/2022,09:23:44,249.7,248.65,100,249.45,500,100,173150
NIFTY13OCT2217500PE.NFO,06/10/2022,09:23:46,249.7,247.15,100,247.75,250,0,173150
NIFTY13OCT2217500PE.NFO,06/10/2022,09:23:47,247.95,246.95,200,247.65,400,50,173150
NIFTY13OCT2217500PE.NFO,06/10/2022,09:23:49,246.75,247.45,50,247.95,50,100,173150
NIFTY13OCT2217500PE.NFO,06/10/2022,09:23:51,247.95,248.2,50,248.8,400,50,173150
NIFTY13OCT2217500PE.NFO,06/10/2022,09:23:52,247.1,247.05,100,247.7,50,900,173150
NIFTY13OCT2217500PE.NFO,06/10/2022,09:23:54,247,247.6,200,248.25,400,150,173150
NIFTY13OCT2217500PE.NFO,06/10/2022,09:23:56,247.5,247.3,50,247.95,400,50,173150
NIFTY13OCT2217500PE.NFO,06/10/2022,09:23:57,247.5,246.4,50,247,400,0,173150
NIFTY13OCT2217500PE.NFO,06/10/2022,09:23:59,246,245.6,250,246.35,400,100,173150
NIFTY13OCT2217500PE.NFO,06/10/2022,09:24:01,245.45,245.25,300,245.9,400,150,173150
NIFTY13OCT2217500PE.NFO,06/10/2022,09:24:02,245,246.35,50,246.95,400,350,173150
NIFTY13OCT2217500PE.NFO,06/10/2022,09:24:04,247.8,247.9,150,248.6,100,1300,173150
NIFTY13OCT2217500PE.NFO,06/10/2022,09:24:06,247.8,247.55,50,248.3,400,100,173150
NIFTY13OCT2217500PE.NFO,06/10/2022,09:24:07,246.55,246.65,50,247.5,100,100,173150
NIFTY13OCT2217500PE.NFO,06/10/2022,09:24:09,247.4,247.4,100,248.05,450,50,173150
NIFTY13OCT2217500PE.NFO,06/10/2022,09:24:11,248,248.2,50,248.8,50,5000,173150
NIFTY13OCT2217500PE.NFO,06/10/2022,09:24:12,248.8,248,2100,248.65,50,3050,173150
NIFTY13OCT2217500PE.NFO,06/10/2022,09:24:14,245.45,245.35,350,245.85,50,5850,173150
NIFTY13OCT2217500PE.NFO,06/10/2022,09:24:16,244.45,244.1,50,244.45,2350,2850,173150
NIFTY13OCT2217500PE.NFO,06/10/2022,09:24:17,243.4,243.35,450,244.05,100,5200,173150
NIFTY13OCT2217500PE.NFO,06/10/2022,09:24:19,240.8,240.65,200,241.2,2350,7000,173150
NIFTY13OCT2217500PE.NFO,06/10/2022,09:24:21,242.35,242.5,100,243,500,3750,173150
NIFTY13OCT2217500PE.NFO,06/10/2022,09:24:22,241.9,241.75,350,242.35,150,100,173150
NIFTY13OCT2217500PE.NFO,06/10/2022,09:24:24,242,241.5,650,242.05,50,150,173150
NIFTY13OCT2217500PE.NFO,06/10/2022,09:24:26,242,242.7,350,243,600,150,173150
NIFTY13OCT2217500PE.NFO,06/10/2022,09:24:27,242.2,241.65,150,242.3,400,900,173150
NIFTY13OCT2217500PE.NFO,06/10/2022,09:24:29,241.95,242.55,50,243,600,100,173150
NIFTY13OCT2217500PE.NFO,06/10/2022,09:24:31,242.75,240.7,350,241.25,50,300,173150
NIFTY13OCT2217500PE.NFO,06/10/2022,09:24:32,240.85,240.55,400,241.25,400,150,173150
NIFTY13OCT2217500PE.NFO,06/10/2022,09:24:34,239.85,239.75,400,240.35,50,400,173150
NIFTY13OCT2217500PE.NFO,06/10/2022,09:24:36,241.15,240.85,400,241.45,450,50,173150
NIFTY13OCT2217500PE.NFO,06/10/2022,09:24:37,242.55,240,200,240.55,400,150,173150
NIFTY13OCT2217500PE.NFO,06/10/2022,09:24:39,239.35,239,350,239.6,100,1800,173150
NIFTY13OCT2217500PE.NFO,06/10/2022,09:24:41,239.35,239.6,50,240.15,400,200,173150
NIFTY13OCT2217500PE.NFO,06/10/2022,09:24:42,240,239.95,350,240.6,1700,50,173150
NIFTY13OCT2217500PE.NFO,06/10/2022,09:24:44,240.35,240.55,50,241,900,150,173150
NIFTY13OCT2217500PE.NFO,06/10/2022,09:24:46,241.95,241.45,50,242,1100,50,173150
NIFTY13OCT2217500PE.NFO,06/10/2022,09:24:47,241.9,241.7,50,242,100,100,173150
NIFTY13OCT2217500PE.NFO,06/10/2022,09:24:49,241.9,242.15,50,242.8,350,2700,173150
NIFTY13OCT2217500PE.NFO,06/10/2022,09:24:51,242.85,242.75,50,243.25,2750,900,173150
NIFTY13OCT2217500PE.NFO,06/10/2022,09:24:52,241.95,241.55,50,242.15,50,100,173150
NIFTY13OCT2217500PE.NFO,06/10/2022,09:24:54,241.35,241.05,100,241.75,350,150,173150
NIFTY13OCT2217500PE.NFO,06/10/2022,09:24:56,241.35,240,2850,240.45,50,0,173150
NIFTY13OCT2217500PE.NFO,06/10/2022,09:24:57,240,239.6,500,240.35,50,2850,173150
NIFTY13OCT2217500PE.NFO,06/10/2022,09:24:59,240.3,240.05,50,240.7,450,500,173150
NIFTY13OCT2217500PE.NFO,06/10/2022,09:25:01,238.4,237.85,400,238.45,50,550,173150
NIFTY13OCT2217500PE.NFO,06/10/2022,09:25:02,237.45,237.9,100,238.45,250,200,173150
NIFTY13OCT2217500PE.NFO,06/10/2022,09:25:04,238.3,237.85,400,238.45,300,150,173150
NIFTY13OCT2217500PE.NFO,06/10/2022,09:25:06,237.95,239.2,50,239.8,250,150,173150
NIFTY13OCT2217500PE.NFO,06/10/2022,09:25:07,238.8,240.55,50,241.15,350,2500,173150
NIFTY13OCT2217500PE.NFO,06/10/2022,09:25:09,240.8,239.7,50,240.4,400,50,173150
NIFTY13OCT2217500PE.NFO,06/10/2022,09:25:11,240.8,238.7,200,239.3,400,0,173150
NIFTY13OCT2217500PE.NFO,06/10/2022,09:25:12,240.8,238.35,100,238.9,50,0,173150
NIFTY13OCT2217500PE.NFO,06/10/2022,09:25:14,239.3,239.55,250,240.25,400,50,173150
NIFTY13OCT2217500PE.NFO,06/10/2022,09:25:16,240.55,239.85,50,240.55,400,50,173150
NIFTY13OCT2217500PE.NFO,06/10/2022,09:25:17,240.55,240.2,100,240.8,600,0,173150
NIFTY13OCT2217500PE.NFO,06/10/2022,09:25:19,240.55,239.65,300,240.35,400,0,173150
NIFTY13OCT2217500PE.NFO,06/10/2022,09:25:21,240.8,241.2,50,241.6,400,200,173150
NIFTY13OCT2217500PE.NFO,06/10/2022,09:25:22,242.5,241.85,50,242.45,400,500,173150
NIFTY13OCT2217500PE.NFO,06/10/2022,09:25:24,240.85,240.2,350,240.85,400,50,173150
NIFTY13OCT2217500PE.NFO,06/10/2022,09:25:26,241.15,241.15,50,241.75,550,300,173150
NIFTY13OCT2217500PE.NFO,06/10/2022,09:25:27,240.55,239.05,600,239.95,350,500,173150
NIFTY13OCT2217500PE.NFO,06/10/2022,09:25:29,240,239.05,400,239.7,350,2800,173150
NIFTY13OCT2217500PE.NFO,06/10/2022,09:25:31,239.25,238.05,400,238.75,50,500,173150
NIFTY13OCT2217500PE.NFO,06/10/2022,09:25:32,238.15,238.4,100,239.2,1100,200,173150
NIFTY13OCT2217500PE.NFO,06/10/2022,09:25:34,237.5,237.85,400,238.65,100,100,173150
NIFTY13OCT2217500PE.NFO,06/10/2022,09:25:36,237.5,236.8,400,237.3,50,0,173150
NIFTY13OCT2217500PE.NFO,06/10/2022,09:25:37,237.5,235.85,350,236.35,50,0,173150
NIFTY13OCT2217500PE.NFO,06/10/2022,09:25:39,235,233.5,550,234.2,50,500,173150
NIFTY13OCT2217500PE.NFO,06/10/2022,09:25:41,233.45,234.25,50,234.95,50,550,173150
NIFTY13OCT2217500PE.NFO,06/10/2022,09:25:42,234.2,233.7,400,234.25,50,250,173150
NIFTY13OCT2217500PE.NFO,06/10/2022,09:25:44,235.15,234.65,400,235.35,50,100,173150
NIFTY13OCT2217500PE.NFO,06/10/2022,09:25:46,234.75,234.8,400,235.25,150,200,173150
NIFTY13OCT2217500PE.NFO,06/10/2022,09:25:47,234.75,235.05,400,235.7,100,0,173150
NIFTY13OCT2217500PE.NFO,06/10/2022,09:25:49,236.05,235.8,50,236.3,450,1300,173150
NIFTY13OCT2217500PE.NFO,06/10/2022,09:25:51,237.35,237.1,200,237.85,400,450,173150
NIFTY13OCT2217500PE.NFO,06/10/2022,09:25:52,237.35,237.25,300,237.95,400,0,173150
NIFTY13OCT2217500PE.NFO,06/10/2022,09:25:54,237.35,237.75,200,238.35,400,0,173150
NIFTY13OCT2217500PE.NFO,06/10/2022,09:25:56,237.35,237.9,100,238.4,100,0,173150
NIFTY13OCT2217500PE.NFO,06/10/2022,09:25:57,237.8,237.7,150,238.3,400,50,173150
NIFTY13OCT2217500PE.NFO,06/10/2022,09:25:59,237.65,236.7,200,237.35,450,50,173150
NIFTY13OCT2217500PE.NFO,06/10/2022,09:26:01,237.65,235,50,235.5,400,0,173150
NIFTY13OCT2217500PE.NFO,06/10/2022,09:26:02,236.7,236.15,250,236.8,100,250,173150
NIFTY13OCT2217500PE.NFO,06/10/2022,09:26:04,236.7,235.05,250,235.6,700,0,173150
NIFTY13OCT2217500PE.NFO,06/10/2022,09:26:06,234.75,234,100,234.45,450,150,173150
NIFTY13OCT2217500PE.NFO,06/10/2022,09:26:07,234.65,234.5,200,235.05,400,200,173150
NIFTY13OCT2217500PE.NFO,06/10/2022,09:26:09,234.65,234.85,200,235.5,400,0,173150
NIFTY13OCT2217500PE.NFO,06/10/2022,09:26:11,235.65,235.8,200,236.35,50,50,173150
NIFTY13OCT2217500PE.NFO,06/10/2022,09:26:12,236.35,235.7,500,236.3,400,150,173150
NIFTY13OCT2217500PE.NFO,06/10/2022,09:26:14,236.35,234.7,150,235.3,400,0,173150
NIFTY13OCT2217500PE.NFO,06/10/2022,09:26:16,234.95,234.45,150,235.1,50,150,173150
NIFTY13OCT2217500PE.NFO,06/10/2022,09:26:17,233.25,233.65,400,234.4,200,550,173150
NIFTY13OCT2217500PE.NFO,06/10/2022,09:26:19,234.3,234.4,400,235.2,200,50,173150
NIFTY13OCT2217500PE.NFO,06/10/2022,09:26:21,234.3,236.8,50,237.45,200,0,173150
NIFTY13OCT2217500PE.NFO,06/10/2022,09:26:22,237.6,237.65,50,238.25,700,150,173150
NIFTY13OCT2217500PE.NFO,06/10/2022,09:26:24,237.2,236.5,450,237.15,50,100,173150
NIFTY13OCT2217500PE.NFO,06/10/2022,09:26:26,236.85,236.65,400,237.25,50,100,173150
NIFTY13OCT2217500PE.NFO,06/10/2022,09:26:27,236.5,236.2,400,236.85,100,1100,173150
NIFTY13OCT2217500PE.NFO,06/10/2022,09:26:29,235.9,235.7,400,236.4,100,200,173150
NIFTY13OCT2217500PE.NFO,06/10/2022,09:26:31,235.05,234.9,400,235.5,50,250,173150
NIFTY13OCT2217500PE.NFO,06/10/2022,09:26:32,235.05,234.95,400,235.6,100,0,173150
NIFTY13OCT2217500PE.NFO,06/10/2022,09:26:34,235.05,234.7,450,235.3,100,0,173150
NIFTY13OCT2217500PE.NFO,06/10/2022,09:26:36,235.05,234.35,400,234.95,100,0,173150
NIFTY13OCT2217500PE.NFO,06/10/2022,09:26:37,235.05,234.65,400,235.3,100,0,173150
NIFTY13OCT2217500PE.NFO,06/10/2022,09:26:39,235.05,234.25,400,234.9,100,0,173150
NIFTY13OCT2217500PE.NFO,06/10/2022,09:26:41,235.05,234.9,100,235.4,100,50,204900
NIFTY13OCT2217500PE.NFO,06/10/2022,09:26:42,235.05,235.9,50,236,50,0,204900
NIFTY13OCT2217500PE.NFO,06/10/2022,09:26:44,236,235.55,50,236.05,100,50,204900
NIFTY13OCT2217500PE.NFO,06/10/2022,09:26:46,234.9,234.4,300,234.95,50,900,204900
NIFTY13OCT2217500PE.NFO,06/10/2022,09:26:47,234.9,234.55,300,234.95,100,0,204900
NIFTY13OCT2217500PE.NFO,06/10/2022,09:26:49,234.95,235.35,900,236.05,1000,100,204900
NIFTY13OCT2217500PE.NFO,06/10/2022,09:26:51,236.8,236.25,450,236.85,100,400,204900
NIFTY13OCT2217500PE.NFO,06/10/2022,09:26:52,236.75,236.25,50,236.85,400,1500,204900
NIFTY13OCT2217500PE.NFO,06/10/2022,09:26:54,237,236.85,50,237.5,400,50,204900
NIFTY13OCT2217500PE.NFO,06/10/2022,09:26:56,237.95,237.3,300,237.95,400,300,204900
NIFTY13OCT2217500PE.NFO,06/10/2022,09:26:57,237.45,237.1,300,237.65,100,100,204900
NIFTY13OCT2217500PE.NFO,06/10/2022,09:26:59,237.45,236.25,300,236.85,100,0,204900
NIFTY13OCT2217500PE.NFO,06/10/2022,09:27:01,234.95,234.95,300,235.55,300,400,204900
NIFTY13OCT2217500PE.NFO,06/10/2022,09:27:02,235.45,234.8,400,235.35,300,200,204900
NIFTY13OCT2217500PE.NFO,06/10/2022,09:27:04,235.8,235.85,650,236.5,100,50,204900
NIFTY13OCT2217500PE.NFO,06/10/2022,09:27:06,236.3,236.2,50,236.65,100,100,204900
NIFTY13OCT2217500PE.NFO,06/10/2022,09:27:07,236.8,236.2,400,236.9,400,350,204900
NIFTY13OCT2217500PE.NFO,06/10/2022,09:27:09,236.8,236.15,100,236.8,50,0,204900
NIFTY13OCT2217500PE.NFO,06/10/2022,09:27:11,237.8,236.6,400,237.6,100,600,204900
NIFTY13OCT2217500PE.NFO,06/10/2022,09:27:12,237.25,237,800,237.7,100,100,204900
NIFTY13OCT2217500PE.NFO,06/10/2022,09:27:14,238.9,238.1,250,238.7,450,1700,204900
NIFTY13OCT2217500PE.NFO,06/10/2022,09:27:16,239,238.45,150,239.1,400,50,204900
NIFTY13OCT2217500PE.NFO,06/10/2022,09:27:17,238.1,237.65,150,238.25,400,300,204900
NIFTY13OCT2217500PE.NFO,06/10/2022,09:27:19,237.35,237.7,350,238.25,400,100,204900
NIFTY13OCT2217500PE.NFO,06/10/2022,09:27:21,239.15,238.6,50,239.4,550,150,204900
NIFTY13OCT2217500PE.NFO,06/10/2022,09:27:22,238.6,239.35,150,240,100,300,204900
NIFTY13OCT2217500PE.NFO,06/10/2022,09:27:24,239.8,240.9,200,241.6,450,500,204900
NIFTY13OCT2217500PE.NFO,06/10/2022,09:27:26,241.3,240.8,100,241.6,900,400,204900
NIFTY13OCT2217500PE.NFO,06/10/2022,09:27:27,241.3,241.85,100,242.5,400,0,204900
NIFTY13OCT2217500PE.NFO,06/10/2022,09:27:29,242.9,242.05,100,242.75,400,50,204900
NIFTY13OCT2217500PE.NFO,06/10/2022,09:27:31,243,242.75,400,243.25,2350,500,204900
NIFTY13OCT2217500PE.NFO,06/10/2022,09:27:32,244.25,243.9,400,244.45,2350,2450,204900
NIFTY13OCT2217500PE.NFO,06/10/2022,09:27:34,244.75,244.8,150,245,150,3000,204900
NIFTY13OCT2217500PE.NFO,06/10/2022,09:27:36,243.45,242.9,400,243.55,250,1350,204900
NIFTY13OCT2217500PE.NFO,06/10/2022,09:27:37,243.9,243.85,400,244.55,300,50,204900
NIFTY13OCT2217500PE.NFO,06/10/2022,09:27:39,243.55,243.3,400,243.55,50,100,204900
NIFTY13OCT2217500PE.NFO,06/10/2022,09:27:41,244.85,244.75,150,245.3,2500,250,204900
NIFTY13OCT2217500PE.NFO,06/10/2022,09:27:43,244.85,244.95,350,245.3,2500,0,204900
NIFTY13OCT2217500PE.NFO,06/10/2022,09:27:44,244.25,243.55,400,244.2,50,150,204900
NIFTY13OCT2217500PE.NFO,06/10/2022,09:27:46,243,242.7,350,243.25,100,50,204900
NIFTY13OCT2217500PE.NFO,06/10/2022,09:27:48,242,241.65,400,242.25,100,100,204900
NIFTY13OCT2217500PE.NFO,06/10/2022,09:27:49,242.75,242,400,242.55,150,100,204900
NIFTY13OCT2217500PE.NFO,06/10/2022,09:27:51,242.75,243.55,400,244.05,50,0,204900
NIFTY13OCT2217500PE.NFO,06/10/2022,09:27:53,243.5,243.6,400,244.2,50,400,204900
NIFTY13OCT2217500PE.NFO,06/10/2022,09:27:54,243.5,242.2,750,242.85,150,0,204900
NIFTY13OCT2217500PE.NFO,06/10/2022,09:27:56,241.3,240.7,350,241.25,50,100,204900
NIFTY13OCT2217500PE.NFO,06/10/2022,09:27:58,240.25,239.35,350,239.85,100,150,204900
NIFTY13OCT2217500PE.NFO,06/10/2022,09:27:59,240.25,240.85,350,241.55,50,0,204900
NIFTY13OCT2217500PE.NFO,06/10/2022,09:28:01,240.25,239.25,450,240.15,400,0,204900
NIFTY13OCT2217500PE.NFO,06/10/2022,09:28:03,240.6,240.4,500,241,150,200,204900
NIFTY13OCT2217500PE.NFO,06/10/2022,09:28:06,240.7,240.3,400,240.75,50,900,204900
NIFTY13OCT2217500PE.NFO,06/10/2022,09:28:08,239.7,239,50,239.5,100,200,204900
NIFTY13OCT2217500PE.NFO,06/10/2022,09:28:09,239,238.35,400,238.9,100,750,204900
NIFTY13OCT2217500PE.NFO,06/10/2022,09:28:11,239,239.5,400,240.15,450,0,204900
NIFTY13OCT2217500PE.NFO,06/10/2022,09:28:13,240.75,240.45,400,241.1,100,150,204900
NIFTY13OCT2217500PE.NFO,06/10/2022,09:28:14,241.05,240.5,450,241.1,300,400,204900
NIFTY13OCT2217500PE.NFO,06/10/2022,09:28:16,241.05,239.7,50,240.1,200,0,204900
NIFTY13OCT2217500PE.NFO,06/10/2022,09:28:18,239.7,238.7,400,239.45,200,50,204900
NIFTY13OCT2217500PE.NFO,06/10/2022,09:28:19,239.7,239.1,400,239.85,200,0,204900
NIFTY13OCT2217500PE.NFO,06/10/2022,09:28:21,239.2,239.35,400,239.95,250,50,204900
NIFTY13OCT2217500PE.NFO,06/10/2022,09:28:23,239.2,240.35,50,240.95,250,0,204900
NIFTY13OCT2217500PE.NFO,06/10/2022,09:28:24,239.2,242.4,50,242.95,600,0,204900
NIFTY13OCT2217500PE.NFO,06/10/2022,09:28:26,242.3,242.65,500,243.25,300,100,204900
NIFTY13OCT2217500PE.NFO,06/10/2022,09:28:28,241.7,241.1,400,241.85,100,50,204900
NIFTY13OCT2217500PE.NFO,06/10/2022,09:28:29,241.7,240.6,350,241.35,800,0,204900
NIFTY13OCT2217500PE.NFO,06/10/2022,09:28:31,241.7,241.5,950,242.15,350,0,204900
NIFTY13OCT2217500PE.NFO,06/10/2022,09:28:33,241.45,241,400,241.6,100,250,204900
NIFTY13OCT2217500PE.NFO,06/10/2022,09:28:34,240.7,240.75,350,241.45,450,550,204900
NIFTY13OCT2217500PE.NFO,06/10/2022,09:28:36,240.45,240,50,240.5,100,100,204900
NIFTY13OCT2217500PE.NFO,06/10/2022,09:28:38,240.45,240.05,400,240.7,500,0,204900
NIFTY13OCT2217500PE.NFO,06/10/2022,09:28:39,240.7,241.05,400,241.7,100,50,204900
NIFTY13OCT2217500PE.NFO,06/10/2022,09:28:41,240.45,239.75,400,240.45,350,200,204900
NIFTY13OCT2217500PE.NFO,06/10/2022,09:28:43,239.2,238.55,400,239.2,50,300,204900
NIFTY13OCT2217500PE.NFO,06/10/2022,09:28:44,239.15,237.85,400,238.55,550,150,204900
NIFTY13OCT2217500PE.NFO,06/10/2022,09:28:46,237.25,236.55,100,237.25,200,50,204900
NIFTY13OCT2217500PE.NFO,06/10/2022,09:28:48,237.25,236,50,236.6,500,0,204900
NIFTY13OCT2217500PE.NFO,06/10/2022,09:28:49,236,236.1,100,236.7,200,50,204900
NIFTY13OCT2217500PE.NFO,06/10/2022,09:28:51,236,235.3,450,235.95,200,0,204900
NIFTY13OCT2217500PE.NFO,06/10/2022,09:28:53,236.05,235.85,400,236.4,50,50,204900
NIFTY13OCT2217500PE.NFO,06/10/2022,09:28:54,236.05,236.1,50,236.6,50,0,204900
NIFTY13OCT2217500PE.NFO,06/10/2022,09:28:56,236.05,235.35,400,235.95,350,0,204900
NIFTY13OCT2217500PE.NFO,06/10/2022,09:28:58,234.8,234.95,50,235.5,600,550,204900
NIFTY13OCT2217500PE.NFO,06/10/2022,09:28:59,235.6,236,400,236.65,50,200,204900
NIFTY13OCT2217500PE.NFO,06/10/2022,09:29:01,234.75,235.15,50,235.9,100,100,204900
NIFTY13OCT2217500PE.NFO,06/10/2022,09:29:03,235.5,235.2,50,235.85,50,550,204900
NIFTY13OCT2217500PE.NFO,06/10/2022,09:29:04,234.75,234.05,400,234.6,250,50,204900
NIFTY13OCT2217500PE.NFO,06/10/2022,09:29:06,233.7,232.2,400,232.9,50,3050,204900
NIFTY13OCT2217500PE.NFO,06/10/2022,09:29:08,233.7,231.8,400,232.4,400,0,204900
NIFTY13OCT2217500PE.NFO,06/10/2022,09:29:09,231.75,231.25,50,231.8,450,700,204900
NIFTY13OCT2217500PE.NFO,06/10/2022,09:29:11,231.4,231.65,350,232.2,100,600,204900
NIFTY13OCT2217500PE.NFO,06/10/2022,09:29:13,231.75,232.25,50,232.75,100,300,204900
NIFTY13OCT2217500PE.NFO,06/10/2022,09:29:14,231.75,232.75,50,233.45,400,0,204900
NIFTY13OCT2217500PE.NFO,06/10/2022,09:29:16,233.1,232.75,50,233.25,400,150,204900
NIFTY13OCT2217500PE.NFO,06/10/2022,09:29:18,232.5,232,800,232.8,400,1000,204900
NIFTY13OCT2217500PE.NFO,06/10/2022,09:29:19,230.85,230.45,150,231.2,400,3000,204900
NIFTY13OCT2217500PE.NFO,06/10/2022,09:29:21,230,229.35,150,230,50,1550,204900
NIFTY13OCT2217500PE.NFO,06/10/2022,09:29:23,230,230.1,50,230.65,400,50,204900
NIFTY13OCT2217500PE.NFO,06/10/2022,09:29:24,229.35,229.6,450,230.25,400,450,204900
NIFTY13OCT2217500PE.NFO,06/10/2022,09:29:26,232,231.2,150,231.9,50,200,204900
NIFTY13OCT2217500PE.NFO,06/10/2022,09:29:28,232.35,231.95,50,232.55,400,200,204900
NIFTY13OCT2217500PE.NFO,06/10/2022,09:29:29,231.95,231.7,150,232.35,750,100,204900
NIFTY13OCT2217500PE.NFO,06/10/2022,09:29:31,231.45,230.95,150,231.6,100,50,204900
NIFTY13OCT2217500PE.NFO,06/10/2022,09:29:33,231.45,230.05,150,230.65,400,0,204900
NIFTY13OCT2217500PE.NFO,06/10/2022,09:29:34,230.65,230,50,230.4,400,50,204900
NIFTY13OCT2217500PE.NFO,06/10/2022,09:29:36,230.65,230.05,200,230.45,50,0,204900
NIFTY13OCT2217500PE.NFO,06/10/2022,09:29:38,230.9,231.05,100,231.7,450,150,218400
NIFTY13OCT2217500PE.NFO,06/10/2022,09:29:39,230.9,231.65,100,232.25,50,0,218400
NIFTY13OCT2217500PE.NFO,06/10/2022,09:29:41,232.35,232.25,400,232.85,50,750,218400
NIFTY13OCT2217500PE.NFO,06/10/2022,09:29:43,232.35,231.9,350,232.4,300,0,218400
NIFTY13OCT2217500PE.NFO,06/10/2022,09:29:44,232.3,232.1,100,232.75,300,50,218400
NIFTY13OCT2217500PE.NFO,06/10/2022,09:29:46,232.3,231.3,400,231.9,300,0,218400
NIFTY13OCT2217500PE.NFO,06/10/2022,09:29:48,232.7,232.5,400,232.95,50,2000,218400
NIFTY13OCT2217500PE.NFO,06/10/2022,09:29:49,233.3,232.85,400,233.45,50,200,218400
NIFTY13OCT2217500PE.NFO,06/10/2022,09:29:51,233.3,232.25,50,232.75,150,0,218400
NIFTY13OCT2217500PE.NFO,06/10/2022,09:29:53,232.5,232.15,500,232.5,200,600,218400
NIFTY13OCT2217500PE.NFO,06/10/2022,09:29:54,232.5,232.45,400,232.85,50,200,218400
NIFTY13OCT2217500PE.NFO,06/10/2022,09:29:56,232.5,232.15,100,232.3,50,0,218400
NIFTY13OCT2217500PE.NFO,06/10/2022,09:29:58,232.15,232,100,232.35,50,100,218400
NIFTY13OCT2217500PE.NFO,06/10/2022,09:29:59,232.15,232.5,100,233,50,0,218400
NIFTY13OCT2217500PE.NFO,06/10/2022,09:30:01,230.9,230.2,350,230.75,100,200,218400
NIFTY13OCT2217500PE.NFO,06/10/2022,09:30:03,230.75,231.45,400,232,400,50,218400
NIFTY13OCT2217500PE.NFO,06/10/2022,09:30:04,230.75,230.3,400,230.85,50,0,218400
NIFTY13OCT2217500PE.NFO,06/10/2022,09:30:06,229.85,229.45,400,230.1,50,950,218400
NIFTY13OCT2217500PE.NFO,06/10/2022,09:30:08,228.6,228.65,300,229,950,600,218400
NIFTY13OCT2217500PE.NFO,06/10/2022,09:30:09,228,227.65,350,228,100,300,218400
NIFTY13OCT2217500PE.NFO,06/10/2022,09:30:11,228.2,227.75,650,228.2,1200,1100,218400
NIFTY13OCT2217500PE.NFO,06/10/2022,09:30:13,228.25,228.3,100,228.75,100,4800,218400
NIFTY13OCT2217500PE.NFO,06/10/2022,09:30:15,227.95,227.65,50,227.95,400,850,218400
NIFTY13OCT2217500PE.NFO,06/10/2022,09:30:16,227.25,226.85,250,227.4,50,200,218400
NIFTY13OCT2217500PE.NFO,06/10/2022,09:30:18,227.25,226.9,50,227.35,400,0,218400
NIFTY13OCT2217500PE.NFO,06/10/2022,09:30:20,226.6,226.35,50,226.95,750,650,218400
NIFTY13OCT2217500PE.NFO,06/10/2022,09:30:21,226.8,226.15,100,226.8,700,50,218400
NIFTY13OCT2217500PE.NFO,06/10/2022,09:30:23,226.8,226.85,50,227.3,50,0,218400
NIFTY13OCT2217500PE.NFO,06/10/2022,09:30:25,227,226.55,100,227.05,350,350,218400
NIFTY13OCT2217500PE.NFO,06/10/2022,09:30:26,227.75,227.85,400,228.3,50,600,218400
NIFTY13OCT2217500PE.NFO,06/10/2022,09:30:28,228.9,228.25,50,228.8,300,250,218400
NIFTY13OCT2217500PE.NFO,06/10/2022,09:30:30,229.15,228.65,400,229.35,900,50,218400
NIFTY13OCT2217500PE.NFO,06/10/2022,09:30:31,228.1,229.25,150,229.85,350,450,218400
NIFTY13OCT2217500PE.NFO,06/10/2022,09:30:33,229.75,229,400,229.55,400,1800,218400
NIFTY13OCT2217500PE.NFO,06/10/2022,09:30:35,229.75,228.3,500,228.9,500,0,218400
NIFTY13OCT2217500PE.NFO,06/10/2022,09:30:36,228.45,228,250,228.55,650,100,218400
NIFTY13OCT2217500PE.NFO,06/10/2022,09:30:38,228,227.25,750,227.85,300,350,218400
NIFTY13OCT2217500PE.NFO,06/10/2022,09:30:40,228,228.45,50,228.8,300,0,218400
NIFTY13OCT2217500PE.NFO,06/10/2022,09:30:41,228.75,228.6,600,229.3,300,150,218400
NIFTY13OCT2217500PE.NFO,06/10/2022,09:30:43,228.75,227.8,600,228.5,450,0,218400
NIFTY13OCT2217500PE.NFO,06/10/2022,09:30:45,227.6,226.75,100,227.25,400,550,218400
NIFTY13OCT2217500PE.NFO,06/10/2022,09:30:46,226.4,226.45,550,226.95,50,100,218400
NIFTY13OCT2217500PE.NFO,06/10/2022,09:30:48,226.45,226.5,100,227,50,100,218400
NIFTY13OCT2217500PE.NFO,06/10/2022,09:30:50,226.8,226.15,350,226.65,50,250,218400
NIFTY13OCT2217500PE.NFO,06/10/2022,09:30:51,226.1,226.1,350,226.65,350,300,218400
NIFTY13OCT2217500PE.NFO,06/10/2022,09:30:53,226.5,226.6,50,227.1,400,50,218400
NIFTY13OCT2217500PE.NFO,06/10/2022,09:30:55,226.2,225.85,50,226.4,50,200,218400
NIFTY13OCT2217500PE.NFO,06/10/2022,09:30:56,226,225.65,350,226.2,400,150,218400
NIFTY13OCT2217500PE.NFO,06/10/2022,09:30:58,225.8,225.75,100,226.35,50,100,218400
NIFTY13OCT2217500PE.NFO,06/10/2022,09:31:00,225.75,225.3,100,225.7,50,650,218400
NIFTY13OCT2217500PE.NFO,06/10/2022,09:31:01,225.4,225.55,50,225.95,500,1900,218400
NIFTY13OCT2217500PE.NFO,06/10/2022,09:31:03,226.6,226.05,100,226.65,50,500,218400
NIFTY13OCT2217500PE.NFO,06/10/2022,09:31:05,226.4,227.1,500,227.85,400,250,218400
NIFTY13OCT2217500PE.NFO,06/10/2022,09:31:06,227.55,227.65,350,228.15,400,300,218400
NIFTY13OCT2217500PE.NFO,06/10/2022,09:31:08,227.45,227.25,50,227.7,450,50,218400
NIFTY13OCT2217500PE.NFO,06/10/2022,09:31:10,228,227.7,50,228.1,50,50,218400
NIFTY13OCT2217500PE.NFO,06/10/2022,09:31:11,228.4,228.15,50,228.4,100,50,218400
NIFTY13OCT2217500PE.NFO,06/10/2022,09:31:13,228.4,228.25,50,228.85,400,100,218400
NIFTY13OCT2217500PE.NFO,06/10/2022,09:31:14,228.85,229.05,50,229.65,400,100,218400
NIFTY13OCT2217500PE.NFO,06/10/2022,09:31:16,231.1,230.6,100,231.25,100,850,218400
NIFTY13OCT2217500PE.NFO,06/10/2022,09:31:18,230.85,230.75,50,231.45,450,100,218400
NIFTY13OCT2217500PE.NFO,06/10/2022,09:31:19,230.95,231.35,100,232,300,50,218400
NIFTY13OCT2217500PE.NFO,06/10/2022,09:31:21,232.05,231.95,100,232.35,50,1750,218400
NIFTY13OCT2217500PE.NFO,06/10/2022,09:31:23,232.75,231.95,50,232.65,1850,100,218400
NIFTY13OCT2217500PE.NFO,06/10/2022,09:31:24,233,232.2,50,232.8,400,450,218400
NIFTY13OCT2217500PE.NFO,06/10/2022,09:31:26,232.95,232.75,250,233,50,100,218400
NIFTY13OCT2217500PE.NFO,06/10/2022,09:31:28,233.55,233.35,350,233.9,400,150,218400
NIFTY13OCT2217500PE.NFO,06/10/2022,09:31:29,232.3,232.25,300,232.85,400,350,218400
NIFTY13OCT2217500PE.NFO,06/10/2022,09:31:31,232.2,232.05,250,232.45,50,150,218400
NIFTY13OCT2217500PE.NFO,06/10/2022,09:31:33,231.9,230.9,450,231.4,50,150,218400
NIFTY13OCT2217500PE.NFO,06/10/2022,09:31:34,232.25,232.05,400,232.6,400,200,218400
NIFTY13OCT2217500PE.NFO,06/10/2022,09:31:36,232.6,233.1,400,233.65,400,100,218400
NIFTY13OCT2217500PE.NFO,06/10/2022,09:31:38,233.95,234.25,400,234.85,400,50,218400
NIFTY13OCT2217500PE.NFO,06/10/2022,09:31:39,233.8,233.9,400,234.5,100,100,218400
NIFTY13OCT2217500PE.NFO,06/10/2022,09:31:41,235,233.6,400,234.3,400,100,218400
NIFTY13OCT2217500PE.NFO,06/10/2022,09:31:43,234,233.15,700,233.6,100,50,218400
NIFTY13OCT2217500PE.NFO,06/10/2022,09:31:44,232.45,232,650,232.2,50,150,218400
NIFTY13OCT2217500PE.NFO,06/10/2022,09:31:46,232.4,232.15,400,232.75,100,2300,218400
NIFTY13OCT2217500PE.NFO,06/10/2022,09:31:48,232.4,231.8,400,232.45,200,0,218400
NIFTY13OCT2217500PE.NFO,06/10/2022,09:31:49,232.4,232.1,400,232.7,50,0,218400
NIFTY13OCT2217500PE.NFO,06/10/2022,09:31:51,232.3,231.95,400,232.6,600,150,218400
NIFTY13OCT2217500PE.NFO,06/10/2022,09:31:53,232.55,230.25,400,230.85,100,50,218400
NIFTY13OCT2217500PE.NFO,06/10/2022,09:31:54,230.5,230.7,100,231.35,300,50,218400
NIFTY13OCT2217500PE.NFO,06/10/2022,09:31:56,231.35,231.1,400,231.65,250,50,218400
NIFTY13OCT2217500PE.NFO,06/10/2022,09:31:58,231.35,230.6,400,231.15,250,0,218400
NIFTY13OCT2217500PE.NFO,06/10/2022,09:31:59,230.5,230.3,400,230.8,250,50,218400
NIFTY13OCT2217500PE.NFO,06/10/2022,09:32:01,230.5,230.6,400,231.1,150,1100,218400
NIFTY13OCT2217500PE.NFO,06/10/2022,09:32:03,231.2,231.55,500,232.05,100,200,218400
NIFTY13OCT2217500PE.NFO,06/10/2022,09:32:04,231.2,232.85,50,233.3,600,0,218400
NIFTY13OCT2217500PE.NFO,06/10/2022,09:32:06,231.2,231.65,450,232.25,350,0,218400
NIFTY13OCT2217500PE.NFO,06/10/2022,09:32:08,231.2,233.3,50,233.85,350,0,218400
NIFTY13OCT2217500PE.NFO,06/10/2022,09:32:10,234,233.3,50,233.8,350,50,218400
NIFTY13OCT2217500PE.NFO,06/10/2022,09:32:11,233.35,233,900,233.5,250,50,218400
NIFTY13OCT2217500PE.NFO,06/10/2022,09:32:13,234.05,234,50,234.5,350,50,218400
NIFTY13OCT2217500PE.NFO,06/10/2022,09:32:14,234.75,234.1,50,234.7,350,100,218400
NIFTY13OCT2217500PE.NFO,06/10/2022,09:32:16,235.05,234.7,50,235.3,350,300,218400
NIFTY13OCT2217500PE.NFO,06/10/2022,09:32:18,235.25,235.05,50,235.45,50,350,218400
NIFTY13OCT2217500PE.NFO,06/10/2022,09:32:19,234.6,234.25,400,234.7,300,500,218400
NIFTY13OCT2217500PE.NFO,06/10/2022,09:32:21,234.75,235.6,50,235.75,50,50,218400
NIFTY13OCT2217500PE.NFO,06/10/2022,09:32:23,235,235.4,100,235.95,400,1250,218400
NIFTY13OCT2217500PE.NFO,06/10/2022,09:32:24,236.45,235.55,400,236.1,50,550,218400
NIFTY13OCT2217500PE.NFO,06/10/2022,09:32:26,236.95,237.65,50,238.05,250,300,218400
NIFTY13OCT2217500PE.NFO,06/10/2022,09:32:28,237.6,236.85,50,237.3,250,150,218400
NIFTY13OCT2217500PE.NFO,06/10/2022,09:32:29,237.55,238,100,238.6,300,350,218400
NIFTY13OCT2217500PE.NFO,06/10/2022,09:32:31,237.5,237.5,400,238.1,50,50,218400
NIFTY13OCT2217500PE.NFO,06/10/2022,09:32:33,240.2,240.2,500,240.9,300,1800,218400
NIFTY13OCT2217500PE.NFO,06/10/2022,09:32:34,240.35,240.8,400,241.4,350,400,218400
NIFTY13OCT2217500PE.NFO,06/10/2022,09:32:36,240.3,240.4,50,241.2,400,650,218400
NIFTY13OCT2217500PE.NFO,06/10/2022,09:32:38,241.45,240.7,400,241.25,300,850,218400
NIFTY13OCT2217500PE.NFO,06/10/2022,09:32:39,240.65,240.1,400,240.7,300,100,218400
NIFTY13OCT2217500PE.NFO,06/10/2022,09:32:41,241.5,241.1,500,241.85,300,50,226550
NIFTY13OCT2217500PE.NFO,06/10/2022,09:32:43,241.05,241.45,400,242,50,100,226550
NIFTY13OCT2217500PE.NFO,06/10/2022,09:32:44,242,241.65,400,242.3,400,150,226550
NIFTY13OCT2217500PE.NFO,06/10/2022,09:32:46,241.35,241.1,400,241.65,450,200,226550
NIFTY13OCT2217500PE.NFO,06/10/2022,09:32:48,243.05,242.8,50,243.4,250,800,226550
NIFTY13OCT2217500PE.NFO,06/10/2022,09:32:49,241.45,241.6,400,242,600,50,226550
NIFTY13OCT2217500PE.NFO,06/10/2022,09:32:51,240,239.25,150,239.85,50,700,226550
NIFTY13OCT2217500PE.NFO,06/10/2022,09:32:53,240,237.65,150,238.1,50,0,226550
NIFTY13OCT2217500PE.NFO,06/10/2022,09:32:54,237.2,236.8,350,237.4,50,500,226550
NIFTY13OCT2217500PE.NFO,06/10/2022,09:32:56,237.5,236.7,350,237.35,50,50,226550
NIFTY13OCT2217500PE.NFO,06/10/2022,09:32:58,236,235.4,1100,236.1,50,750,226550
NIFTY13OCT2217500PE.NFO,06/10/2022,09:32:59,236.75,236.75,400,237.3,50,300,226550
NIFTY13OCT2217500PE.NFO,06/10/2022,09:33:01,236.75,236.5,50,237.1,50,0,226550
NIFTY13OCT2217500PE.NFO,06/10/2022,09:33:03,237.05,236.65,850,237.25,400,50,226550
NIFTY13OCT2217500PE.NFO,06/10/2022,09:33:04,235.85,236.45,50,236.9,50,150,226550
NIFTY13OCT2217500PE.NFO,06/10/2022,09:33:06,238,238.5,50,239.15,400,250,226550
NIFTY13OCT2217500PE.NFO,06/10/2022,09:33:08,238,239.05,50,239.55,50,0,226550
NIFTY13OCT2217500PE.NFO,06/10/2022,09:33:09,238,240.2,50,240.75,250,0,226550
NIFTY13OCT2217500PE.NFO,06/10/2022,09:33:11,240.2,238.8,50,239.3,50,50,226550
NIFTY13OCT2217500PE.NFO,06/10/2022,09:33:13,237.85,237.2,100,237.85,450,50,226550
NIFTY13OCT2217500PE.NFO,06/10/2022,09:33:14,237.65,237.15,100,237.75,50,2600,226550
NIFTY13OCT2217500PE.NFO,06/10/2022,09:33:16,237,237.8,100,238.4,400,100,226550
NIFTY13OCT2217500PE.NFO,06/10/2022,09:33:18,238.5,237.65,100,238.35,400,50,226550
NIFTY13OCT2217500PE.NFO,06/10/2022,09:33:19,238.6,238.2,50,238.85,400,200,226550
NIFTY13OCT2217500PE.NFO,06/10/2022,09:33:21,238.6,237.2,100,237.8,400,0,226550
NIFTY13OCT2217500PE.NFO,06/10/2022,09:33:23,237.8,237.65,50,238.15,350,50,226550
NIFTY13OCT2217500PE.NFO,06/10/2022,09:33:24,237.8,237.8,150,238.4,400,0,226550
NIFTY13OCT2217500PE.NFO,06/10/2022,09:33:26,237.8,238.6,50,239.2,1450,0,226550
NIFTY13OCT2217500PE.NFO,06/10/2022,09:33:28,237.8,238.8,50,239.3,400,0,226550
NIFTY13OCT2217500PE.NFO,06/10/2022,09:33:29,238.5,238.2,50,238.75,400,100,226550
NIFTY13OCT2217500PE.NFO,06/10/2022,09:33:31,238.5,238.55,100,239.2,950,0,226550
NIFTY13OCT2217500PE.NFO,06/10/2022,09:33:33,240,239.7,50,240.25,50,600,226550
NIFTY13OCT2217500PE.NFO,06/10/2022,09:33:34,240,240.6,50,241.2,700,0,226550
NIFTY13OCT2217500PE.NFO,06/10/2022,09:33:36,240,239.6,50,240.15,800,0,226550
NIFTY13OCT2217500PE.NFO,06/10/2022,09:33:38,240,240.9,50,241.55,400,0,226550
NIFTY13OCT2217500PE.NFO,06/10/2022,09:33:39,240.55,239.8,50,240.65,400,50,226550
NIFTY13OCT2217500PE.NFO,06/10/2022,09:33:41,239.6,239,50,239.35,100,250,226550
NIFTY13OCT2217500PE.NFO,06/10/2022,09:33:43,239.75,239,50,239.4,50,100,226550
NIFTY13OCT2217500PE.NFO,06/10/2022,09:33:44,239.75,239.5,250,239.95,50,0,226550
NIFTY13OCT2217500PE.NFO,06/10/2022,09:33:46,240.3,240.7,200,241.2,50,50,226550
NIFTY13OCT2217500PE.NFO,06/10/2022,09:33:48,240.3,239.95,200,240.45,50,0,226550
NIFTY13OCT2217500PE.NFO,06/10/2022,09:33:49,239.1,239.45,50,240,400,200,226550
NIFTY13OCT2217500PE.NFO,06/10/2022,09:33:51,238.85,238.15,350,238.75,100,350,226550
NIFTY13OCT2217500PE.NFO,06/10/2022,09:33:53,237.8,237.25,350,237.85,400,250,226550
NIFTY13OCT2217500PE.NFO,06/10/2022,09:33:54,237,237.2,350,237.9,400,350,226550
NIFTY13OCT2217500PE.NFO,06/10/2022,09:33:56,237,237.8,350,238.55,50,0,226550
NIFTY13OCT2217500PE.NFO,06/10/2022,09:33:58,238.6,238.5,1100,239,50,250,226550
NIFTY13OCT2217500PE.NFO,06/10/2022,09:33:59,238.6,238.05,400,238.6,50,0,226550
NIFTY13OCT2217500PE.NFO,06/10/2022,09:34:01,237.75,237.3,50,237.8,200,250,226550
NIFTY13OCT2217500PE.NFO,06/10/2022,09:34:03,237,236.25,400,236.85,200,200,226550
NIFTY13OCT2217500PE.NFO,06/10/2022,09:34:04,235.45,235.25,400,235.95,200,100,226550
NIFTY13OCT2217500PE.NFO,06/10/2022,09:34:06,236.55,238.55,400,239,200,150,226550
NIFTY13OCT2217500PE.NFO,06/10/2022,09:34:08,240,240.1,50,240.7,600,350,226550
NIFTY13OCT2217500PE.NFO,06/10/2022,09:34:09,240.4,240,400,240.3,50,600,226550
NIFTY13OCT2217500PE.NFO,06/10/2022,09:34:11,240.4,240.6,400,241,50,50,226550
NIFTY13OCT2217500PE.NFO,06/10/2022,09:34:13,241,240.8,400,241.55,50,50,226550
NIFTY13OCT2217500PE.NFO,06/10/2022,09:34:14,240.8,239.05,100,239.65,400,400,226550
NIFTY13OCT2217500PE.NFO,06/10/2022,09:34:16,240.8,239,400,239.6,50,0,226550
NIFTY13OCT2217500PE.NFO,06/10/2022,09:34:18,239.55,239.55,450,240.1,50,200,226550
NIFTY13OCT2217500PE.NFO,06/10/2022,09:34:19,239.55,241,400,241.6,250,0,226550
NIFTY13OCT2217500PE.NFO,06/10/2022,09:34:21,241.3,241,400,241.65,100,350,226550
NIFTY13OCT2217500PE.NFO,06/10/2022,09:34:23,240.7,240.25,200,240.8,100,400,226550
NIFTY13OCT2217500PE.NFO,06/10/2022,09:34:25,240.8,241.75,200,242,500,50,226550
NIFTY13OCT2217500PE.NFO,06/10/2022,09:34:26,242.4,242.15,50,242.65,250,750,226550
NIFTY13OCT2217500PE.NFO,06/10/2022,09:34:28,241.7,241.8,200,242.45,450,100,226550
NIFTY13OCT2217500PE.NFO,06/10/2022,09:34:30,241.95,241.4,250,242.05,400,300,226550
NIFTY13OCT2217500PE.NFO,06/10/2022,09:34:31,241.8,240.95,500,241.75,400,200,226550
NIFTY13OCT2217500PE.NFO,06/10/2022,09:34:33,241.65,241.05,400,241.65,600,50,226550
NIFTY13OCT2217500PE.NFO,06/10/2022,09:34:35,242,241.6,50,242.25,950,50,226550
NIFTY13OCT2217500PE.NFO,06/10/2022,09:34:36,241.25,241.35,350,241.95,400,300,226550
NIFTY13OCT2217500PE.NFO,06/10/2022,09:34:38,242,242.7,350,243.4,400,50,226550
NIFTY13OCT2217500PE.NFO,06/10/2022,09:34:40,242.7,242.8,250,243.4,750,300,226550
NIFTY13OCT2217500PE.NFO,06/10/2022,09:34:41,243.4,243.2,300,243.75,350,100,226550
NIFTY13OCT2217500PE.NFO,06/10/2022,09:34:43,242.65,243.8,150,244.55,550,50,226550
NIFTY13OCT2217500PE.NFO,06/10/2022,09:34:45,244.45,244.05,250,244.75,400,250,226550
NIFTY13OCT2217500PE.NFO,06/10/2022,09:34:46,244.2,244.45,350,244.95,100,100,226550
NIFTY13OCT2217500PE.NFO,06/10/2022,09:34:48,244.55,244.7,700,245,900,50,226550
NIFTY13OCT2217500PE.NFO,06/10/2022,09:34:50,245.3,245.2,50,245.3,1500,1900,226550
NIFTY13OCT2217500PE.NFO,06/10/2022,09:34:51,245.3,245.5,50,245.9,950,1550,226550
NIFTY13OCT2217500PE.NFO,06/10/2022,09:34:53,245.2,245.05,350,245.65,100,150,226550
NIFTY13OCT2217500PE.NFO,06/10/2022,09:34:55,244.45,243.95,50,244.65,100,500,226550
NIFTY13OCT2217500PE.NFO,06/10/2022,09:34:56,244.45,243.9,100,244.3,50,1300,226550
NIFTY13OCT2217500PE.NFO,06/10/2022,09:34:58,244.9,244,150,244.65,50,300,226550
NIFTY13OCT2217500PE.NFO,06/10/2022,09:35:00,245.6,245.85,400,246.35,150,2800,226550
NIFTY13OCT2217500PE.NFO,06/10/2022,09:35:01,247.05,246.8,400,247.4,50,650,226550
NIFTY13OCT2217500PE.NFO,06/10/2022,09:35:03,244.9,244.65,500,245.35,50,950,226550
NIFTY13OCT2217500PE.NFO,06/10/2022,09:35:05,245.9,244.45,200,245.05,400,600,226550
NIFTY13OCT2217500PE.NFO,06/10/2022,09:35:06,244.7,244.85,250,245.5,400,100,226550
NIFTY13OCT2217500PE.NFO,06/10/2022,09:35:08,244.95,245.6,250,246.25,400,350,226550
NIFTY13OCT2217500PE.NFO,06/10/2022,09:35:10,247.05,246.4,1250,247.05,400,250,226550
NIFTY13OCT2217500PE.NFO,06/10/2022,09:35:11,246.55,246.55,400,246.9,50,550,226550
NIFTY13OCT2217500PE.NFO,06/10/2022,09:35:13,246.65,246.2,300,246.9,150,150,226550
NIFTY13OCT2217500PE.NFO,06/10/2022,09:35:15,246,245.5,100,246.25,400,100,226550
NIFTY13OCT2217500PE.NFO,06/10/2022,09:35:16,246,245.5,50,245.85,400,0,226550
NIFTY13OCT2217500PE.NFO,06/10/2022,09:35:18,246.35,245.9,50,246.45,600,50,226550
NIFTY13OCT2217500PE.NFO,06/10/2022,09:35:20,247,246.95,50,247.65,400,150,226550
NIFTY13OCT2217500PE.NFO,06/10/2022,09:35:21,247.65,247.55,150,248.2,400,100,226550
NIFTY13OCT2217500PE.NFO,06/10/2022,09:35:23,248.15,248.1,50,248.65,400,300,226550
NIFTY13OCT2217500PE.NFO,06/10/2022,09:35:25,249,248.8,50,249.6,400,550,226550
NIFTY13OCT2217500PE.NFO,06/10/2022,09:35:26,248.85,248.55,200,249.3,100,50,226550
NIFTY13OCT2217500PE.NFO,06/10/2022,09:35:28,251.7,251.15,400,251.8,400,3500,226550
NIFTY13OCT2217500PE.NFO,06/10/2022,09:35:30,253,253.1,400,253.7,50,850,226550
NIFTY13OCT2217500PE.NFO,06/10/2022,09:35:31,252.55,252.75,50,253.35,50,600,226550
NIFTY13OCT2217500PE.NFO,06/10/2022,09:35:33,253.6,253.05,50,253.65,50,150,226550
NIFTY13OCT2217500PE.NFO,06/10/2022,09:35:35,253,252.3,350,253.1,50,350,226550
NIFTY13OCT2217500PE.NFO,06/10/2022,09:35:36,251.55,250.8,450,251.4,350,1250,226550
NIFTY13OCT2217500PE.NFO,06/10/2022,09:35:38,251.1,251.35,100,252.05,450,200,226550
NIFTY13OCT2217500PE.NFO,06/10/2022,09:35:40,250.95,250,1000,250.65,50,600,234100
NIFTY13OCT2217500PE.NFO,06/10/2022,09:35:41,249.4,249.4,200,250,500,1400,234100
NIFTY13OCT2217500PE.NFO,06/10/2022,09:35:43,250.1,250.45,150,251.2,400,300,234100
NIFTY13OCT2217500PE.NFO,06/10/2022,09:35:45,251.55,252.1,50,252.75,400,350,234100
NIFTY13OCT2217500PE.NFO,06/10/2022,09:35:46,253.65,253.3,100,254.05,400,3300,234100
NIFTY13OCT2217500PE.NFO,06/10/2022,09:35:46,254.65,253.3,100,254.05,400,0,234100
NIFTY13OCT2217500PE.NFO,06/10/2022,09:35:48,253.55,253.55,350,254.25,400,550,234100
NIFTY13OCT2217500PE.NFO,06/10/2022,09:35:50,254.6,253.9,450,254.65,200,700,234100
NIFTY13OCT2217500PE.NFO,06/10/2022,09:35:50,254.7,253.9,450,254.65,200,0,234100
NIFTY13OCT2217500PE.NFO,06/10/2022,09:35:51,256.15,255.95,100,256.15,250,950,234100
NIFTY13OCT2217500PE.NFO,06/10/2022,09:35:51,256.15,255.95,100,256.15,250,0,234100
NIFTY13OCT2217500PE.NFO,06/10/2022,09:35:53,256.9,256.85,400,257.7,400,1150,234100
NIFTY13OCT2217500PE.NFO,06/10/2022,09:35:53,257.05,256.85,400,257.7,400,0,234100
NIFTY13OCT2217500PE.NFO,06/10/2022,09:35:55,256.55,254.8,400,255.5,300,800,234100
NIFTY13OCT2217500PE.NFO,06/10/2022,09:35:55,257.95,254.8,400,255.5,300,0,234100
NIFTY13OCT2217500PE.NFO,06/10/2022,09:35:56,255.2,254.75,400,255.25,250,2050,234100
NIFTY13OCT2217500PE.NFO,06/10/2022,09:35:58,255.2,254.8,400,255.4,50,250,234100
NIFTY13OCT2217500PE.NFO,06/10/2022,09:36:00,254.25,253.6,400,254.3,50,350,234100
NIFTY13OCT2217500PE.NFO,06/10/2022,09:36:01,258,257.95,400,258.75,50,700,234100
NIFTY13OCT2217500PE.NFO,06/10/2022,09:36:01,258.6,257.95,400,258.75,50,0,234100
NIFTY13OCT2217500PE.NFO,06/10/2022,09:36:03,256.6,255,100,255.5,100,550,234100
NIFTY13OCT2217500PE.NFO,06/10/2022,09:36:05,256.15,255.45,250,256,500,250,234100
NIFTY13OCT2217500PE.NFO,06/10/2022,09:36:06,255.4,254.7,150,255.25,50,400,234100
NIFTY13OCT2217500PE.NFO,06/10/2022,09:36:08,255.2,254,150,254.8,400,100,234100
NIFTY13OCT2217500PE.NFO,06/10/2022,09:36:10,254.85,255.15,50,255.8,50,3100,234100
NIFTY13OCT2217500PE.NFO,06/10/2022,09:36:11,256.25,256.4,350,257,100,450,234100
NIFTY13OCT2217500PE.NFO,06/10/2022,09:36:13,257.1,257.45,100,258.2,400,150,234100
NIFTY13OCT2217500PE.NFO,06/10/2022,09:36:15,257,256.95,200,257.75,400,650,234100
NIFTY13OCT2217500PE.NFO,06/10/2022,09:36:16,257.1,257,350,257.6,50,50,234100
NIFTY13OCT2217500PE.NFO,06/10/2022,09:36:18,257.25,256.2,350,256.8,500,700,234100
NIFTY13OCT2217500PE.NFO,06/10/2022,09:36:20,256.75,256.3,1100,257.15,50,50,234100
NIFTY13OCT2217500PE.NFO,06/10/2022,09:36:21,257.7,257.1,200,257.75,100,250,234100
NIFTY13OCT2217500PE.NFO,06/10/2022,09:36:23,257.2,257.25,50,257.9,250,550,234100
NIFTY13OCT2217500PE.NFO,06/10/2022,09:36:25,256.8,256.2,350,256.8,400,850,234100
NIFTY13OCT2217500PE.NFO,06/10/2022,09:36:26,256.55,256.85,50,257.45,150,400,234100
NIFTY13OCT2217500PE.NFO,06/10/2022,09:36:28,257.35,257.3,300,257.95,250,850,234100
NIFTY13OCT2217500PE.NFO,06/10/2022,09:36:30,257.05,257,500,257.7,400,1650,234100
NIFTY13OCT2217500PE.NFO,06/10/2022,09:36:31,257.6,257.25,50,257.85,50,50,234100
NIFTY13OCT2217500PE.NFO,06/10/2022,09:36:33,257.4,256.7,100,257.25,400,50,234100
NIFTY13OCT2217500PE.NFO,06/10/2022,09:36:35,257.4,256.15,50,256.9,50,0,234100
NIFTY13OCT2217500PE.NFO,06/10/2022,09:36:36,256.6,255.9,350,256.55,400,400,234100
NIFTY13OCT2217500PE.NFO,06/10/2022,09:36:38,255.9,256.55,300,257.25,400,350,234100
NIFTY13OCT2217500PE.NFO,06/10/2022,09:36:40,258.15,257.55,100,258.15,400,350,234100
NIFTY13OCT2217500PE.NFO,06/10/2022,09:36:41,257.9,257.2,400,257.95,700,500,234100
NIFTY13OCT2217500PE.NFO,06/10/2022,09:36:43,257.4,257.35,400,257.95,1350,50,234100
NIFTY13OCT2217500PE.NFO,06/10/2022,09:36:45,257.35,257.6,350,258.2,350,100,234100
NIFTY13OCT2217500PE.NFO,06/10/2022,09:36:46,257.75,257.95,50,258.5,1000,50,234100
NIFTY13OCT2217500PE.NFO,06/10/2022,09:36:48,258.55,257.75,50,258.4,400,50,234100
NIFTY13OCT2217500PE.NFO,06/10/2022,09:36:50,258.95,258.25,400,258.9,350,550,234100
NIFTY13OCT2217500PE.NFO,06/10/2022,09:36:50,258.95,258.25,400,258.9,350,0,234100
NIFTY13OCT2217500PE.NFO,06/10/2022,09:36:51,258.95,258.05,450,258.7,350,0,234100
NIFTY13OCT2217500PE.NFO,06/10/2022,09:36:53,258.5,258.25,100,258.95,300,300,234100
NIFTY13OCT2217500PE.NFO,06/10/2022,09:36:55,257.95,257.4,400,257.95,250,150,234100
NIFTY13OCT2217500PE.NFO,06/10/2022,09:36:56,257.9,257.4,400,258.15,300,100,234100
NIFTY13OCT2217500PE.NFO,06/10/2022,09:36:58,257.8,257,100,257.7,50,1350,234100
NIFTY13OCT2217500PE.NFO,06/10/2022,09:37:00,257,255.85,400,256.6,100,150,234100
NIFTY13OCT2217500PE.NFO,06/10/2022,09:37:01,256.15,256.1,400,256.7,50,100,234100
NIFTY13OCT2217500PE.NFO,06/10/2022,09:37:03,256.15,256.25,400,257.05,100,0,234100
NIFTY13OCT2217500PE.NFO,06/10/2022,09:37:05,256.35,256.6,50,257,100,100,234100
NIFTY13OCT2217500PE.NFO,06/10/2022,09:37:06,257,257.05,400,257.65,50,100,234100
NIFTY13OCT2217500PE.NFO,06/10/2022,09:37:08,255.9,256.5,400,257.15,50,150,234100
NIFTY13OCT2217500PE.NFO,06/10/2022,09:37:10,258,257.75,400,258.25,50,50,234100
NIFTY13OCT2217500PE.NFO,06/10/2022,09:37:11,257.85,258.05,400,258.65,200,200,234100
NIFTY13OCT2217500PE.NFO,06/10/2022,09:37:13,259.35,259.3,100,259.9,150,450,234100
NIFTY13OCT2217500PE.NFO,06/10/2022,09:37:13,259.35,259.3,100,259.9,150,0,234100
NIFTY13OCT2217500PE.NFO,06/10/2022,09:37:15,260,260.35,100,260.95,450,3100,234100
NIFTY13OCT2217500PE.NFO,06/10/2022,09:37:15,260,260.35,100,260.95,450,0,234100
NIFTY13OCT2217500PE.NFO,06/10/2022,09:37:16,260.35,258.9,50,259.65,400,200,234100
NIFTY13OCT2217500PE.NFO,06/10/2022,09:37:16,260.95,258.9,50,259.65,400,0,234100
NIFTY13OCT2217500PE.NFO,06/10/2022,09:37:18,258.7,257.55,50,258.2,400,1400,234100
NIFTY13OCT2217500PE.NFO,06/10/2022,09:37:20,258.15,257.6,50,258.1,50,550,234100
NIFTY13OCT2217500PE.NFO,06/10/2022,09:37:21,258.4,257.05,50,257.7,50,1000,234100
NIFTY13OCT2217500PE.NFO,06/10/2022,09:37:23,258,257.45,400,258.1,50,350,234100
NIFTY13OCT2217500PE.NFO,06/10/2022,09:37:25,256.95,256.55,400,257.35,50,450,234100
NIFTY13OCT2217500PE.NFO,06/10/2022,09:37:26,257.5,257.25,400,257.9,50,100,234100
NIFTY13OCT2217500PE.NFO,06/10/2022,09:37:28,257.5,255.65,400,256.35,350,0,234100
NIFTY13OCT2217500PE.NFO,06/10/2022,09:37:30,254.8,254.95,50,255.5,50,1500,234100
NIFTY13OCT2217500PE.NFO,06/10/2022,09:37:31,254.85,254.8,150,255.4,400,350,234100
NIFTY13OCT2217500PE.NFO,06/10/2022,09:37:33,256,254.05,150,254.65,300,50,234100
NIFTY13OCT2217500PE.NFO,06/10/2022,09:37:35,254.3,254.75,300,255.4,350,450,234100
NIFTY13OCT2217500PE.NFO,06/10/2022,09:37:36,254.3,257.05,300,257.65,400,0,234100
NIFTY13OCT2217500PE.NFO,06/10/2022,09:37:38,257.75,257.75,350,258.4,850,100,234100
NIFTY13OCT2217500PE.NFO,06/10/2022,09:37:40,257.75,257.5,350,258.2,400,0,234100
NIFTY13OCT2217500PE.NFO,06/10/2022,09:37:41,257.75,257.9,350,258.55,100,0,234100
NIFTY13OCT2217500PE.NFO,06/10/2022,09:37:43,257.75,258.8,350,259.5,400,0,234100
NIFTY13OCT2217500PE.NFO,06/10/2022,09:37:45,258.3,256.75,300,257.35,400,200,234100
NIFTY13OCT2217500PE.NFO,06/10/2022,09:37:46,256.65,257.15,100,257.9,450,850,234100
NIFTY13OCT2217500PE.NFO,06/10/2022,09:37:48,257.35,256.5,500,257.3,50,100,234100
NIFTY13OCT2217500PE.NFO,06/10/2022,09:37:50,256.7,257.95,300,258.8,400,300,234100
NIFTY13OCT2217500PE.NFO,06/10/2022,09:37:51,257.7,258.05,300,258.55,100,100,234100
NIFTY13OCT2217500PE.NFO,06/10/2022,09:37:53,258.65,258.5,350,259.15,500,100,234100
NIFTY13OCT2217500PE.NFO,06/10/2022,09:37:55,257.7,257.8,950,258.1,50,50,234100
NIFTY13OCT2217500PE.NFO,06/10/2022,09:37:56,257.7,257.35,600,257.95,100,0,234100
NIFTY13OCT2217500PE.NFO,06/10/2022,09:37:58,258,257.7,350,258.3,400,200,234100
NIFTY13OCT2217500PE.NFO,06/10/2022,09:38:00,258.2,258.25,350,258.9,400,650,234100
NIFTY13OCT2217500PE.NFO,06/10/2022,09:38:01,258.2,258.15,350,258.85,400,0,234100
NIFTY13OCT2217500PE.NFO,06/10/2022,09:38:03,258.2,258.3,50,258.95,400,0,234100
NIFTY13OCT2217500PE.NFO,06/10/2022,09:38:05,258.1,257.15,400,257.8,50,250,234100
NIFTY13OCT2217500PE.NFO,06/10/2022,09:38:06,257.5,256.8,550,257.35,50,50,234100
NIFTY13OCT2217500PE.NFO,06/10/2022,09:38:08,257.75,257.7,50,258.4,50,450,234100
NIFTY13OCT2217500PE.NFO,06/10/2022,09:38:10,257.75,257.85,50,258.45,400,0,234100
NIFTY13OCT2217500PE.NFO,06/10/2022,09:38:11,257.5,257.3,50,257.9,50,100,234100
NIFTY13OCT2217500PE.NFO,06/10/2022,09:38:13,257.1,256.5,50,257.1,100,100,234100
NIFTY13OCT2217500PE.NFO,06/10/2022,09:38:15,257.1,256.7,50,257.2,150,0,234100
NIFTY13OCT2217500PE.NFO,06/10/2022,09:38:16,257.1,255.95,50,256.55,100,0,234100
NIFTY13OCT2217500PE.NFO,06/10/2022,09:38:18,255,254.45,100,254.95,50,100,234100
NIFTY13OCT2217500PE.NFO,06/10/2022,09:38:20,254.1,253.65,100,254.3,50,2650,234100
NIFTY13OCT2217500PE.NFO,06/10/2022,09:38:21,253.6,253.65,300,254,50,250,234100
NIFTY13OCT2217500PE.NFO,06/10/2022,09:38:23,254.3,254.35,100,255,50,200,234100
NIFTY13OCT2217500PE.NFO,06/10/2022,09:38:25,255.45,255.75,600,256.4,450,2600,234100
NIFTY13OCT2217500PE.NFO,06/10/2022,09:38:26,255.4,255.3,300,255.85,150,100,234100
NIFTY13OCT2217500PE.NFO,06/10/2022,09:38:28,255.4,254.4,300,254.85,50,0,234100
NIFTY13OCT2217500PE.NFO,06/10/2022,09:38:30,255.4,254.1,650,254.7,50,0,234100
NIFTY13OCT2217500PE.NFO,06/10/2022,09:38:31,255.4,254,500,254.55,50,0,234100
NIFTY13OCT2217500PE.NFO,06/10/2022,09:38:33,252.7,252.6,350,253.15,450,100,234100
NIFTY13OCT2217500PE.NFO,06/10/2022,09:38:35,253.2,252.25,300,252.85,400,350,234100
NIFTY13OCT2217500PE.NFO,06/10/2022,09:38:36,253.2,252.55,300,253.25,400,0,235900
NIFTY13OCT2217500PE.NFO,06/10/2022,09:38:38,252.5,254.05,350,254.35,50,100,235900
NIFTY13OCT2217500PE.NFO,06/10/2022,09:38:40,255.55,255.35,300,256.1,500,100,235900
NIFTY13OCT2217500PE.NFO,06/10/2022,09:38:41,255.55,256,350,256.55,50,0,235900
NIFTY13OCT2217500PE.NFO,06/10/2022,09:38:43,255.7,256.05,300,256.65,400,50,235900
NIFTY13OCT2217500PE.NFO,06/10/2022,09:38:45,255.7,254.15,250,254.8,400,0,235900
NIFTY13OCT2217500PE.NFO,06/10/2022,09:38:46,253.6,253.05,250,253.7,150,100,235900
NIFTY13OCT2217500PE.NFO,06/10/2022,09:38:48,253,252.95,250,253.55,400,50,235900
NIFTY13OCT2217500PE.NFO,06/10/2022,09:38:50,253.4,253.45,50,254.15,250,200,235900
NIFTY13OCT2217500PE.NFO,06/10/2022,09:38:51,253.4,253,650,253.65,150,0,235900
NIFTY13OCT2217500PE.NFO,06/10/2022,09:38:53,254.45,253.75,50,254.4,50,50,235900
NIFTY13OCT2217500PE.NFO,06/10/2022,09:38:55,253.1,253.45,300,254,50,50,235900
NIFTY13OCT2217500PE.NFO,06/10/2022,09:38:56,252.9,252.45,300,253.05,50,150,235900
NIFTY13OCT2217500PE.NFO,06/10/2022,09:38:58,252.25,250.9,350,251.3,50,250,235900
NIFTY13OCT2217500PE.NFO,06/10/2022,09:39:00,252.25,250.25,150,250.95,500,0,235900
NIFTY13OCT2217500PE.NFO,06/10/2022,09:39:01,252.25,250.85,150,251.4,50,0,235900
NIFTY13OCT2217500PE.NFO,06/10/2022,09:39:03,252.25,250.85,150,251.6,400,0,235900
NIFTY13OCT2217500PE.NFO,06/10/2022,09:39:05,252.25,251,150,251.6,350,0,235900
NIFTY13OCT2217500PE.NFO,06/10/2022,09:39:06,250,249.8,50,250.4,400,600,235900
NIFTY13OCT2217500PE.NFO,06/10/2022,09:39:08,249.85,249.45,50,250,50,150,235900
NIFTY13OCT2217500PE.NFO,06/10/2022,09:39:10,250.6,250.6,200,251.2,400,150,235900
NIFTY13OCT2217500PE.NFO,06/10/2022,09:39:11,251.7,252,250,252.7,750,250,235900
NIFTY13OCT2217500PE.NFO,06/10/2022,09:39:13,252.85,253,150,253.7,400,50,235900
NIFTY13OCT2217500PE.NFO,06/10/2022,09:39:15,254.55,254.5,400,255.1,50,150,235900
NIFTY13OCT2217500PE.NFO,06/10/2022,09:39:16,254.65,254.05,250,254.75,100,250,235900
NIFTY13OCT2217500PE.NFO,06/10/2022,09:39:18,253.1,252.65,400,253.3,50,550,235900
NIFTY13OCT2217500PE.NFO,06/10/2022,09:39:20,251.25,250.45,50,251,50,50,235900
NIFTY13OCT2217500PE.NFO,06/10/2022,09:39:21,250.15,250.05,250,250.7,50,150,235900
NIFTY13OCT2217500PE.NFO,06/10/2022,09:39:23,250.15,250.55,250,251.25,400,0,235900
NIFTY13OCT2217500PE.NFO,06/10/2022,09:39:25,250.15,250.25,300,250.85,400,0,235900
NIFTY13OCT2217500PE.NFO,06/10/2022,09:39:26,250.15,250.85,250,251.55,450,0,235900
NIFTY13OCT2217500PE.NFO,06/10/2022,09:39:28,250.05,250.05,250,250.7,450,100,235900
NIFTY13OCT2217500PE.NFO,06/10/2022,09:39:30,250.05,251.05,250,251.55,50,0,235900
NIFTY13OCT2217500PE.NFO,06/10/2022,09:39:31,250.05,251.05,250,251.65,400,0,235900
NIFTY13OCT2217500PE.NFO,06/10/2022,09:39:33,250.05,250.05,250,250.65,450,0,235900
NIFTY13OCT2217500PE.NFO,06/10/2022,09:39:35,249,248,200,248.5,50,450,235900
NIFTY13OCT2217500PE.NFO,06/10/2022,09:39:36,246.6,246.9,50,247.5,700,650,235900
NIFTY13OCT2217500PE.NFO,06/10/2022,09:39:38,245.7,245.55,350,246.25,50,600,235900
NIFTY13OCT2217500PE.NFO,06/10/2022,09:39:40,246.05,246,50,246.75,400,50,235900
NIFTY13OCT2217500PE.NFO,06/10/2022,09:39:41,245.2,245.15,350,245.9,50,200,235900
NIFTY13OCT2217500PE.NFO,06/10/2022,09:39:43,245,244,250,244.95,400,450,235900
NIFTY13OCT2217500PE.NFO,06/10/2022,09:39:45,245,243.7,50,244.4,450,0,235900
NIFTY13OCT2217500PE.NFO,06/10/2022,09:39:46,243,243.35,50,244.1,400,500,235900
NIFTY13OCT2217500PE.NFO,06/10/2022,09:39:48,243.55,242.45,50,243.15,400,50,235900
NIFTY13OCT2217500PE.NFO,06/10/2022,09:39:50,244.35,244.3,100,244.8,400,1450,235900
NIFTY13OCT2217500PE.NFO,06/10/2022,09:39:51,243.65,244.05,300,244.65,400,200,235900
NIFTY13OCT2217500PE.NFO,06/10/2022,09:39:53,244.65,245.35,50,245.9,400,50,235900
NIFTY13OCT2217500PE.NFO,06/10/2022,09:39:55,245.9,245.7,50,246.05,50,50,235900
NIFTY13OCT2217500PE.NFO,06/10/2022,09:39:56,246.1,247.15,50,247.35,450,50,235900
NIFTY13OCT2217500PE.NFO,06/10/2022,09:39:58,246.95,246.9,50,247.55,400,650,235900
NIFTY13OCT2217500PE.NFO,06/10/2022,09:40:00,248,248,150,248.6,50,200,235900
NIFTY13OCT2217500PE.NFO,06/10/2022,09:40:01,248.45,246.8,100,247.45,400,150,235900
NIFTY13OCT2217500PE.NFO,06/10/2022,09:40:03,250,249.55,50,250.05,150,250,235900
NIFTY13OCT2217500PE.NFO,06/10/2022,09:40:05,250.05,250.45,100,251.05,450,150,235900
NIFTY13OCT2217500PE.NFO,06/10/2022,09:40:06,251.4,251.55,50,252.15,400,100,235900
NIFTY13OCT2217500PE.NFO,06/10/2022,09:40:08,253.25,252.2,50,252.75,400,150,235900
NIFTY13OCT2217500PE.NFO,06/10/2022,09:40:10,252.8,251.75,400,252.4,100,550,235900
NIFTY13OCT2217500PE.NFO,06/10/2022,09:40:11,251.45,250.65,400,251.25,100,250,235900
NIFTY13OCT2217500PE.NFO,06/10/2022,09:40:13,252.95,252.15,500,252.8,500,100,235900
NIFTY13OCT2217500PE.NFO,06/10/2022,09:40:15,253.1,252.95,500,253.7,250,50,235900
NIFTY13OCT2217500PE.NFO,06/10/2022,09:40:16,253.1,252.75,400,253.45,250,0,235900
NIFTY13OCT2217500PE.NFO,06/10/2022,09:40:18,253.1,253.15,400,253.75,50,0,235900
NIFTY13OCT2217500PE.NFO,06/10/2022,09:40:20,254.4,252.9,400,253.6,300,50,235900
NIFTY13OCT2217500PE.NFO,06/10/2022,09:40:21,254.4,254.35,400,255,50,0,235900
NIFTY13OCT2217500PE.NFO,06/10/2022,09:40:23,255.7,255.55,400,256,100,300,235900
NIFTY13OCT2217500PE.NFO,06/10/2022,09:40:25,256,255.75,50,256.45,350,100,235900
NIFTY13OCT2217500PE.NFO,06/10/2022,09:40:26,255.3,253.6,350,254.3,50,450,235900
NIFTY13OCT2217500PE.NFO,06/10/2022,09:40:28,254.9,255,50,255.6,250,1200,235900
NIFTY13OCT2217500PE.NFO,06/10/2022,09:40:30,255.75,255.65,400,256.35,250,100,235900
NIFTY13OCT2217500PE.NFO,06/10/2022,09:40:31,256.1,253.5,400,254.1,50,200,235900
NIFTY13OCT2217500PE.NFO,06/10/2022,09:40:33,253.25,252.7,50,253.1,150,100,235900
NIFTY13OCT2217500PE.NFO,06/10/2022,09:40:35,251,250.45,400,251.2,50,1050,235900
NIFTY13OCT2217500PE.NFO,06/10/2022,09:40:36,251.35,252.6,700,253.2,100,100,235900
NIFTY13OCT2217500PE.NFO,06/10/2022,09:40:38,253.25,252.15,400,252.9,50,50,235900
NIFTY13OCT2217500PE.NFO,06/10/2022,09:40:40,254.1,253.65,450,254.2,50,500,235900
NIFTY13OCT2217500PE.NFO,06/10/2022,09:40:41,254.1,252.45,400,252.85,50,0,235900
NIFTY13OCT2217500PE.NFO,06/10/2022,09:40:43,253.7,253.2,400,253.65,50,50,235900
NIFTY13OCT2217500PE.NFO,06/10/2022,09:40:45,252.85,252.8,400,253.45,300,350,235900
NIFTY13OCT2217500PE.NFO,06/10/2022,09:40:46,253.85,252.35,400,252.8,100,150,235900
NIFTY13OCT2217500PE.NFO,06/10/2022,09:40:48,252.4,252.65,400,253.3,150,150,235900
NIFTY13OCT2217500PE.NFO,06/10/2022,09:40:50,252.4,251.75,400,252.35,50,0,235900
NIFTY13OCT2217500PE.NFO,06/10/2022,09:40:51,253,251.85,400,252.3,50,50,235900
NIFTY13OCT2217500PE.NFO,06/10/2022,09:40:53,250.35,250,800,250.75,450,2200,235900
NIFTY13OCT2217500PE.NFO,06/10/2022,09:40:55,250.35,250.65,350,251.35,300,0,235900
NIFTY13OCT2217500PE.NFO,06/10/2022,09:40:56,249.85,249.75,350,250.35,500,100,235900
NIFTY13OCT2217500PE.NFO,06/10/2022,09:40:58,249.4,249.3,350,249.95,50,700,235900
NIFTY13OCT2217500PE.NFO,06/10/2022,09:41:00,250,248.95,650,249.55,400,50,235900
NIFTY13OCT2217500PE.NFO,06/10/2022,09:41:02,248.15,248.05,50,248.55,400,250,235900
NIFTY13OCT2217500PE.NFO,06/10/2022,09:41:03,248.15,246.45,200,247.15,50,0,235900
NIFTY13OCT2217500PE.NFO,06/10/2022,09:41:05,248.15,247.55,100,248.15,100,0,235900
NIFTY13OCT2217500PE.NFO,06/10/2022,09:41:07,246.8,246.35,100,246.95,400,150,235900
NIFTY13OCT2217500PE.NFO,06/10/2022,09:41:08,248.25,248.3,150,248.85,400,50,235900
NIFTY13OCT2217500PE.NFO,06/10/2022,09:41:10,250,249.7,100,250.3,400,100,235900
NIFTY13OCT2217500PE.NFO,06/10/2022,09:41:12,250,250.05,100,250.6,750,0,235900
NIFTY13OCT2217500PE.NFO,06/10/2022,09:41:13,248.05,246.95,50,247.6,400,100,235900
NIFTY13OCT2217500PE.NFO,06/10/2022,09:41:15,248.05,248.4,50,249.05,400,0,235900
NIFTY13OCT2217500PE.NFO,06/10/2022,09:41:17,248.05,248.9,50,249.55,700,0,235900
NIFTY13OCT2217500PE.NFO,06/10/2022,09:41:18,248.05,249,400,249.8,400,0,235900
NIFTY13OCT2217500PE.NFO,06/10/2022,09:41:20,249.85,249.6,50,250.15,400,100,235900
NIFTY13OCT2217500PE.NFO,06/10/2022,09:41:22,249.85,249.7,650,250.45,700,0,235900
NIFTY13OCT2217500PE.NFO,06/10/2022,09:41:23,249.85,250.8,700,251.35,100,0,235900
NIFTY13OCT2217500PE.NFO,06/10/2022,09:41:25,249.85,251.15,100,251.85,400,0,235900
NIFTY13OCT2217500PE.NFO,06/10/2022,09:41:27,249.85,249.95,50,250.7,400,0,235900
NIFTY13OCT2217500PE.NFO,06/10/2022,09:41:28,249.85,249.6,700,250.25,400,0,235900
NIFTY13OCT2217500PE.NFO,06/10/2022,09:41:30,249.85,249.9,100,250.55,400,0,235900
NIFTY13OCT2217500PE.NFO,06/10/2022,09:41:32,250.85,250.7,250,251.3,700,200,235900
NIFTY13OCT2217500PE.NFO,06/10/2022,09:41:33,250.85,250.65,50,251.3,450,0,235900
NIFTY13OCT2217500PE.NFO,06/10/2022,09:41:35,250.85,250.75,50,251.45,400,0,235900
NIFTY13OCT2217500PE.NFO,06/10/2022,09:41:37,251.35,249.45,300,250.2,400,100,238500
NIFTY13OCT2217500PE.NFO,06/10/2022,09:41:38,249.85,249.05,50,249.6,350,600,238500
NIFTY13OCT2217500PE.NFO,06/10/2022,09:41:40,249.85,249.8,50,250.35,350,0,238500
NIFTY13OCT2217500PE.NFO,06/10/2022,09:41:42,249.4,249.45,500,250.1,400,50,238500
NIFTY13OCT2217500PE.NFO,06/10/2022,09:41:43,248.95,249.35,400,249.85,50,50,238500
NIFTY13OCT2217500PE.NFO,06/10/2022,09:41:45,248.9,248.55,500,249.25,50,50,238500
NIFTY13OCT2217500PE.NFO,06/10/2022,09:41:47,248.9,248.6,450,249.25,50,0,238500
NIFTY13OCT2217500PE.NFO,06/10/2022,09:41:48,248.65,248.45,400,249.15,550,100,238500
NIFTY13OCT2217500PE.NFO,06/10/2022,09:41:50,248.65,248.1,450,248.8,500,0,238500
NIFTY13OCT2217500PE.NFO,06/10/2022,09:41:52,248.3,249.15,450,249.65,50,50,238500
NIFTY13OCT2217500PE.NFO,06/10/2022,09:41:53,248.3,251.05,50,251.6,750,0,238500
NIFTY13OCT2217500PE.NFO,06/10/2022,09:41:55,251.15,250.65,300,251.35,400,100,238500
NIFTY13OCT2217500PE.NFO,06/10/2022,09:41:57,251.15,250,50,250.65,400,0,238500
NIFTY13OCT2217500PE.NFO,06/10/2022,09:41:58,250.45,248.85,350,249.5,50,650,238500
NIFTY13OCT2217500PE.NFO,06/10/2022,09:42:00,250.45,249.35,450,249.95,50,0,238500
NIFTY13OCT2217500PE.NFO,06/10/2022,09:42:02,250.3,249.8,350,250.4,100,50,238500
NIFTY13OCT2217500PE.NFO,06/10/2022,09:42:03,249.85,248.7,50,249.4,400,400,238500
NIFTY13OCT2217500PE.NFO,06/10/2022,09:42:05,249.85,248.5,150,249.05,400,0,238500
NIFTY13OCT2217500PE.NFO,06/10/2022,09:42:07,248.75,249.4,50,250,400,550,238500
NIFTY13OCT2217500PE.NFO,06/10/2022,09:42:08,248.75,248.4,50,249,100,0,238500
NIFTY13OCT2217500PE.NFO,06/10/2022,09:42:10,249.4,248.75,50,249.4,400,200,238500
NIFTY13OCT2217500PE.NFO,06/10/2022,09:42:12,249.4,248.45,100,249.15,100,0,238500
NIFTY13OCT2217500PE.NFO,06/10/2022,09:42:13,249,248.75,150,249.15,50,550,238500
NIFTY13OCT2217500PE.NFO,06/10/2022,09:42:15,248.15,248.35,50,248.85,50,500,238500
NIFTY13OCT2217500PE.NFO,06/10/2022,09:42:17,248.05,248.15,100,248.65,400,500,238500
NIFTY13OCT2217500PE.NFO,06/10/2022,09:42:18,248.55,248.6,50,249.15,50,100,238500
NIFTY13OCT2217500PE.NFO,06/10/2022,09:42:20,248.25,248.1,100,248.7,500,100,238500
NIFTY13OCT2217500PE.NFO,06/10/2022,09:42:22,247.9,247.75,50,248.15,50,200,238500
NIFTY13OCT2217500PE.NFO,06/10/2022,09:42:23,248.15,248.35,50,248.95,400,50,238500
NIFTY13OCT2217500PE.NFO,06/10/2022,09:42:25,249.1,248,1100,248.75,450,150,238500
NIFTY13OCT2217500PE.NFO,06/10/2022,09:42:27,249.1,247.7,100,248.4,400,0,238500
NIFTY13OCT2217500PE.NFO,06/10/2022,09:42:28,248.15,246.55,50,247.25,50,450,238500
NIFTY13OCT2217500PE.NFO,06/10/2022,09:42:30,248.15,246.05,50,246.7,400,0,238500
NIFTY13OCT2217500PE.NFO,06/10/2022,09:42:32,246,245.15,350,245.8,400,200,238500
NIFTY13OCT2217500PE.NFO,06/10/2022,09:42:33,245.4,245.2,450,245.9,400,2400,238500
NIFTY13OCT2217500PE.NFO,06/10/2022,09:42:35,245.5,244.3,450,245.05,50,500,238500
NIFTY13OCT2217500PE.NFO,06/10/2022,09:42:37,245.5,244.75,50,245.35,250,0,238500
NIFTY13OCT2217500PE.NFO,06/10/2022,09:42:38,245.6,245.35,50,245.8,250,50,238500
NIFTY13OCT2217500PE.NFO,06/10/2022,09:42:40,245.6,245.6,450,246.3,950,0,238500
NIFTY13OCT2217500PE.NFO,06/10/2022,09:42:42,247.7,247.05,100,247.6,200,100,238500
NIFTY13OCT2217500PE.NFO,06/10/2022,09:42:43,248,248.35,400,248.75,50,200,238500
NIFTY13OCT2217500PE.NFO,06/10/2022,09:42:45,248.5,247.9,400,248.45,900,50,238500
NIFTY13OCT2217500PE.NFO,06/10/2022,09:42:47,248.5,247.6,50,248.15,500,0,238500
NIFTY13OCT2217500PE.NFO,06/10/2022,09:42:48,248.5,247.85,400,248.4,150,0,238500
NIFTY13OCT2217500PE.NFO,06/10/2022,09:42:50,248.5,247.5,50,248.1,400,0,238500
NIFTY13OCT2217500PE.NFO,06/10/2022,09:42:52,247.7,247.05,400,247.5,300,100,238500
NIFTY13OCT2217500PE.NFO,06/10/2022,09:42:53,246.45,246.6,400,247.2,200,250,238500
NIFTY13OCT2217500PE.NFO,06/10/2022,09:42:55,247.6,247.1,50,247.6,150,50,238500
NIFTY13OCT2217500PE.NFO,06/10/2022,09:42:57,248.2,247.7,400,248.3,50,100,238500
NIFTY13OCT2217500PE.NFO,06/10/2022,09:42:58,249,248.55,100,249.2,600,100,238500
NIFTY13OCT2217500PE.NFO,06/10/2022,09:43:00,249,249.05,50,249.65,50,0,238500
NIFTY13OCT2217500PE.NFO,06/10/2022,09:43:02,249,248.2,450,248.8,50,0,238500
NIFTY13OCT2217500PE.NFO,06/10/2022,09:43:03,248,247.5,700,248.1,50,100,238500
NIFTY13OCT2217500PE.NFO,06/10/2022,09:43:05,248.8,248.8,400,249.55,150,50,238500
NIFTY13OCT2217500PE.NFO,06/10/2022,09:43:07,248.8,248.45,450,249.05,50,0,238500
NIFTY13OCT2217500PE.NFO,06/10/2022,09:43:08,249.4,248.65,400,249.3,400,100,238500
NIFTY13OCT2217500PE.NFO,06/10/2022,09:43:10,249.4,248,100,248.45,50,0,238500
NIFTY13OCT2217500PE.NFO,06/10/2022,09:43:12,248,247,50,247.45,50,100,238500
NIFTY13OCT2217500PE.NFO,06/10/2022,09:43:13,248,248.55,100,249,50,0,238500
NIFTY13OCT2217500PE.NFO,06/10/2022,09:43:15,248.35,247.75,400,248.45,100,150,238500
NIFTY13OCT2217500PE.NFO,06/10/2022,09:43:17,248.35,247.9,400,248.5,50,0,238500
NIFTY13OCT2217500PE.NFO,06/10/2022,09:43:18,248.75,248.15,400,248.8,150,50,238500
NIFTY13OCT2217500PE.NFO,06/10/2022,09:43:20,248.75,248.55,400,249.25,350,0,238500
NIFTY13OCT2217500PE.NFO,06/10/2022,09:43:22,250,250,100,250.45,300,150,238500
NIFTY13OCT2217500PE.NFO,06/10/2022,09:43:23,250,249.15,50,249.85,150,100,238500
NIFTY13OCT2217500PE.NFO,06/10/2022,09:43:25,250,250.1,100,250.9,100,0,238500
NIFTY13OCT2217500PE.NFO,06/10/2022,09:43:27,250.95,250.35,400,251.1,700,50,238500
NIFTY13OCT2217500PE.NFO,06/10/2022,09:43:28,250,249.55,450,250.35,100,200,238500
NIFTY13OCT2217500PE.NFO,06/10/2022,09:43:30,250.6,250,50,250.55,100,50,238500
NIFTY13OCT2217500PE.NFO,06/10/2022,09:43:32,250.2,249.85,450,250.5,250,150,238500
NIFTY13OCT2217500PE.NFO,06/10/2022,09:43:33,249.95,249,500,249.7,400,50,238500
NIFTY13OCT2217500PE.NFO,06/10/2022,09:43:35,249.95,249.15,400,249.9,150,0,238500
NIFTY13OCT2217500PE.NFO,06/10/2022,09:43:37,249.2,249.55,400,250.1,350,400,238500
NIFTY13OCT2217500PE.NFO,06/10/2022,09:43:38,249.9,249.1,400,249.85,100,100,238500
NIFTY13OCT2217500PE.NFO,06/10/2022,09:43:40,250.35,250.3,50,250.9,350,150,238500
NIFTY13OCT2217500PE.NFO,06/10/2022,09:43:42,251.9,251.4,50,251.9,350,700,238500
NIFTY13OCT2217500PE.NFO,06/10/2022,09:43:43,251.5,250.1,100,250.7,50,50,238500
NIFTY13OCT2217500PE.NFO,06/10/2022,09:43:45,250.25,250.2,100,250.85,100,1650,238500
NIFTY13OCT2217500PE.NFO,06/10/2022,09:43:47,249.45,249.65,400,250.25,400,600,238500
NIFTY13OCT2217500PE.NFO,06/10/2022,09:43:48,250.5,249.9,400,250.5,400,200,238500
NIFTY13OCT2217500PE.NFO,06/10/2022,09:43:50,250.05,249.8,400,250.45,400,50,238500
NIFTY13OCT2217500PE.NFO,06/10/2022,09:43:52,249.95,250.3,50,250.95,150,650,238500
NIFTY13OCT2217500PE.NFO,06/10/2022,09:43:53,249.95,250.4,50,250.95,850,0,238500
NIFTY13OCT2217500PE.NFO,06/10/2022,09:43:55,250.65,250.6,350,251.2,650,1300,238500
NIFTY13OCT2217500PE.NFO,06/10/2022,09:43:57,250.55,249.85,400,250.45,50,1500,238500
NIFTY13OCT2217500PE.NFO,06/10/2022,09:43:58,250.35,249.85,50,250.4,50,200,238500
NIFTY13OCT2217500PE.NFO,06/10/2022,09:44:00,250.4,250.3,400,250.95,50,50,238500
NIFTY13OCT2217500PE.NFO,06/10/2022,09:44:02,252,250.4,400,251.05,100,700,238500
NIFTY13OCT2217500PE.NFO,06/10/2022,09:44:03,252,251.4,50,252,1600,0,238500
NIFTY13OCT2217500PE.NFO,06/10/2022,09:44:05,251.55,251.1,50,251.7,300,50,238500
NIFTY13OCT2217500PE.NFO,06/10/2022,09:44:07,250.65,250.8,550,251.4,100,100,238500
NIFTY13OCT2217500PE.NFO,06/10/2022,09:44:08,250.7,250.55,400,251.3,150,550,238500
NIFTY13OCT2217500PE.NFO,06/10/2022,09:44:10,250.7,250.95,400,251.55,350,0,238500
NIFTY13OCT2217500PE.NFO,06/10/2022,09:44:12,251.05,250.4,400,251.05,50,450,238500
NIFTY13OCT2217500PE.NFO,06/10/2022,09:44:13,251.45,251.45,50,251.75,300,100,238500
NIFTY13OCT2217500PE.NFO,06/10/2022,09:44:15,251.4,251.6,50,251.85,350,50,238500
NIFTY13OCT2217500PE.NFO,06/10/2022,09:44:17,251.4,251.3,100,251.75,50,0,238500
NIFTY13OCT2217500PE.NFO,06/10/2022,09:44:19,251.4,251.45,400,252,1650,0,238500
NIFTY13OCT2217500PE.NFO,06/10/2022,09:44:20,251.6,251.35,100,251.6,50,50,238500
NIFTY13OCT2217500PE.NFO,06/10/2022,09:44:22,252,251.6,850,252,1600,100,238500
NIFTY13OCT2217500PE.NFO,06/10/2022,09:44:24,252,252.1,400,252.5,50,1600,238500
NIFTY13OCT2217500PE.NFO,06/10/2022,09:44:25,252,252.05,100,252.65,50,0,238500
NIFTY13OCT2217500PE.NFO,06/10/2022,09:44:27,252.2,251.65,400,252.25,100,1700,238500
NIFTY13OCT2217500PE.NFO,06/10/2022,09:44:29,252.2,253.3,400,253.9,50,0,238500
NIFTY13OCT2217500PE.NFO,06/10/2022,09:44:30,254.45,253.35,400,253.9,50,300,238500
NIFTY13OCT2217500PE.NFO,06/10/2022,09:44:32,254.55,253.75,500,254.4,50,150,238500
NIFTY13OCT2217500PE.NFO,06/10/2022,09:44:34,255,254.45,400,255,450,200,238500
NIFTY13OCT2217500PE.NFO,06/10/2022,09:44:35,255,254.3,400,254.95,150,0,238500
NIFTY13OCT2217500PE.NFO,06/10/2022,09:44:37,255,254.4,400,254.95,150,0,238500
NIFTY13OCT2217500PE.NFO,06/10/2022,09:44:39,255,254.4,50,254.95,150,100,241900
NIFTY13OCT2217500PE.NFO,06/10/2022,09:44:40,255,253.05,400,253.55,100,0,241900
NIFTY13OCT2217500PE.NFO,06/10/2022,09:44:42,255,252.25,650,252.8,50,0,241900
NIFTY13OCT2217500PE.NFO,06/10/2022,09:44:44,255,253.5,400,254.2,50,0,241900
NIFTY13OCT2217500PE.NFO,06/10/2022,09:44:45,255,254.2,400,254.9,50,0,241900
NIFTY13OCT2217500PE.NFO,06/10/2022,09:44:47,255,254.15,50,254.75,200,0,241900
NIFTY13OCT2217500PE.NFO,06/10/2022,09:44:49,254.3,253.1,400,253.75,100,100,241900
NIFTY13OCT2217500PE.NFO,06/10/2022,09:44:50,254.55,254,400,254.55,50,50,241900
NIFTY13OCT2217500PE.NFO,06/10/2022,09:44:52,254.55,253.9,400,254.5,200,0,241900
NIFTY13OCT2217500PE.NFO,06/10/2022,09:44:54,255,254.65,250,255.2,500,450,241900
NIFTY13OCT2217500PE.NFO,06/10/2022,09:44:55,254.7,254.65,350,255,50,250,241900
NIFTY13OCT2217500PE.NFO,06/10/2022,09:44:57,255,254.85,50,255.45,450,50,241900
NIFTY13OCT2217500PE.NFO,06/10/2022,09:44:59,254.75,254.6,100,255.15,450,1000,241900
NIFTY13OCT2217500PE.NFO,06/10/2022,09:45:00,256.1,256.05,450,256.8,400,650,241900
NIFTY13OCT2217500PE.NFO,06/10/2022,09:45:02,255.55,255.6,350,256.1,50,300,241900
NIFTY13OCT2217500PE.NFO,06/10/2022,09:45:04,254.8,254.25,500,254.9,50,1250,241900
NIFTY13OCT2217500PE.NFO,06/10/2022,09:45:05,254.05,253.8,100,254.1,50,100,241900
NIFTY13OCT2217500PE.NFO,06/10/2022,09:45:07,254.05,253.2,350,253.75,200,250,241900
NIFTY13OCT2217500PE.NFO,06/10/2022,09:45:09,253.9,254.8,400,255.3,450,50,241900
NIFTY13OCT2217500PE.NFO,06/10/2022,09:45:10,255.45,255.85,50,256.1,50,50,241900
NIFTY13OCT2217500PE.NFO,06/10/2022,09:45:12,257.45,256.9,400,257.5,600,400,241900
NIFTY13OCT2217500PE.NFO,06/10/2022,09:45:14,258.35,258.1,50,258.7,50,550,241900
NIFTY13OCT2217500PE.NFO,06/10/2022,09:45:15,259,258.35,100,258.95,100,400,241900
NIFTY13OCT2217500PE.NFO,06/10/2022,09:45:17,258.95,258.15,400,258.75,100,850,241900
NIFTY13OCT2217500PE.NFO,06/10/2022,09:45:18,257.6,258.3,400,258.95,50,250,241900
NIFTY13OCT2217500PE.NFO,06/10/2022,09:45:20,260,259.85,450,260,200,1200,241900
NIFTY13OCT2217500PE.NFO,06/10/2022,09:45:22,260.1,260.1,450,260.85,400,2150,241900
NIFTY13OCT2217500PE.NFO,06/10/2022,09:45:22,261.25,260.1,450,260.85,400,0,241900
NIFTY13OCT2217500PE.NFO,06/10/2022,09:45:23,262,261.65,300,262,50,300,241900
NIFTY13OCT2217500PE.NFO,06/10/2022,09:45:23,262,261.65,300,262,50,0,241900
NIFTY13OCT2217500PE.NFO,06/10/2022,09:45:25,261.15,260.75,250,261.35,100,1050,241900
NIFTY13OCT2217500PE.NFO,06/10/2022,09:45:25,262.2,260.75,250,261.35,100,0,241900
NIFTY13OCT2217500PE.NFO,06/10/2022,09:45:27,260.6,261.35,300,261.95,50,250,241900
NIFTY13OCT2217500PE.NFO,06/10/2022,09:45:28,260.75,260.1,200,260.75,50,300,241900
NIFTY13OCT2217500PE.NFO,06/10/2022,09:45:30,260.8,260.85,50,261.2,750,200,241900
NIFTY13OCT2217500PE.NFO,06/10/2022,09:45:32,261.95,261.7,250,262.5,50,1000,241900
NIFTY13OCT2217500PE.NFO,06/10/2022,09:45:34,263.6,263.15,100,263.7,50,1150,241900
NIFTY13OCT2217500PE.NFO,06/10/2022,09:45:34,263.6,263.15,100,263.7,50,0,241900
NIFTY13OCT2217500PE.NFO,06/10/2022,09:45:35,263.7,263.6,150,264,4250,300,241900
NIFTY13OCT2217500PE.NFO,06/10/2022,09:45:35,263.7,263.6,150,264,4250,0,241900
NIFTY13OCT2217500PE.NFO,06/10/2022,09:45:37,263.4,262.45,400,263,100,150,241900
NIFTY13OCT2217500PE.NFO,06/10/2022,09:45:39,262,261.8,400,262.6,100,100,241900
NIFTY13OCT2217500PE.NFO,06/10/2022,09:45:40,262.2,261.95,100,262.65,200,250,241900
NIFTY13OCT2217500PE.NFO,06/10/2022,09:45:42,262.2,262.9,500,263.45,350,0,241900
NIFTY13OCT2217500PE.NFO,06/10/2022,09:45:44,263.95,263.35,100,264,4250,600,241900
NIFTY13OCT2217500PE.NFO,06/10/2022,09:45:44,263.95,263.35,100,264,4250,0,241900
NIFTY13OCT2217500PE.NFO,06/10/2022,09:45:45,263,262.5,750,263.15,100,1150,241900
NIFTY13OCT2217500PE.NFO,06/10/2022,09:45:45,264,262.5,750,263.15,100,0,241900
NIFTY13OCT2217500PE.NFO,06/10/2022,09:45:47,264.05,263.25,400,264.05,350,4800,241900
NIFTY13OCT2217500PE.NFO,06/10/2022,09:45:47,264.05,263.25,400,264.05,350,0,241900
NIFTY13OCT2217500PE.NFO,06/10/2022,09:45:49,262.75,262.65,200,263.4,400,650,241900
NIFTY13OCT2217500PE.NFO,06/10/2022,09:45:50,262.85,262.2,50,262.85,400,200,241900
NIFTY13OCT2217500PE.NFO,06/10/2022,09:45:52,262.95,262,350,262.65,50,850,241900
NIFTY13OCT2217500PE.NFO,06/10/2022,09:45:54,261.6,261.3,100,262.05,50,200,241900
NIFTY13OCT2217500PE.NFO,06/10/2022,09:45:55,261.6,260.6,200,261.1,400,0,241900
NIFTY13OCT2217500PE.NFO,06/10/2022,09:45:57,260.9,260.9,100,261.5,100,300,241900
NIFTY13OCT2217500PE.NFO,06/10/2022,09:45:59,260,259.55,100,260.4,650,2550,241900
NIFTY13OCT2217500PE.NFO,06/10/2022,09:46:00,260.3,260.3,100,261.1,400,250,241900
NIFTY13OCT2217500PE.NFO,06/10/2022,09:46:02,260.85,260.15,100,261,400,1200,241900
NIFTY13OCT2217500PE.NFO,06/10/2022,09:46:04,260.45,260.35,50,261.1,400,500,241900
NIFTY13OCT2217500PE.NFO,06/10/2022,09:46:05,260.2,260.4,50,260.95,50,50,241900
NIFTY13OCT2217500PE.NFO,06/10/2022,09:46:07,259.15,259.1,350,259.8,850,200,241900
NIFTY13OCT2217500PE.NFO,06/10/2022,09:46:09,258,257.85,250,258.65,400,500,241900
NIFTY13OCT2217500PE.NFO,06/10/2022,09:46:10,257.85,257.1,50,257.9,500,50,241900
NIFTY13OCT2217500PE.NFO,06/10/2022,09:46:12,259.05,258.75,200,259.4,1000,750,241900
NIFTY13OCT2217500PE.NFO,06/10/2022,09:46:14,259.05,259.1,250,259.75,400,0,241900
NIFTY13OCT2217500PE.NFO,06/10/2022,09:46:15,259.4,258.25,100,258.8,50,100,241900
NIFTY13OCT2217500PE.NFO,06/10/2022,09:46:17,259.4,257.6,100,258.15,50,0,241900
NIFTY13OCT2217500PE.NFO,06/10/2022,09:46:19,258,257.4,250,258.05,400,200,241900
NIFTY13OCT2217500PE.NFO,06/10/2022,09:46:20,258.35,257.95,750,258.55,500,50,241900
NIFTY13OCT2217500PE.NFO,06/10/2022,09:46:22,258.2,258.15,300,258.75,50,50,241900
NIFTY13OCT2217500PE.NFO,06/10/2022,09:46:24,257,257.55,300,258.3,400,200,241900
NIFTY13OCT2217500PE.NFO,06/10/2022,09:46:25,257,257.3,350,257.9,400,0,241900
NIFTY13OCT2217500PE.NFO,06/10/2022,09:46:27,257,256.05,350,256.8,450,0,241900
NIFTY13OCT2217500PE.NFO,06/10/2022,09:46:29,255.7,255.6,800,256.3,100,200,241900
NIFTY13OCT2217500PE.NFO,06/10/2022,09:46:30,256.45,256.4,750,257.15,100,50,241900
NIFTY13OCT2217500PE.NFO,06/10/2022,09:46:32,256.45,257.25,100,257.75,600,0,241900
NIFTY13OCT2217500PE.NFO,06/10/2022,09:46:34,257.2,257.15,50,257.7,50,300,241900
NIFTY13OCT2217500PE.NFO,06/10/2022,09:46:35,256.95,256.65,50,257.2,50,50,241900
NIFTY13OCT2217500PE.NFO,06/10/2022,09:46:37,257.15,256.7,500,257.3,400,150,241900
NIFTY13OCT2217500PE.NFO,06/10/2022,09:46:39,257.85,257,400,257.65,250,450,241900
NIFTY13OCT2217500PE.NFO,06/10/2022,09:46:40,257.9,257.2,100,257.7,200,150,241900
NIFTY13OCT2217500PE.NFO,06/10/2022,09:46:42,257.25,256.8,100,257.35,300,50,241900
NIFTY13OCT2217500PE.NFO,06/10/2022,09:46:44,257.25,257.25,100,257.65,200,100,241900
NIFTY13OCT2217500PE.NFO,06/10/2022,09:46:45,256.8,256.1,400,256.65,50,100,241900
NIFTY13OCT2217500PE.NFO,06/10/2022,09:46:47,256.8,256.45,400,256.9,50,0,241900
NIFTY13OCT2217500PE.NFO,06/10/2022,09:46:49,257.5,257.2,450,257.8,50,300,241900
NIFTY13OCT2217500PE.NFO,06/10/2022,09:46:50,257.5,257.5,400,258,300,0,241900
NIFTY13OCT2217500PE.NFO,06/10/2022,09:46:52,257.8,257.35,1050,258,50,300,241900
NIFTY13OCT2217500PE.NFO,06/10/2022,09:46:54,257.65,257,100,257.5,50,150,241900
NIFTY13OCT2217500PE.NFO,06/10/2022,09:46:55,257.65,257.05,100,257.55,200,0,241900
NIFTY13OCT2217500PE.NFO,06/10/2022,09:46:57,258.5,258.15,100,258.75,150,100,241900
NIFTY13OCT2217500PE.NFO,06/10/2022,09:46:59,260.05,259.85,400,260.7,1100,500,241900
NIFTY13OCT2217500PE.NFO,06/10/2022,09:47:00,260.05,259.7,400,260.4,50,0,241900
NIFTY13OCT2217500PE.NFO,06/10/2022,09:47:02,258.7,258.6,50,259.2,400,600,241900
NIFTY13OCT2217500PE.NFO,06/10/2022,09:47:04,258.7,258.65,400,259.25,50,0,241900
NIFTY13OCT2217500PE.NFO,06/10/2022,09:47:05,258.7,259.9,50,260.5,400,0,241900
NIFTY13OCT2217500PE.NFO,06/10/2022,09:47:07,259.9,259.9,400,260.5,450,50,241900
NIFTY13OCT2217500PE.NFO,06/10/2022,09:47:09,260.85,259.5,650,260.15,350,50,241900
NIFTY13OCT2217500PE.NFO,06/10/2022,09:47:10,260.85,258.85,100,259.4,50,0,241900
NIFTY13OCT2217500PE.NFO,06/10/2022,09:47:12,260.85,259.15,100,259.8,400,0,241900
NIFTY13OCT2217500PE.NFO,06/10/2022,09:47:14,259.9,259.15,400,259.8,150,100,241900
NIFTY13OCT2217500PE.NFO,06/10/2022,09:47:15,258.9,258.45,400,259,50,100,241900
NIFTY13OCT2217500PE.NFO,06/10/2022,09:47:17,257.85,257.65,50,258.2,50,50,241900
NIFTY13OCT2217500PE.NFO,06/10/2022,09:47:19,256,255,400,255.45,50,2050,241900
NIFTY13OCT2217500PE.NFO,06/10/2022,09:47:20,256.25,255.65,100,256.3,300,200,241900
NIFTY13OCT2217500PE.NFO,06/10/2022,09:47:22,256.25,255.7,50,256.3,350,0,241900
NIFTY13OCT2217500PE.NFO,06/10/2022,09:47:24,255,254.65,50,255.15,300,300,241900
NIFTY13OCT2217500PE.NFO,06/10/2022,09:47:25,255,252.35,400,253.05,100,0,241900
NIFTY13OCT2217500PE.NFO,06/10/2022,09:47:27,252.1,251,100,251.5,650,100,241900
NIFTY13OCT2217500PE.NFO,06/10/2022,09:47:29,250,249,50,249.65,200,1400,241900
NIFTY13OCT2217500PE.NFO,06/10/2022,09:47:30,249,247.8,400,248.6,350,50,241900
NIFTY13OCT2217500PE.NFO,06/10/2022,09:47:32,247.65,247.7,50,248.3,400,500,241900
NIFTY13OCT2217500PE.NFO,06/10/2022,09:47:34,247.65,248.75,100,249.25,400,400,241900
NIFTY13OCT2217500PE.NFO,06/10/2022,09:47:35,247.65,249.3,50,249.8,400,0,241900
NIFTY13OCT2217500PE.NFO,06/10/2022,09:47:37,250,249.15,50,249.65,300,500,241900
NIFTY13OCT2217500PE.NFO,06/10/2022,09:47:39,248.7,248.2,50,248.85,400,50,241900
NIFTY13OCT2217500PE.NFO,06/10/2022,09:47:40,248.25,248.2,100,248.7,50,350,248550
NIFTY13OCT2217500PE.NFO,06/10/2022,09:47:42,248.15,248.5,50,249.05,50,500,248550
NIFTY13OCT2217500PE.NFO,06/10/2022,09:47:44,248.15,249.55,50,250.05,450,0,248550
NIFTY13OCT2217500PE.NFO,06/10/2022,09:47:45,249.65,248.2,50,248.8,450,100,248550
NIFTY13OCT2217500PE.NFO,06/10/2022,09:47:47,249.65,248,150,248.35,400,0,248550
NIFTY13OCT2217500PE.NFO,06/10/2022,09:47:49,247.95,248,50,248.5,50,1150,248550
NIFTY13OCT2217500PE.NFO,06/10/2022,09:47:50,248,247.1,700,247.8,600,50,248550
