Ticker,Date,Time,LTP,BuyPrice,BuyQty,SellPrice,SellQty,LTQ,OpenInterest
NIFTY-I.NFO,28/10/2022,09:15:00,17781,17793.1,200,17816,200,7250,10935300
NIFTY-I.NFO,28/10/2022,09:15:00,17781,17793.1,200,17816,200,0,10935300
NIFTY-I.NFO,28/10/2022,09:15:00,17878,17793.1,200,17816,200,0,10935300
NIFTY-I.NFO,28/10/2022,09:15:00,17781,17793.1,200,17816,200,0,10935300
NIFTY-I.NFO,28/10/2022,09:15:01,17809.8,17811.1,200,17819.7,50,6450,10935300
NIFTY-I.NFO,28/10/2022,09:15:02,17816.65,17815,850,17816.65,200,4300,10935300
NIFTY-I.NFO,28/10/2022,09:15:03,17810,17808,200,17815.45,150,7900,10935300
NIFTY-I.NFO,28/10/2022,09:15:04,17811.95,17806.3,300,17811.95,50,4300,10935300
NIFTY-I.NFO,28/10/2022,09:15:05,17808.25,17807.4,250,17814.55,550,14550,10935300
NIFTY-I.NFO,28/10/2022,09:15:06,17815,17813.45,100,17817.95,200,2700,10935300
NIFTY-I.NFO,28/10/2022,09:15:07,17818.7,17815.25,100,17819.05,500,6800,10935300
NIFTY-I.NFO,28/10/2022,09:15:08,17821.95,17821.2,200,17822,100,5000,10935300
NIFTY-I.NFO,28/10/2022,09:15:09,17822.65,17823.65,200,17827.1,150,8350,10935300
NIFTY-I.NFO,28/10/2022,09:15:10,17828.4,17824.1,300,17829.8,250,7100,10935300
NIFTY-I.NFO,28/10/2022,09:15:11,17826.2,17825.05,200,17828.6,150,2350,10935300
NIFTY-I.NFO,28/10/2022,09:15:12,17832.6,17826.1,200,17832.5,200,10600,10935300
NIFTY-I.NFO,28/10/2022,09:15:13,17825,17823,250,17828.05,150,3800,10935300
NIFTY-I.NFO,28/10/2022,09:15:14,17826.2,17823.25,250,17827.15,150,7500,10935300
NIFTY-I.NFO,28/10/2022,09:15:15,17827.15,17824.45,150,17829.15,250,7450,10935300
NIFTY-I.NFO,28/10/2022,09:15:16,17826.05,17821.2,250,17826,100,5900,10935300
NIFTY-I.NFO,28/10/2022,09:15:17,17826.15,17826.2,200,17829.85,150,4000,10935300
NIFTY-I.NFO,28/10/2022,09:15:18,17825.05,17822.9,400,17827.7,550,2800,10935300
NIFTY-I.NFO,28/10/2022,09:15:19,17823,17823.05,100,17826.2,50,350,10935300
NIFTY-I.NFO,28/10/2022,09:15:20,17813.35,17813.35,1000,17816.3,250,7400,10935300
NIFTY-I.NFO,28/10/2022,09:15:21,17812.65,17810.5,200,17814.2,50,3600,10935300
NIFTY-I.NFO,28/10/2022,09:15:22,17821,17817.05,350,17822,100,2950,10935300
NIFTY-I.NFO,28/10/2022,09:15:23,17822,17821.3,1000,17821.9,100,4900,10935300
NIFTY-I.NFO,28/10/2022,09:15:24,17817.3,17816.75,100,17821.55,250,2000,10935300
NIFTY-I.NFO,28/10/2022,09:15:25,17820.75,17820.85,100,17823,150,6100,10935300
NIFTY-I.NFO,28/10/2022,09:15:26,17825,17823.2,100,17825,150,3000,10935300
NIFTY-I.NFO,28/10/2022,09:15:27,17823.15,17823.15,100,17825,100,4500,10935300
NIFTY-I.NFO,28/10/2022,09:15:28,17822.05,17822.05,200,17825.9,50,3350,10935300
NIFTY-I.NFO,28/10/2022,09:15:29,17822.05,17822.1,200,17823.95,50,450,10935300
NIFTY-I.NFO,28/10/2022,09:15:30,17826,17822.25,300,17825.95,300,1700,10935300
NIFTY-I.NFO,28/10/2022,09:15:31,17817.3,17816.45,200,17820.7,150,2750,10935300
NIFTY-I.NFO,28/10/2022,09:15:32,17816.5,17816.5,400,17820.6,350,3350,10935300
NIFTY-I.NFO,28/10/2022,09:15:33,17816.75,17816.7,100,17820.5,250,2700,10935300
NIFTY-I.NFO,28/10/2022,09:15:34,17816.9,17816.9,150,17820.75,300,650,10935300
NIFTY-I.NFO,28/10/2022,09:15:35,17817.05,17817,150,17819,50,4350,10935300
NIFTY-I.NFO,28/10/2022,09:15:36,17815.45,17813,550,17816.85,150,3250,10935300
NIFTY-I.NFO,28/10/2022,09:15:37,17817.9,17816.55,250,17819.95,100,3800,10935300
NIFTY-I.NFO,28/10/2022,09:15:38,17816.9,17816.9,150,17819.95,200,3100,10935300
NIFTY-I.NFO,28/10/2022,09:15:39,17820,17816.95,250,17820,50,500,10935300
NIFTY-I.NFO,28/10/2022,09:15:40,17816,17816.1,150,17819.95,400,1950,10935300
NIFTY-I.NFO,28/10/2022,09:15:41,17816.45,17816,150,17817.9,50,800,10935300
NIFTY-I.NFO,28/10/2022,09:15:42,17820,17817,1600,17820.3,100,2450,10935300
NIFTY-I.NFO,28/10/2022,09:15:43,17817.2,17817.2,100,17819.95,50,1450,10935300
NIFTY-I.NFO,28/10/2022,09:15:44,17816.9,17816.7,100,17819.85,450,700,10935300
NIFTY-I.NFO,28/10/2022,09:15:45,17817.9,17817,300,17817.9,1650,1750,10935300
NIFTY-I.NFO,28/10/2022,09:15:46,17817.6,17817.75,50,17820,50,3450,10935300
NIFTY-I.NFO,28/10/2022,09:15:47,17820.2,17820,1300,17820.8,100,2550,10935300
NIFTY-I.NFO,28/10/2022,09:15:48,17820.75,17820,1250,17821.65,100,250,10935300
NIFTY-I.NFO,28/10/2022,09:15:49,17819.45,17819.7,150,17822.3,50,3000,10935300
NIFTY-I.NFO,28/10/2022,09:15:50,17820.65,17817.65,50,17820.6,250,2150,10935300
NIFTY-I.NFO,28/10/2022,09:15:51,17817.5,17820,50,17820.2,50,4000,10935300
NIFTY-I.NFO,28/10/2022,09:15:52,17820.1,17820.1,350,17822.85,250,2950,10935300
NIFTY-I.NFO,28/10/2022,09:15:53,17820.15,17820.15,50,17822.85,250,550,10935300
NIFTY-I.NFO,28/10/2022,09:15:54,17819.65,17819.65,200,17822,150,1650,10935300
NIFTY-I.NFO,28/10/2022,09:15:55,17820.1,17822.25,150,17822.85,350,2550,10935300
NIFTY-I.NFO,28/10/2022,09:15:56,17823.2,17822.85,450,17823.2,150,1550,10935300
NIFTY-I.NFO,28/10/2022,09:15:57,17822,17821.6,100,17824.65,100,1750,10935300
NIFTY-I.NFO,28/10/2022,09:15:58,17822,17822.4,100,17824.5,150,500,10935300
NIFTY-I.NFO,28/10/2022,09:15:59,17826.15,17826.2,100,17827,100,5400,10935300
NIFTY-I.NFO,28/10/2022,09:16:00,17828,17826.5,150,17828,150,2450,10935300
NIFTY-I.NFO,28/10/2022,09:16:01,17826.05,17826.05,1200,17827.8,250,4400,10935300
NIFTY-I.NFO,28/10/2022,09:16:02,17827.2,17827.2,200,17829.45,250,3400,10935300
NIFTY-I.NFO,28/10/2022,09:16:03,17830,17830,2250,17830.95,850,2800,10935300
NIFTY-I.NFO,28/10/2022,09:16:04,17830.95,17828.45,350,17830.95,50,4150,10935300
NIFTY-I.NFO,28/10/2022,09:16:05,17829.65,17829.7,100,17831.95,100,650,10935300
NIFTY-I.NFO,28/10/2022,09:16:06,17833,17830.8,350,17833,250,1400,10935300
NIFTY-I.NFO,28/10/2022,09:16:07,17833,17831.95,1000,17833,200,150,10935300
NIFTY-I.NFO,28/10/2022,09:16:08,17835,17835,1400,17836.45,50,4750,10935300
NIFTY-I.NFO,28/10/2022,09:16:09,17832.7,17833.35,50,17836.15,50,3600,10935300
NIFTY-I.NFO,28/10/2022,09:16:10,17835,17834.55,200,17836.3,50,3300,10935300
NIFTY-I.NFO,28/10/2022,09:16:11,17836,17836,800,17837.85,250,800,10935300
NIFTY-I.NFO,28/10/2022,09:16:12,17835,17834.55,350,17835,450,4900,10935300
NIFTY-I.NFO,28/10/2022,09:16:13,17835,17835,50,17837.1,200,550,10935300
NIFTY-I.NFO,28/10/2022,09:16:14,17836.45,17836.45,1250,17838.15,50,4800,10935300
NIFTY-I.NFO,28/10/2022,09:16:15,17836.4,17835,200,17836.45,50,5600,10935300
NIFTY-I.NFO,28/10/2022,09:16:16,17838.2,17838.2,1000,17839,400,1850,10935300
NIFTY-I.NFO,28/10/2022,09:16:17,17837.4,17836.1,50,17838.95,150,1450,10935300
NIFTY-I.NFO,28/10/2022,09:16:18,17839,17836.45,300,17839,100,200,10935300
NIFTY-I.NFO,28/10/2022,09:16:19,17836.75,17836.7,50,17839.95,200,2350,10935300
NIFTY-I.NFO,28/10/2022,09:16:20,17838.2,17836.7,150,17838.2,50,3700,10935300
NIFTY-I.NFO,28/10/2022,09:16:21,17836.45,17836.45,450,17836.85,500,1450,10935300
NIFTY-I.NFO,28/10/2022,09:16:22,17838.15,17835,250,17836.7,50,3350,10935300
NIFTY-I.NFO,28/10/2022,09:16:23,17838.15,17837.35,650,17838,50,600,10935300
NIFTY-I.NFO,28/10/2022,09:16:24,17837.95,17837.4,450,17837.95,150,600,10935300
NIFTY-I.NFO,28/10/2022,09:16:25,17837.4,17837.4,50,17838.8,50,900,10935300
NIFTY-I.NFO,28/10/2022,09:16:26,17832.4,17832.75,100,17835.2,100,3750,10935300
NIFTY-I.NFO,28/10/2022,09:16:27,17835,17834.1,250,17836.35,200,2500,10935300
NIFTY-I.NFO,28/10/2022,09:16:28,17836.35,17834.15,50,17836.35,50,150,10935300
NIFTY-I.NFO,28/10/2022,09:16:29,17836.4,17835.05,50,17836.4,150,650,10935300
NIFTY-I.NFO,28/10/2022,09:16:30,17836.4,17834.2,50,17836.75,150,1700,10935300
NIFTY-I.NFO,28/10/2022,09:16:31,17835,17835,50,17836,100,1300,10935300
NIFTY-I.NFO,28/10/2022,09:16:32,17835,17834.95,250,17837.2,50,2200,10935300
NIFTY-I.NFO,28/10/2022,09:16:33,17837.15,17836.4,50,17837.15,50,4800,10935300
NIFTY-I.NFO,28/10/2022,09:16:34,17836.45,17836.4,50,17837.25,50,650,10935300
NIFTY-I.NFO,28/10/2022,09:16:35,17838,17835.1,50,17838,450,4050,10935300
NIFTY-I.NFO,28/10/2022,09:16:36,17837.95,17836.4,50,17837.95,50,1000,10935300
NIFTY-I.NFO,28/10/2022,09:16:37,17838,17836.5,50,17838,150,1000,10935300
NIFTY-I.NFO,28/10/2022,09:16:38,17838.75,17836.4,550,17838.75,50,2000,10935300
NIFTY-I.NFO,28/10/2022,09:16:39,17836.4,17836.4,400,17838.75,300,250,10935300
NIFTY-I.NFO,28/10/2022,09:16:40,17838.95,17836.35,1350,17838.95,50,2050,10935300
NIFTY-I.NFO,28/10/2022,09:16:41,17836.35,17836.35,750,17836.95,200,1650,10935300
NIFTY-I.NFO,28/10/2022,09:16:42,17835.95,17835,850,17835.95,100,4750,10935300
NIFTY-I.NFO,28/10/2022,09:16:43,17837.25,17835,400,17836.9,50,2850,10935300
NIFTY-I.NFO,28/10/2022,09:16:44,17835,17835,300,17835.9,50,800,10935300
NIFTY-I.NFO,28/10/2022,09:16:45,17835,17832.95,50,17835.1,50,300,10935300
NIFTY-I.NFO,28/10/2022,09:16:46,17832.95,17832.2,150,17835,150,400,10935300
NIFTY-I.NFO,28/10/2022,09:16:47,17835.4,17835.45,50,17837.25,50,2350,10935300
NIFTY-I.NFO,28/10/2022,09:16:48,17836.5,17837.3,50,17837.9,100,1800,10935300
NIFTY-I.NFO,28/10/2022,09:16:49,17838.55,17836.3,150,17838.55,700,2000,10935300
NIFTY-I.NFO,28/10/2022,09:16:50,17838,17838.05,150,17839.3,50,5200,10935300
NIFTY-I.NFO,28/10/2022,09:16:51,17837.25,17837.15,100,17838.05,50,300,10935300
NIFTY-I.NFO,28/10/2022,09:16:52,17836.3,17836.3,50,17838,50,3100,10935300
NIFTY-I.NFO,28/10/2022,09:16:53,17837.2,17837.2,50,17838.6,200,2950,10935300
NIFTY-I.NFO,28/10/2022,09:16:54,17836.65,17836.5,200,17838.25,50,3050,10935300
NIFTY-I.NFO,28/10/2022,09:16:55,17839.65,17838.55,50,17839,50,2950,10935300
NIFTY-I.NFO,28/10/2022,09:16:56,17839.9,17838.55,50,17839.9,300,550,10935300
NIFTY-I.NFO,28/10/2022,09:16:57,17838,17837.2,50,17839.95,150,3150,10935300
NIFTY-I.NFO,28/10/2022,09:16:58,17837.35,17837.35,50,17839.65,50,550,10935300
NIFTY-I.NFO,28/10/2022,09:16:59,17840,17837.4,50,17840,4050,1850,10935300
NIFTY-I.NFO,28/10/2022,09:17:00,17839.9,17837.95,100,17840,4150,1100,10935300
NIFTY-I.NFO,28/10/2022,09:17:01,17840,17838.3,150,17840,3200,1200,10935300
NIFTY-I.NFO,28/10/2022,09:17:02,17840,17839.95,100,17840.7,50,3450,10935300
NIFTY-I.NFO,28/10/2022,09:17:03,17841.05,17840.1,50,17841.85,50,1100,10935300
NIFTY-I.NFO,28/10/2022,09:17:04,17838.7,17837.35,150,17838.7,400,3600,10935300
NIFTY-I.NFO,28/10/2022,09:17:05,17838.7,17838.7,150,17840.75,250,7350,10935300
NIFTY-I.NFO,28/10/2022,09:17:06,17838.7,17837.95,200,17840,50,700,10935300
NIFTY-I.NFO,28/10/2022,09:17:07,17840,17840,950,17841.25,200,1350,10935300
NIFTY-I.NFO,28/10/2022,09:17:08,17840.05,17838.75,50,17840.05,200,2350,10935300
NIFTY-I.NFO,28/10/2022,09:17:09,17839.85,17839.15,200,17839.85,100,900,10935300
NIFTY-I.NFO,28/10/2022,09:17:10,17839.85,17839.2,50,17839.85,100,600,10935300
NIFTY-I.NFO,28/10/2022,09:17:11,17840,17839.15,300,17840,550,700,11003750
NIFTY-I.NFO,28/10/2022,09:17:12,17841.25,17840,850,17841.25,50,1800,11003750
NIFTY-I.NFO,28/10/2022,09:17:13,17840,17839.65,50,17840,300,1100,11003750
NIFTY-I.NFO,28/10/2022,09:17:14,17839.45,17839.1,100,17841.45,50,1150,11003750
NIFTY-I.NFO,28/10/2022,09:17:15,17839.9,17839,100,17841.25,200,2100,11003750
NIFTY-I.NFO,28/10/2022,09:17:16,17838.85,17838.8,200,17839.65,950,150,11003750
NIFTY-I.NFO,28/10/2022,09:17:17,17837.1,17837.1,50,17839.4,50,450,11003750
NIFTY-I.NFO,28/10/2022,09:17:18,17837.15,17837.1,50,17839.35,300,1950,11003750
NIFTY-I.NFO,28/10/2022,09:17:19,17838.85,17837.25,100,17838.4,100,300,11003750
NIFTY-I.NFO,28/10/2022,09:17:20,17836.45,17836.45,100,17836.95,100,800,11003750
NIFTY-I.NFO,28/10/2022,09:17:21,17838.65,17836.45,50,17838.5,50,1400,11003750
NIFTY-I.NFO,28/10/2022,09:17:22,17836.45,17836,2450,17836.45,50,100,11003750
NIFTY-I.NFO,28/10/2022,09:17:23,17836.75,17836.45,50,17836.75,50,550,11003750
NIFTY-I.NFO,28/10/2022,09:17:24,17836.85,17836.4,50,17836.85,150,750,11003750
NIFTY-I.NFO,28/10/2022,09:17:25,17836,17836,700,17836.25,200,1350,11003750
NIFTY-I.NFO,28/10/2022,09:17:26,17837.2,17837.2,150,17837.35,50,2850,11003750
NIFTY-I.NFO,28/10/2022,09:17:27,17835.55,17835.35,50,17837.35,200,600,11003750
NIFTY-I.NFO,28/10/2022,09:17:28,17837.35,17837.35,50,17837.4,450,1450,11003750
NIFTY-I.NFO,28/10/2022,09:17:29,17836.8,17836.8,100,17837.95,1300,1200,11003750
NIFTY-I.NFO,28/10/2022,09:17:30,17837.4,17837.4,150,17839,250,3550,11003750
NIFTY-I.NFO,28/10/2022,09:17:31,17835.9,17835.8,150,17838.65,100,2450,11003750
NIFTY-I.NFO,28/10/2022,09:17:32,17837.95,17837.95,150,17838.65,100,150,11003750
NIFTY-I.NFO,28/10/2022,09:17:33,17838.35,17836.1,50,17837.95,200,750,11003750
NIFTY-I.NFO,28/10/2022,09:17:34,17836,17836,1450,17837,50,500,11003750
NIFTY-I.NFO,28/10/2022,09:17:35,17836,17836,1150,17837,300,1000,11003750
NIFTY-I.NFO,28/10/2022,09:17:36,17836,17836,900,17836.7,200,500,11003750
NIFTY-I.NFO,28/10/2022,09:17:37,17836,17836,700,17836.95,150,550,11003750
NIFTY-I.NFO,28/10/2022,09:17:38,17835.05,17835.05,100,17835.95,50,900,11003750
NIFTY-I.NFO,28/10/2022,09:17:39,17835.95,17835.05,150,17835.95,100,200,11003750
NIFTY-I.NFO,28/10/2022,09:17:40,17835.05,17835.05,50,17835.95,200,450,11003750
NIFTY-I.NFO,28/10/2022,09:17:41,17836,17835,3350,17836,700,1700,11003750
NIFTY-I.NFO,28/10/2022,09:17:42,17835.2,17835,2950,17836,600,1000,11003750
NIFTY-I.NFO,28/10/2022,09:17:43,17835.95,17835.1,50,17836,600,300,11003750
NIFTY-I.NFO,28/10/2022,09:17:44,17835.75,17835.55,100,17836.95,1950,3500,11003750
NIFTY-I.NFO,28/10/2022,09:17:45,17836,17836,50,17836.9,250,1800,11003750
NIFTY-I.NFO,28/10/2022,09:17:46,17835.9,17835,2850,17835.95,450,5300,11003750
NIFTY-I.NFO,28/10/2022,09:17:47,17834,17834,2450,17835.2,100,3300,11003750
NIFTY-I.NFO,28/10/2022,09:17:48,17835.85,17834,2500,17835.1,200,1050,11003750
NIFTY-I.NFO,28/10/2022,09:17:49,17833,17833,2150,17833.95,350,3450,11003750
NIFTY-I.NFO,28/10/2022,09:17:50,17833,17833,1500,17833.5,300,800,11003750
NIFTY-I.NFO,28/10/2022,09:17:51,17832.3,17832.3,550,17832.45,200,4350,11003750
NIFTY-I.NFO,28/10/2022,09:17:52,17831.95,17831.6,50,17831.95,400,3650,11003750
NIFTY-I.NFO,28/10/2022,09:17:53,17831.6,17831.1,150,17831.75,50,150,11003750
NIFTY-I.NFO,28/10/2022,09:17:54,17831,17831,800,17831.35,200,2100,11003750
NIFTY-I.NFO,28/10/2022,09:17:55,17831.95,17831.05,150,17831.95,100,250,11003750
NIFTY-I.NFO,28/10/2022,09:17:56,17832.4,17831.05,350,17832.1,250,450,11003750
NIFTY-I.NFO,28/10/2022,09:17:57,17832,17831.55,150,17832.9,150,1650,11003750
NIFTY-I.NFO,28/10/2022,09:17:58,17831.55,17831.45,100,17832.9,100,1200,11003750
NIFTY-I.NFO,28/10/2022,09:17:59,17831,17831,600,17832.85,250,500,11003750
NIFTY-I.NFO,28/10/2022,09:18:00,17832.65,17831,750,17832.65,300,300,11003750
NIFTY-I.NFO,28/10/2022,09:18:01,17832.4,17832.25,100,17832.95,300,2100,11003750
NIFTY-I.NFO,28/10/2022,09:18:02,17831,17830.95,100,17832.5,200,650,11003750
NIFTY-I.NFO,28/10/2022,09:18:03,17832.5,17830.55,100,17832.5,150,200,11003750
NIFTY-I.NFO,28/10/2022,09:18:04,17831.3,17830,1050,17831.3,150,950,11003750
NIFTY-I.NFO,28/10/2022,09:18:05,17831.8,17831.75,100,17832.9,50,3050,11003750
NIFTY-I.NFO,28/10/2022,09:18:06,17831.75,17831.05,50,17832.45,50,450,11003750
NIFTY-I.NFO,28/10/2022,09:18:07,17832.7,17831.05,250,17832.65,150,1350,11003750
NIFTY-I.NFO,28/10/2022,09:18:09,17832.6,17830.85,50,17832.6,100,500,11003750
NIFTY-I.NFO,28/10/2022,09:18:09,17830.45,17830.45,950,17832.35,200,150,11003750
NIFTY-I.NFO,28/10/2022,09:18:10,17830,17830,100,17832.6,200,3300,11003750
NIFTY-I.NFO,28/10/2022,09:18:11,17830,17829.25,50,17830,450,650,11003750
NIFTY-I.NFO,28/10/2022,09:18:12,17829.05,17828,200,17829.05,200,2600,11003750
NIFTY-I.NFO,28/10/2022,09:18:14,17829.95,17829.1,50,17829.95,200,1400,11003750
NIFTY-I.NFO,28/10/2022,09:18:14,17827.9,17827.95,450,17829.95,250,700,11003750
NIFTY-I.NFO,28/10/2022,09:18:15,17827,17827,1500,17829.55,150,1650,11003750
NIFTY-I.NFO,28/10/2022,09:18:16,17827,17827,650,17827.9,200,950,11003750
NIFTY-I.NFO,28/10/2022,09:18:17,17827.3,17827,650,17828.25,100,3300,11003750
NIFTY-I.NFO,28/10/2022,09:18:18,17827,17827,250,17827.6,50,450,11003750
NIFTY-I.NFO,28/10/2022,09:18:20,17827.95,17826.95,400,17827.95,50,2300,11003750
NIFTY-I.NFO,28/10/2022,09:18:20,17828,17827,50,17827.95,200,350,11003750
NIFTY-I.NFO,28/10/2022,09:18:21,17828.25,17828.05,500,17828.95,150,1400,11003750
NIFTY-I.NFO,28/10/2022,09:18:22,17828.95,17828.95,350,17829,50,1700,11003750
NIFTY-I.NFO,28/10/2022,09:18:23,17830.4,17829.6,100,17830.4,100,2400,11003750
NIFTY-I.NFO,28/10/2022,09:18:25,17830.5,17830,50,17830.55,50,1450,11003750
NIFTY-I.NFO,28/10/2022,09:18:25,17830.15,17830.05,50,17830.95,200,450,11003750
NIFTY-I.NFO,28/10/2022,09:18:26,17830.3,17830.2,100,17832.3,50,3500,11003750
NIFTY-I.NFO,28/10/2022,09:18:27,17832.45,17831.3,350,17832.65,50,1850,11003750
NIFTY-I.NFO,28/10/2022,09:18:28,17831.15,17831,700,17832.9,100,550,11003750
NIFTY-I.NFO,28/10/2022,09:18:30,17832.8,17830.55,100,17832.9,100,550,11003750
NIFTY-I.NFO,28/10/2022,09:18:30,17832.9,17830.35,300,17832.9,50,1000,11003750
NIFTY-I.NFO,28/10/2022,09:18:31,17832.95,17832.5,300,17832.95,800,2350,11003750
NIFTY-I.NFO,28/10/2022,09:18:32,17835,17833.9,50,17835.05,50,3800,11003750
NIFTY-I.NFO,28/10/2022,09:18:33,17834.55,17834.4,50,17835.95,50,2000,11003750
NIFTY-I.NFO,28/10/2022,09:18:35,17836.3,17834.35,200,17836.85,100,800,11003750
NIFTY-I.NFO,28/10/2022,09:18:35,17835.6,17834.3,50,17835,1000,100,11003750
NIFTY-I.NFO,28/10/2022,09:18:37,17835.95,17835.7,50,17836,500,1450,11003750
NIFTY-I.NFO,28/10/2022,09:18:38,17835.7,17834.1,50,17835.85,100,350,11003750
NIFTY-I.NFO,28/10/2022,09:18:38,17836,17836.05,50,17836.55,200,650,11003750
NIFTY-I.NFO,28/10/2022,09:18:39,17836.95,17836.1,200,17837,400,550,11003750
NIFTY-I.NFO,28/10/2022,09:18:40,17838.4,17837.5,50,17838.45,50,2750,11003750
NIFTY-I.NFO,28/10/2022,09:18:41,17838.5,17837.6,250,17839,1150,650,11003750
NIFTY-I.NFO,28/10/2022,09:18:42,17837.05,17837.05,50,17838.9,250,250,11003750
NIFTY-I.NFO,28/10/2022,09:18:43,17838,17838.05,50,17839,900,600,11003750
NIFTY-I.NFO,28/10/2022,09:18:45,17839,17837.15,100,17839,750,550,11003750
NIFTY-I.NFO,28/10/2022,09:18:46,17838.25,17839,100,17839.2,50,1400,11003750
NIFTY-I.NFO,28/10/2022,09:18:47,17838.2,17838.55,50,17840,1600,8750,11003750
NIFTY-I.NFO,28/10/2022,09:18:48,17840,17839.55,50,17840,150,1850,11003750
NIFTY-I.NFO,28/10/2022,09:18:48,17839.55,17839.05,100,17840,150,50,11003750
NIFTY-I.NFO,28/10/2022,09:18:49,17839.05,17839.65,50,17840.3,100,2600,11003750
NIFTY-I.NFO,28/10/2022,09:18:50,17839.1,17839.15,100,17839.9,50,500,11003750
NIFTY-I.NFO,28/10/2022,09:18:51,17840.1,17840.15,150,17841,250,750,11003750
NIFTY-I.NFO,28/10/2022,09:18:52,17840.7,17840.75,50,17841.9,50,450,11003750
NIFTY-I.NFO,28/10/2022,09:18:53,17841.05,17840.05,50,17841.95,100,2350,11003750
NIFTY-I.NFO,28/10/2022,09:18:54,17842,17841.85,50,17842.1,50,1500,11003750
NIFTY-I.NFO,28/10/2022,09:18:55,17844.7,17843.65,50,17844.7,450,3400,11003750
NIFTY-I.NFO,28/10/2022,09:18:56,17843.7,17843.7,50,17844.7,300,400,11003750
NIFTY-I.NFO,28/10/2022,09:18:57,17845,17842.95,50,17844.75,100,3000,11003750
NIFTY-I.NFO,28/10/2022,09:18:58,17841.05,17841.05,50,17842.35,150,1800,11003750
NIFTY-I.NFO,28/10/2022,09:18:59,17843.55,17841.05,200,17843.55,50,3150,11003750
NIFTY-I.NFO,28/10/2022,09:19:00,17842.35,17842.3,100,17842.95,300,650,11003750
NIFTY-I.NFO,28/10/2022,09:19:01,17842.3,17842.3,150,17843.55,50,500,11003750
NIFTY-I.NFO,28/10/2022,09:19:02,17844.7,17842.4,50,17845,2200,600,11003750
NIFTY-I.NFO,28/10/2022,09:19:03,17847,17846.5,50,17846.8,50,3750,11003750
NIFTY-I.NFO,28/10/2022,09:19:04,17846.5,17846.5,100,17848,950,1600,11003750
NIFTY-I.NFO,28/10/2022,09:19:05,17847.95,17845.6,50,17847.75,150,1000,11003750
NIFTY-I.NFO,28/10/2022,09:19:07,17846.95,17845.05,50,17847.05,50,3950,11003750
NIFTY-I.NFO,28/10/2022,09:19:08,17848,17846.5,50,17848,850,2000,11003750
NIFTY-I.NFO,28/10/2022,09:19:09,17847,17846.55,50,17848.8,50,2250,11003750
NIFTY-I.NFO,28/10/2022,09:19:10,17844.95,17842.95,50,17844.7,100,1150,11003750
NIFTY-I.NFO,28/10/2022,09:19:11,17841.05,17841,50,17842.6,50,2600,11003750
NIFTY-I.NFO,28/10/2022,09:19:11,17841.05,17841,50,17842.6,50,0,11003750
NIFTY-I.NFO,28/10/2022,09:19:12,17843.75,17840.8,200,17843.7,50,450,11003750
NIFTY-I.NFO,28/10/2022,09:19:13,17840.85,17840.8,350,17843.1,100,300,11003750
NIFTY-I.NFO,28/10/2022,09:19:14,17841,17840.8,350,17843.5,350,1550,11003750
NIFTY-I.NFO,28/10/2022,09:19:15,17839.85,17839.1,50,17839.8,50,1600,11003750
NIFTY-I.NFO,28/10/2022,09:19:16,17840,17839.9,50,17840,50,300,11003750
NIFTY-I.NFO,28/10/2022,09:19:18,17843.55,17841,500,17843.65,200,2450,11003750
NIFTY-I.NFO,28/10/2022,09:19:19,17843.75,17840.35,100,17843.05,150,1050,11003750
NIFTY-I.NFO,28/10/2022,09:19:19,17843.75,17840.35,100,17843.05,200,0,11003750
NIFTY-I.NFO,28/10/2022,09:19:20,17841,17840,100,17842.1,200,1000,11003750
NIFTY-I.NFO,28/10/2022,09:19:21,17840,17840.45,200,17842.8,150,200,11003750
NIFTY-I.NFO,28/10/2022,09:19:22,17843.3,17841.7,250,17843.3,50,550,11003750
NIFTY-I.NFO,28/10/2022,09:19:23,17844,17843.8,200,17845.9,100,2700,11003750
NIFTY-I.NFO,28/10/2022,09:19:24,17846.05,17843.45,350,17846,150,1100,11003750
NIFTY-I.NFO,28/10/2022,09:19:25,17842.05,17842.1,50,17843.55,50,1550,11003750
NIFTY-I.NFO,28/10/2022,09:19:26,17843.55,17843.55,50,17843.75,150,200,11003750
NIFTY-I.NFO,28/10/2022,09:19:27,17844,17843.6,150,17844,500,750,11003750
NIFTY-I.NFO,28/10/2022,09:19:29,17840.1,17840.1,400,17841.7,50,2350,11003750
NIFTY-I.NFO,28/10/2022,09:19:30,17840.5,17840.1,400,17840.5,300,150,11003750
NIFTY-I.NFO,28/10/2022,09:19:31,17839,17839,150,17840.6,50,1750,11003750
NIFTY-I.NFO,28/10/2022,09:19:31,17839,17839,150,17840.55,250,0,11003750
NIFTY-I.NFO,28/10/2022,09:19:32,17839.1,17838.35,50,17839.6,250,300,11003750
NIFTY-I.NFO,28/10/2022,09:19:33,17836.05,17836.2,50,17838.5,200,1400,11003750
NIFTY-I.NFO,28/10/2022,09:19:34,17836.6,17837.3,350,17840.05,200,400,11003750
NIFTY-I.NFO,28/10/2022,09:19:36,17838.2,17837.35,50,17839.85,200,150,11003750
NIFTY-I.NFO,28/10/2022,09:19:37,17837.4,17837.4,150,17839.9,100,650,11003750
NIFTY-I.NFO,28/10/2022,09:19:38,17837.4,17837.4,300,17838.45,150,450,11003750
NIFTY-I.NFO,28/10/2022,09:19:38,17838.45,17837.4,250,17838.5,50,200,11003750
NIFTY-I.NFO,28/10/2022,09:19:40,17837.35,17837.45,50,17838.45,150,700,11003750
NIFTY-I.NFO,28/10/2022,09:19:41,17837.4,17836,450,17838.25,350,1550,11003750
NIFTY-I.NFO,28/10/2022,09:19:42,17837,17837,50,17837.5,150,200,11003750
NIFTY-I.NFO,28/10/2022,09:19:43,17838.45,17837.15,250,17838.5,50,550,11003750
NIFTY-I.NFO,28/10/2022,09:19:44,17837.4,17837,50,17838.95,200,1250,11003750
NIFTY-I.NFO,28/10/2022,09:19:45,17837.55,17836.7,300,17837.8,150,200,11003750
NIFTY-I.NFO,28/10/2022,09:19:46,17839,17838.4,50,17839.6,150,650,11003750
NIFTY-I.NFO,28/10/2022,09:19:47,17838.65,17838.3,300,17839.9,1500,300,11003750
NIFTY-I.NFO,28/10/2022,09:19:48,17838.95,17837.05,350,17839.35,250,400,11003750
NIFTY-I.NFO,28/10/2022,09:19:49,17839.15,17838.25,250,17839.75,150,1000,11003750
NIFTY-I.NFO,28/10/2022,09:19:50,17838.4,17838.6,50,17839.9,1300,800,11003750
NIFTY-I.NFO,28/10/2022,09:19:51,17839.9,17839.25,50,17839.9,1250,450,11003750
NIFTY-I.NFO,28/10/2022,09:19:51,17839.9,17839.45,50,17839.9,1000,350,11003750
NIFTY-I.NFO,28/10/2022,09:19:52,17842,17840.65,50,17842,450,3650,11003750
NIFTY-I.NFO,28/10/2022,09:19:53,17840.65,17839.85,50,17842,700,250,11003750
NIFTY-I.NFO,28/10/2022,09:19:54,17841.45,17839.6,50,17841.9,200,700,11003750
NIFTY-I.NFO,28/10/2022,09:19:56,17841.95,17839.8,50,17841.95,200,600,11003750
NIFTY-I.NFO,28/10/2022,09:19:57,17839.8,17839.2,100,17839.8,50,2100,11003750
NIFTY-I.NFO,28/10/2022,09:19:57,17839.8,17839.15,200,17839.8,100,200,11003750
NIFTY-I.NFO,28/10/2022,09:19:58,17839,17838.8,650,17839.8,50,950,11003750
NIFTY-I.NFO,28/10/2022,09:19:59,17838.9,17839.1,50,17841.2,150,1600,11003750
NIFTY-I.NFO,28/10/2022,09:20:01,17841.45,17839.4,50,17841.25,50,5750,11003750
NIFTY-I.NFO,28/10/2022,09:20:02,17838.65,17838.65,50,17841.55,200,3100,11003750
NIFTY-I.NFO,28/10/2022,09:20:03,17839.4,17837.55,150,17839.4,200,1350,11003750
NIFTY-I.NFO,28/10/2022,09:20:03,17839.45,17837.75,200,17839.45,50,550,11003750
NIFTY-I.NFO,28/10/2022,09:20:04,17838,17837.8,100,17839.4,50,500,11003750
NIFTY-I.NFO,28/10/2022,09:20:05,17839.1,17837.4,50,17839.15,1150,700,11003750
NIFTY-I.NFO,28/10/2022,09:20:06,17838.25,17836.4,400,17838.25,100,950,11003750
NIFTY-I.NFO,28/10/2022,09:20:07,17836,17836,250,17836.95,100,600,11003750
NIFTY-I.NFO,28/10/2022,09:20:08,17835.05,17833.9,150,17835.3,200,2450,11003750
NIFTY-I.NFO,28/10/2022,09:20:09,17834.55,17834.5,50,17834.95,100,700,11003750
NIFTY-I.NFO,28/10/2022,09:20:10,17835.05,17835.95,150,17837.75,200,3100,11003750
NIFTY-I.NFO,28/10/2022,09:20:11,17836.6,17836.4,100,17837.35,300,600,11030350
NIFTY-I.NFO,28/10/2022,09:20:12,17839.4,17839.45,150,17839.8,50,1900,11030350
NIFTY-I.NFO,28/10/2022,09:20:13,17842.3,17842,100,17842.5,50,1950,11030350
NIFTY-I.NFO,28/10/2022,09:20:14,17841.75,17839.6,50,17840,50,550,11030350
NIFTY-I.NFO,28/10/2022,09:20:15,17840.1,17837.95,300,17840.15,100,250,11030350
NIFTY-I.NFO,28/10/2022,09:20:16,17837.95,17838.1,200,17840.65,100,1950,11030350
NIFTY-I.NFO,28/10/2022,09:20:17,17839.8,17838.1,50,17839.75,250,1100,11030350
NIFTY-I.NFO,28/10/2022,09:20:18,17838.3,17838.75,100,17839.95,200,300,11030350
NIFTY-I.NFO,28/10/2022,09:20:20,17838,17837.9,100,17839.95,200,750,11030350
NIFTY-I.NFO,28/10/2022,09:20:21,17840,17838.15,100,17839.55,200,700,11030350
NIFTY-I.NFO,28/10/2022,09:20:22,17840,17838.7,100,17839.95,200,550,11030350
NIFTY-I.NFO,28/10/2022,09:20:22,17840,17838.6,200,17839.95,200,0,11030350
NIFTY-I.NFO,28/10/2022,09:20:23,17838.6,17839.65,50,17839.95,200,100,11030350
NIFTY-I.NFO,28/10/2022,09:20:25,17841.4,17841,50,17841.5,150,1000,11030350
NIFTY-I.NFO,28/10/2022,09:20:26,17842,17840.9,100,17842,500,950,11030350
NIFTY-I.NFO,28/10/2022,09:20:27,17842,17840.95,100,17842,350,500,11030350
NIFTY-I.NFO,28/10/2022,09:20:28,17839.7,17840.25,100,17842,50,750,11030350
NIFTY-I.NFO,28/10/2022,09:20:29,17841.75,17840.15,200,17841.85,150,50,11030350
NIFTY-I.NFO,28/10/2022,09:20:30,17841.85,17840.65,100,17842,50,200,11030350
NIFTY-I.NFO,28/10/2022,09:20:30,17840.55,17840.3,350,17842,100,250,11030350
NIFTY-I.NFO,28/10/2022,09:20:31,17840.85,17840.25,250,17842,100,100,11030350
NIFTY-I.NFO,28/10/2022,09:20:32,17842.2,17841.35,100,17842.25,100,300,11030350
NIFTY-I.NFO,28/10/2022,09:20:33,17842.4,17842.4,400,17843.95,150,1100,11030350
NIFTY-I.NFO,28/10/2022,09:20:34,17842.25,17842,650,17843.95,100,1000,11030350
NIFTY-I.NFO,28/10/2022,09:20:35,17842,17842,250,17842.9,150,550,11030350
NIFTY-I.NFO,28/10/2022,09:20:36,17843.4,17842,100,17843.35,250,500,11030350
NIFTY-I.NFO,28/10/2022,09:20:37,17840.6,17839.65,50,17840.6,50,450,11030350
NIFTY-I.NFO,28/10/2022,09:20:38,17840.25,17840.25,50,17842.85,50,400,11030350
NIFTY-I.NFO,28/10/2022,09:20:40,17842.6,17840,500,17841.35,250,50,11030350
NIFTY-I.NFO,28/10/2022,09:20:41,17838,17838,500,17839.35,50,1550,11030350
NIFTY-I.NFO,28/10/2022,09:20:42,17840.25,17839.15,350,17840.25,350,650,11030350
NIFTY-I.NFO,28/10/2022,09:20:42,17840.2,17839.4,50,17840.2,100,500,11030350
NIFTY-I.NFO,28/10/2022,09:20:43,17840.5,17840,50,17840.8,200,500,11030350
NIFTY-I.NFO,28/10/2022,09:20:45,17843.5,17840.95,50,17843.45,50,2700,11030350
NIFTY-I.NFO,28/10/2022,09:20:46,17841.2,17843,50,17843.85,50,750,11030350
NIFTY-I.NFO,28/10/2022,09:20:47,17842,17841.5,50,17842.05,50,550,11030350
NIFTY-I.NFO,28/10/2022,09:20:48,17842,17841.5,250,17842.5,100,400,11030350
NIFTY-I.NFO,28/10/2022,09:20:49,17842.35,17842.35,550,17842.75,750,350,11030350
NIFTY-I.NFO,28/10/2022,09:20:50,17842.95,17842.35,100,17842.95,500,1200,11030350
NIFTY-I.NFO,28/10/2022,09:20:50,17842.95,17842.5,50,17842.9,400,0,11030350
NIFTY-I.NFO,28/10/2022,09:20:51,17842.25,17841.5,100,17842.25,100,2300,11030350
NIFTY-I.NFO,28/10/2022,09:20:53,17841.5,17842.5,50,17842.75,50,400,11030350
NIFTY-I.NFO,28/10/2022,09:20:54,17841.5,17841,400,17842.75,100,500,11030350
NIFTY-I.NFO,28/10/2022,09:20:55,17842.5,17842.5,50,17842.65,200,200,11030350
NIFTY-I.NFO,28/10/2022,09:20:56,17842.3,17842.25,50,17842.3,150,350,11030350
NIFTY-I.NFO,28/10/2022,09:20:56,17842.3,17842.25,50,17842.3,150,0,11030350
NIFTY-I.NFO,28/10/2022,09:20:57,17842.3,17842.1,50,17842.3,200,200,11030350
NIFTY-I.NFO,28/10/2022,09:20:59,17843.1,17843.1,50,17843.9,150,800,11030350
NIFTY-I.NFO,28/10/2022,09:21:00,17844.1,17844.1,50,17844.45,200,1200,11030350
NIFTY-I.NFO,28/10/2022,09:21:01,17846.15,17846.6,50,17846.8,200,7600,11030350
NIFTY-I.NFO,28/10/2022,09:21:02,17847.75,17847.6,50,17847.85,150,2250,11030350
NIFTY-I.NFO,28/10/2022,09:21:03,17847.6,17847.1,50,17847.9,1000,400,11030350
NIFTY-I.NFO,28/10/2022,09:21:04,17844.1,17844.1,50,17844.85,400,950,11030350
NIFTY-I.NFO,28/10/2022,09:21:04,17843.85,17843.7,50,17843.85,50,150,11030350
NIFTY-I.NFO,28/10/2022,09:21:05,17843.2,17843.15,200,17843.85,250,500,11030350
NIFTY-I.NFO,28/10/2022,09:21:07,17842.2,17841,150,17842.2,650,1250,11030350
NIFTY-I.NFO,28/10/2022,09:21:08,17842.15,17841.05,500,17842.15,200,300,11030350
NIFTY-I.NFO,28/10/2022,09:21:09,17843.4,17842.25,500,17843.45,250,1200,11030350
NIFTY-I.NFO,28/10/2022,09:21:09,17843.4,17842.05,500,17843.4,750,0,11030350
NIFTY-I.NFO,28/10/2022,09:21:10,17843.35,17841,150,17842.75,50,1050,11030350
NIFTY-I.NFO,28/10/2022,09:21:11,17842.7,17841.05,500,17842.65,750,150,11030350
NIFTY-I.NFO,28/10/2022,09:21:13,17841.05,17841,100,17842.1,300,50,11030350
NIFTY-I.NFO,28/10/2022,09:21:14,17843.25,17843.25,500,17844.85,50,700,11030350
NIFTY-I.NFO,28/10/2022,09:21:15,17845.1,17842.85,600,17844.7,250,400,11030350
NIFTY-I.NFO,28/10/2022,09:21:15,17845.1,17842.85,600,17844.5,200,0,11030350
NIFTY-I.NFO,28/10/2022,09:21:16,17844.45,17844.45,500,17845.35,150,600,11030350
NIFTY-I.NFO,28/10/2022,09:21:18,17844.05,17843.45,500,17845.1,300,300,11030350
NIFTY-I.NFO,28/10/2022,09:21:19,17843.95,17843.95,700,17845,250,200,11030350
NIFTY-I.NFO,28/10/2022,09:21:20,17845,17845,50,17845.2,150,350,11030350
NIFTY-I.NFO,28/10/2022,09:21:21,17845.1,17844.05,100,17845.15,50,300,11030350
NIFTY-I.NFO,28/10/2022,09:21:21,17844.05,17843.65,50,17845.15,250,100,11030350
NIFTY-I.NFO,28/10/2022,09:21:22,17843.5,17843.7,500,17845.05,50,150,11030350
NIFTY-I.NFO,28/10/2022,09:21:24,17845.2,17845.15,500,17845.2,500,900,11030350
NIFTY-I.NFO,28/10/2022,09:21:25,17845.3,17845.2,500,17846.15,50,850,11030350
NIFTY-I.NFO,28/10/2022,09:21:26,17845.15,17845.15,350,17846.1,150,300,11030350
NIFTY-I.NFO,28/10/2022,09:21:26,17845.15,17845.15,200,17846.25,100,200,11030350
NIFTY-I.NFO,28/10/2022,09:21:27,17846.25,17845.25,550,17846.3,250,250,11030350
NIFTY-I.NFO,28/10/2022,09:21:29,17847,17845.25,650,17847.05,150,1350,11030350
NIFTY-I.NFO,28/10/2022,09:21:30,17846.15,17846.15,500,17847.45,200,350,11030350
NIFTY-I.NFO,28/10/2022,09:21:31,17846.15,17845.15,500,17846.85,300,350,11030350
NIFTY-I.NFO,28/10/2022,09:21:32,17845.25,17845.15,50,17846.3,200,700,11030350
NIFTY-I.NFO,28/10/2022,09:21:32,17845.25,17845.15,50,17846,50,0,11030350
NIFTY-I.NFO,28/10/2022,09:21:33,17844.8,17843.8,500,17845.25,50,850,11030350
NIFTY-I.NFO,28/10/2022,09:21:35,17843.5,17843.5,700,17845.1,400,550,11030350
NIFTY-I.NFO,28/10/2022,09:21:36,17845.25,17843.3,1100,17845.1,200,1200,11030350
NIFTY-I.NFO,28/10/2022,09:21:37,17845.05,17844,50,17844.85,200,1350,11030350
NIFTY-I.NFO,28/10/2022,09:21:38,17842.7,17842,250,17843.2,200,1350,11030350
NIFTY-I.NFO,28/10/2022,09:21:39,17842,17841.55,500,17843.45,200,250,11030350
NIFTY-I.NFO,28/10/2022,09:21:39,17841.55,17841.45,500,17843.45,200,500,11030350
NIFTY-I.NFO,28/10/2022,09:21:40,17841.5,17841.5,500,17842,100,800,11030350
NIFTY-I.NFO,28/10/2022,09:21:41,17842,17841.45,500,17843.15,200,750,11030350
NIFTY-I.NFO,28/10/2022,09:21:43,17843.15,17843.3,50,17843.45,200,750,11030350
NIFTY-I.NFO,28/10/2022,09:21:44,17841.4,17841.4,100,17843,50,1850,11030350
NIFTY-I.NFO,28/10/2022,09:21:45,17841.3,17841.1,500,17842.4,50,1350,11030350
NIFTY-I.NFO,28/10/2022,09:21:46,17840.5,17841.15,350,17842.4,50,600,11030350
NIFTY-I.NFO,28/10/2022,09:21:46,17841.15,17840.8,500,17842.4,50,350,11030350
NIFTY-I.NFO,28/10/2022,09:21:47,17842,17842,50,17842.35,50,850,11030350
NIFTY-I.NFO,28/10/2022,09:21:49,17840.5,17840.5,500,17842.55,100,400,11030350
NIFTY-I.NFO,28/10/2022,09:21:50,17842,17841.55,500,17842,50,900,11030350
NIFTY-I.NFO,28/10/2022,09:21:51,17842,17842,200,17842.95,200,950,11030350
NIFTY-I.NFO,28/10/2022,09:21:51,17842,17841.25,500,17842.95,200,200,11030350
NIFTY-I.NFO,28/10/2022,09:21:52,17842.8,17841,900,17842.75,200,1400,11030350
NIFTY-I.NFO,28/10/2022,09:21:54,17842.4,17840.4,500,17842.4,50,1400,11030350
NIFTY-I.NFO,28/10/2022,09:21:55,17841.2,17841.15,50,17842,500,700,11030350
NIFTY-I.NFO,28/10/2022,09:21:56,17841,17840.6,500,17842,500,450,11030350
NIFTY-I.NFO,28/10/2022,09:21:56,17840.2,17840.2,500,17842,500,50,11030350
NIFTY-I.NFO,28/10/2022,09:21:57,17840.45,17840,1400,17841,50,1100,11030350
NIFTY-I.NFO,28/10/2022,09:21:58,17840,17840,400,17840.95,50,1400,11030350
NIFTY-I.NFO,28/10/2022,09:22:00,17842,17841.15,550,17842,500,1000,11030350
NIFTY-I.NFO,28/10/2022,09:22:01,17840.15,17840,450,17842,450,1450,11030350
NIFTY-I.NFO,28/10/2022,09:22:02,17838.45,17838.45,500,17840.4,150,1000,11030350
NIFTY-I.NFO,28/10/2022,09:22:03,17841.45,17840.05,500,17841.05,50,800,11030350
NIFTY-I.NFO,28/10/2022,09:22:04,17839.85,17839.85,500,17841.05,150,700,11030350
NIFTY-I.NFO,28/10/2022,09:22:05,17839.85,17839.85,250,17840,50,700,11030350
NIFTY-I.NFO,28/10/2022,09:22:05,17839.85,17839.1,1100,17840,50,250,11030350
NIFTY-I.NFO,28/10/2022,09:22:06,17840.45,17839.25,500,17840.75,450,1800,11030350
NIFTY-I.NFO,28/10/2022,09:22:08,17839.15,17838.95,500,17839.95,200,200,11030350
NIFTY-I.NFO,28/10/2022,09:22:09,17838.6,17838.55,50,17839.95,200,600,11030350
NIFTY-I.NFO,28/10/2022,09:22:10,17838.6,17838.5,250,17839.9,200,1550,11030350
NIFTY-I.NFO,28/10/2022,09:22:11,17838.5,17838,100,17838.5,1500,250,11030350
NIFTY-I.NFO,28/10/2022,09:22:12,17838.45,17837.4,1100,17838.45,150,850,11030350
NIFTY-I.NFO,28/10/2022,09:22:12,17837.4,17836.95,500,17838.45,400,1100,11030350
NIFTY-I.NFO,28/10/2022,09:22:13,17836.85,17836.35,550,17837.95,400,600,11030350
NIFTY-I.NFO,28/10/2022,09:22:14,17836,17836.2,500,17837.95,400,650,11030350
NIFTY-I.NFO,28/10/2022,09:22:15,17837.75,17837.55,500,17838,250,2950,11030350
NIFTY-I.NFO,28/10/2022,09:22:16,17838.2,17837.5,700,17838.45,150,850,11030350
NIFTY-I.NFO,28/10/2022,09:22:17,17838.9,17838.8,500,17839.95,200,3350,11030350
NIFTY-I.NFO,28/10/2022,09:22:18,17840,17840,700,17840.4,50,4350,11030350
NIFTY-I.NFO,28/10/2022,09:22:19,17840.2,17840.2,500,17840.95,100,3600,11030350
NIFTY-I.NFO,28/10/2022,09:22:20,17841.05,17841.05,500,17841.9,150,4000,11030350
NIFTY-I.NFO,28/10/2022,09:22:21,17840.95,17840.95,100,17841.7,50,2900,11030350
NIFTY-I.NFO,28/10/2022,09:22:22,17841.3,17841.3,500,17841.95,150,800,11030350
NIFTY-I.NFO,28/10/2022,09:22:23,17842.05,17841.95,500,17842.5,100,3500,11030350
NIFTY-I.NFO,28/10/2022,09:22:25,17842.4,17842.4,500,17842.9,1000,1200,11030350
NIFTY-I.NFO,28/10/2022,09:22:26,17841.8,17841.8,500,17842.4,1500,600,11030350
NIFTY-I.NFO,28/10/2022,09:22:27,17840.8,17840.65,500,17842.05,200,2750,11030350
NIFTY-I.NFO,28/10/2022,09:22:28,17840.4,17840.45,500,17841.9,450,700,11030350
NIFTY-I.NFO,28/10/2022,09:22:28,17840.45,17840.45,500,17841.8,200,500,11030350
NIFTY-I.NFO,28/10/2022,09:22:29,17841.95,17840.4,2150,17841.5,150,3350,11030350
NIFTY-I.NFO,28/10/2022,09:22:31,17841.25,17840.4,2150,17841.25,100,1700,11030350
NIFTY-I.NFO,28/10/2022,09:22:32,17840.4,17840.4,800,17840.45,1450,1450,11030350
NIFTY-I.NFO,28/10/2022,09:22:33,17839.1,17839.1,300,17840.2,50,1300,11030350
NIFTY-I.NFO,28/10/2022,09:22:33,17839.1,17839.1,300,17840.45,1450,0,11030350
NIFTY-I.NFO,28/10/2022,09:22:34,17841.3,17839.55,500,17841.35,250,5100,11030350
NIFTY-I.NFO,28/10/2022,09:22:35,17841.3,17838.35,500,17840.2,450,0,11030350
NIFTY-I.NFO,28/10/2022,09:22:36,17841.3,17838,100,17839.6,250,0,11030350
NIFTY-I.NFO,28/10/2022,09:22:38,17839.1,17839.25,500,17839.9,250,150,11030350
NIFTY-I.NFO,28/10/2022,09:22:39,17839.95,17839.95,500,17840.85,200,2150,11030350
NIFTY-I.NFO,28/10/2022,09:22:40,17839.95,17839.65,500,17840.85,200,0,11030350
NIFTY-I.NFO,28/10/2022,09:22:41,17840,17839.95,500,17840.85,150,100,11030350
NIFTY-I.NFO,28/10/2022,09:22:42,17841.25,17841.25,1000,17841.3,2700,1900,11030350
NIFTY-I.NFO,28/10/2022,09:22:43,17841.25,17841.25,250,17841.3,2400,1050,11030350
NIFTY-I.NFO,28/10/2022,09:22:44,17841.25,17841.25,150,17841.3,2250,250,11030350
NIFTY-I.NFO,28/10/2022,09:22:45,17841.7,17841.3,250,17841.75,50,2750,11030350
NIFTY-I.NFO,28/10/2022,09:22:46,17841.85,17841.3,200,17841.85,150,200,11030350
NIFTY-I.NFO,28/10/2022,09:22:47,17840.05,17840.25,500,17840.9,50,550,11030350
NIFTY-I.NFO,28/10/2022,09:22:48,17840.95,17840.7,500,17840.95,50,1000,11030350
NIFTY-I.NFO,28/10/2022,09:22:49,17840.85,17840.4,500,17840.75,50,300,11030350
NIFTY-I.NFO,28/10/2022,09:22:50,17840.85,17840.85,500,17841.25,150,1400,11030350
NIFTY-I.NFO,28/10/2022,09:22:51,17842.1,17842.2,50,17842.85,50,4800,11030350
NIFTY-I.NFO,28/10/2022,09:22:52,17844,17843.7,50,17844,150,4650,11030350
NIFTY-I.NFO,28/10/2022,09:22:53,17844,17842.75,100,17844.3,200,550,11030350
NIFTY-I.NFO,28/10/2022,09:22:54,17844,17842.35,500,17842.75,1450,400,11030350
NIFTY-I.NFO,28/10/2022,09:22:55,17842.75,17841.95,500,17842.85,50,1700,11030350
NIFTY-I.NFO,28/10/2022,09:22:56,17843,17843,50,17843.35,50,350,11030350
NIFTY-I.NFO,28/10/2022,09:22:57,17842.75,17842.75,200,17843.7,100,500,11030350
NIFTY-I.NFO,28/10/2022,09:22:58,17842.75,17841.25,600,17842.75,1300,300,11030350
NIFTY-I.NFO,28/10/2022,09:22:59,17842.75,17841.25,100,17842.75,1200,150,11030350
NIFTY-I.NFO,28/10/2022,09:23:00,17842.75,17841.25,100,17842.75,2850,0,11030350
NIFTY-I.NFO,28/10/2022,09:23:01,17841.25,17840.7,50,17841.25,250,250,11030350
NIFTY-I.NFO,28/10/2022,09:23:02,17842.75,17842.3,100,17842.75,1350,1900,11030350
NIFTY-I.NFO,28/10/2022,09:23:03,17844,17842.3,150,17844.25,100,1950,11030350
NIFTY-I.NFO,28/10/2022,09:23:04,17844.4,17842.65,700,17844.4,200,650,11030350
NIFTY-I.NFO,28/10/2022,09:23:05,17844.8,17843.85,100,17844.8,150,1000,11030350
NIFTY-I.NFO,28/10/2022,09:23:05,17844.9,17843.75,150,17844.9,150,100,11030350
NIFTY-I.NFO,28/10/2022,09:23:06,17845.3,17845.35,50,17845.75,50,4000,11030350
NIFTY-I.NFO,28/10/2022,09:23:07,17846.3,17846.35,50,17846.5,50,1500,11030350
NIFTY-I.NFO,28/10/2022,09:23:09,17844.15,17844.15,550,17844.8,300,1500,11030350
NIFTY-I.NFO,28/10/2022,09:23:10,17844.9,17844.45,500,17845.35,150,950,11030350
NIFTY-I.NFO,28/10/2022,09:23:11,17845,17845,250,17845.8,150,600,11030350
NIFTY-I.NFO,28/10/2022,09:23:12,17844.4,17843.65,500,17844.4,1050,800,11029400
NIFTY-I.NFO,28/10/2022,09:23:13,17844.45,17843.75,500,17845.3,50,1300,11029400
NIFTY-I.NFO,28/10/2022,09:23:14,17845,17844.65,500,17845.75,150,100,11029400
NIFTY-I.NFO,28/10/2022,09:23:15,17845.25,17845.25,500,17846.15,150,250,11029400
NIFTY-I.NFO,28/10/2022,09:23:16,17845.45,17845.45,500,17846.6,50,650,11029400
NIFTY-I.NFO,28/10/2022,09:23:17,17845.2,17845.3,500,17847.3,50,1400,11029400
NIFTY-I.NFO,28/10/2022,09:23:18,17845.9,17845.9,500,17846.85,150,250,11029400
NIFTY-I.NFO,28/10/2022,09:23:19,17845.2,17845.1,500,17847.25,50,600,11029400
NIFTY-I.NFO,28/10/2022,09:23:20,17846.15,17844.25,550,17845.95,50,350,11029400
NIFTY-I.NFO,28/10/2022,09:23:21,17846.55,17844.8,200,17845.95,50,200,11029400
NIFTY-I.NFO,28/10/2022,09:23:22,17845.75,17845.75,2650,17846.25,400,550,11029400
NIFTY-I.NFO,28/10/2022,09:23:23,17846.25,17845.75,2650,17846.25,50,400,11029400
NIFTY-I.NFO,28/10/2022,09:23:23,17845.75,17845.75,2600,17846.25,50,50,11029400
NIFTY-I.NFO,28/10/2022,09:23:24,17847,17846.25,50,17846.55,100,250,11029400
NIFTY-I.NFO,28/10/2022,09:23:26,17845.75,17845.75,2200,17846.7,50,500,11029400
NIFTY-I.NFO,28/10/2022,09:23:27,17845.75,17845.75,2100,17846.85,250,1500,11029400
NIFTY-I.NFO,28/10/2022,09:23:28,17846.9,17845.75,1900,17846.7,50,300,11029400
NIFTY-I.NFO,28/10/2022,09:23:29,17845.75,17845.75,1100,17846.35,150,900,11029400
NIFTY-I.NFO,28/10/2022,09:23:30,17846.9,17845.75,1100,17845.9,50,150,11029400
NIFTY-I.NFO,28/10/2022,09:23:31,17845.9,17845.9,50,17846.9,50,50,11029400
NIFTY-I.NFO,28/10/2022,09:23:32,17845.75,17845.75,1000,17847.05,200,450,11029400
NIFTY-I.NFO,28/10/2022,09:23:33,17847.1,17845.75,900,17847.1,150,200,11029400
NIFTY-I.NFO,28/10/2022,09:23:33,17847.1,17845.75,900,17847.15,150,50,11029400
NIFTY-I.NFO,28/10/2022,09:23:35,17846,17846,600,17847.2,200,550,11029400
NIFTY-I.NFO,28/10/2022,09:23:36,17845.5,17844.4,150,17845.75,200,2850,11029400
NIFTY-I.NFO,28/10/2022,09:23:37,17845.65,17844.75,200,17845.75,50,300,11029400
NIFTY-I.NFO,28/10/2022,09:23:38,17844.4,17844.4,200,17844.65,50,500,11029400
NIFTY-I.NFO,28/10/2022,09:23:39,17844.4,17844.4,100,17845.7,200,250,11029400
NIFTY-I.NFO,28/10/2022,09:23:40,17843.55,17843.55,650,17845.9,200,450,11029400
NIFTY-I.NFO,28/10/2022,09:23:41,17844.4,17843.2,100,17844.4,300,150,11029400
NIFTY-I.NFO,28/10/2022,09:23:42,17844.4,17843.85,50,17844.4,50,600,11029400
NIFTY-I.NFO,28/10/2022,09:23:43,17845.95,17844,200,17845.9,200,150,11029400
NIFTY-I.NFO,28/10/2022,09:23:44,17845.9,17843.75,300,17845.9,100,450,11029400
NIFTY-I.NFO,28/10/2022,09:23:45,17845.95,17843.3,600,17845,250,150,11029400
NIFTY-I.NFO,28/10/2022,09:23:45,17843.3,17843.3,550,17844,50,50,11029400
NIFTY-I.NFO,28/10/2022,09:23:47,17844.4,17843.3,550,17845,100,500,11029400
NIFTY-I.NFO,28/10/2022,09:23:48,17843.45,17845,50,17845.65,100,300,11029400
NIFTY-I.NFO,28/10/2022,09:23:49,17844,17843.3,550,17845.6,100,300,11029400
NIFTY-I.NFO,28/10/2022,09:23:50,17843.3,17843.3,100,17845.45,50,700,11029400
NIFTY-I.NFO,28/10/2022,09:23:50,17843.3,17843.3,50,17845.45,50,50,11029400
NIFTY-I.NFO,28/10/2022,09:23:52,17843.5,17843.8,100,17846,200,300,11029400
NIFTY-I.NFO,28/10/2022,09:23:53,17845.4,17844.95,50,17845.6,150,400,11029400
NIFTY-I.NFO,28/10/2022,09:23:54,17845.9,17845.8,150,17846.9,50,300,11029400
NIFTY-I.NFO,28/10/2022,09:23:55,17847,17846.95,50,17847.25,50,450,11029400
NIFTY-I.NFO,28/10/2022,09:23:55,17845.8,17845.6,500,17847.25,50,100,11029400
NIFTY-I.NFO,28/10/2022,09:23:56,17847.4,17846,50,17847,150,1350,11029400
NIFTY-I.NFO,28/10/2022,09:23:58,17847.9,17846.05,100,17847.9,900,800,11029400
NIFTY-I.NFO,28/10/2022,09:23:59,17847.85,17846.1,1000,17847.05,150,250,11029400
NIFTY-I.NFO,28/10/2022,09:24:00,17846.1,17846.1,500,17847.9,800,1150,11029400
NIFTY-I.NFO,28/10/2022,09:24:01,17846.3,17846.3,700,17847.9,650,750,11029400
NIFTY-I.NFO,28/10/2022,09:24:02,17848,17847.25,50,17848,3250,1550,11029400
NIFTY-I.NFO,28/10/2022,09:24:03,17846.9,17846.9,600,17848,1150,2550,11029400
NIFTY-I.NFO,28/10/2022,09:24:04,17848,17846.2,600,17848,500,800,11029400
NIFTY-I.NFO,28/10/2022,09:24:05,17848,17847.6,500,17848.1,300,650,11029400
NIFTY-I.NFO,28/10/2022,09:24:05,17847.6,17847.6,500,17848,50,50,11029400
NIFTY-I.NFO,28/10/2022,09:24:07,17848.05,17848.05,250,17848.5,50,1500,11029400
NIFTY-I.NFO,28/10/2022,09:24:08,17848.9,17848.1,250,17849,2750,1100,11029400
NIFTY-I.NFO,28/10/2022,09:24:09,17848.85,17847.45,500,17849,2650,700,11029400
NIFTY-I.NFO,28/10/2022,09:24:10,17848.95,17848.15,500,17849,2300,450,11029400
NIFTY-I.NFO,28/10/2022,09:24:11,17849,17847.95,500,17848.35,50,850,11029400
NIFTY-I.NFO,28/10/2022,09:24:11,17847.95,17848.15,500,17849,1800,50,11029400
NIFTY-I.NFO,28/10/2022,09:24:13,17849,17848,50,17848.15,50,450,11029400
NIFTY-I.NFO,28/10/2022,09:24:14,17848.95,17848.05,100,17849,1300,400,11029400
NIFTY-I.NFO,28/10/2022,09:24:15,17849.5,17849.35,500,17849.6,50,2900,11029400
NIFTY-I.NFO,28/10/2022,09:24:16,17849.35,17849.4,150,17849.85,2150,1200,11029400
NIFTY-I.NFO,28/10/2022,09:24:17,17849.8,17848.1,500,17849.8,100,800,11029400
NIFTY-I.NFO,28/10/2022,09:24:17,17849.45,17848.1,150,17849.85,1850,650,11029400
NIFTY-I.NFO,28/10/2022,09:24:19,17848.05,17847,50,17848.7,400,400,11029400
NIFTY-I.NFO,28/10/2022,09:24:20,17847,17846.8,750,17848.75,50,600,11029400
NIFTY-I.NFO,28/10/2022,09:24:21,17847.85,17846.85,250,17847.85,150,900,11029400
NIFTY-I.NFO,28/10/2022,09:24:22,17846.1,17846.1,100,17848.05,100,750,11029400
NIFTY-I.NFO,28/10/2022,09:24:22,17846.1,17846.9,50,17848.05,100,100,11029400
NIFTY-I.NFO,28/10/2022,09:24:24,17847.9,17846,400,17847.95,200,250,11029400
NIFTY-I.NFO,28/10/2022,09:24:25,17847.95,17846.4,50,17847.95,100,550,11029400
NIFTY-I.NFO,28/10/2022,09:24:26,17848.05,17846.35,500,17848.05,150,600,11029400
NIFTY-I.NFO,28/10/2022,09:24:27,17846.45,17846.45,500,17848.05,100,900,11029400
NIFTY-I.NFO,28/10/2022,09:24:28,17848.05,17847,50,17848.05,150,650,11029400
NIFTY-I.NFO,28/10/2022,09:24:29,17846.5,17846.4,550,17848.05,100,450,11029400
NIFTY-I.NFO,28/10/2022,09:24:30,17848,17846.4,100,17848.9,200,1200,11029400
NIFTY-I.NFO,28/10/2022,09:24:31,17848.05,17846.4,150,17848.8,150,300,11029400
NIFTY-I.NFO,28/10/2022,09:24:32,17846.1,17846.05,50,17847.25,50,350,11029400
NIFTY-I.NFO,28/10/2022,09:24:33,17847.25,17846.2,100,17847.25,50,1050,11029400
NIFTY-I.NFO,28/10/2022,09:24:34,17849.05,17847.2,700,17849.4,50,1450,11029400
NIFTY-I.NFO,28/10/2022,09:24:35,17849.4,17849.4,50,17849.85,1850,800,11029400
NIFTY-I.NFO,28/10/2022,09:24:36,17849.55,17847.75,150,17848,50,350,11029400
NIFTY-I.NFO,28/10/2022,09:24:37,17847.75,17847.75,250,17849.6,100,350,11029400
NIFTY-I.NFO,28/10/2022,09:24:38,17849.6,17848.05,50,17849.85,1600,600,11029400
NIFTY-I.NFO,28/10/2022,09:24:39,17847.1,17847.1,200,17847.2,50,250,11029400
NIFTY-I.NFO,28/10/2022,09:24:40,17848.1,17848.1,50,17849,50,850,11029400
NIFTY-I.NFO,28/10/2022,09:24:41,17849,17847.25,50,17849,50,100,11029400
NIFTY-I.NFO,28/10/2022,09:24:42,17847.3,17847.3,500,17849.6,300,150,11029400
NIFTY-I.NFO,28/10/2022,09:24:43,17846.5,17846.5,200,17847.3,100,600,11029400
NIFTY-I.NFO,28/10/2022,09:24:44,17847.2,17846.7,500,17847.3,100,250,11029400
NIFTY-I.NFO,28/10/2022,09:24:45,17849,17847.15,500,17848.1,100,850,11029400
NIFTY-I.NFO,28/10/2022,09:24:46,17848.05,17847.35,50,17849.6,150,900,11029400
NIFTY-I.NFO,28/10/2022,09:24:47,17849.6,17847.3,750,17849.65,50,100,11029400
NIFTY-I.NFO,28/10/2022,09:24:48,17847.3,17847.3,500,17849.5,100,800,11029400
NIFTY-I.NFO,28/10/2022,09:24:48,17847.05,17847.05,650,17849.5,100,550,11029400
NIFTY-I.NFO,28/10/2022,09:24:50,17847.5,17847.5,500,17849.7,150,900,11029400
NIFTY-I.NFO,28/10/2022,09:24:51,17848.45,17849.05,600,17849.85,700,1700,11029400
NIFTY-I.NFO,28/10/2022,09:24:52,17849.9,17849.55,500,17849.9,200,1500,11029400
NIFTY-I.NFO,28/10/2022,09:24:53,17849.05,17849,100,17849.95,250,800,11029400
NIFTY-I.NFO,28/10/2022,09:24:54,17849.85,17849,150,17849.9,350,900,11029400
NIFTY-I.NFO,28/10/2022,09:24:55,17849,17848.25,500,17849.9,550,150,11029400
NIFTY-I.NFO,28/10/2022,09:24:56,17849.95,17848.7,500,17849.95,150,950,11029400
NIFTY-I.NFO,28/10/2022,09:24:57,17849.95,17848.1,500,17849.95,600,1600,11029400
NIFTY-I.NFO,28/10/2022,09:24:58,17849.95,17849.95,50,17850,22900,2600,11029400
NIFTY-I.NFO,28/10/2022,09:24:59,17849.2,17849.2,500,17849.9,150,150,11029400
NIFTY-I.NFO,28/10/2022,09:25:00,17854.7,17852.05,100,17854.5,50,29750,11029400
NIFTY-I.NFO,28/10/2022,09:25:01,17852,17852.05,50,17854.55,400,650,11029400
NIFTY-I.NFO,28/10/2022,09:25:02,17852.2,17851.2,500,17852.2,150,1350,11029400
NIFTY-I.NFO,28/10/2022,09:25:03,17852.05,17851,50,17852,150,1300,11029400
NIFTY-I.NFO,28/10/2022,09:25:04,17852,17850.5,100,17852.1,250,650,11029400
NIFTY-I.NFO,28/10/2022,09:25:05,17850,17850,50,17851.1,350,150,11029400
NIFTY-I.NFO,28/10/2022,09:25:06,17850.55,17849.95,50,17851.15,250,650,11029400
NIFTY-I.NFO,28/10/2022,09:25:07,17851.05,17849.95,100,17851,50,400,11029400
NIFTY-I.NFO,28/10/2022,09:25:08,17850,17850,50,17850.7,150,200,11029400
NIFTY-I.NFO,28/10/2022,09:25:09,17849,17848.45,50,17849.4,50,750,11029400
NIFTY-I.NFO,28/10/2022,09:25:10,17849.9,17849.15,200,17849.9,150,900,11029400
NIFTY-I.NFO,28/10/2022,09:25:11,17849.5,17849.15,100,17850,50,350,11029400
NIFTY-I.NFO,28/10/2022,09:25:12,17850.5,17848.8,50,17850.65,100,200,11029400
NIFTY-I.NFO,28/10/2022,09:25:13,17849.95,17847.45,100,17850.3,100,1800,11029400
NIFTY-I.NFO,28/10/2022,09:25:14,17849.45,17847.4,50,17849.45,150,300,11029400
NIFTY-I.NFO,28/10/2022,09:25:15,17847.1,17847.05,200,17849.5,150,300,11029400
NIFTY-I.NFO,28/10/2022,09:25:16,17846.4,17847.3,100,17848.85,200,400,11029400
NIFTY-I.NFO,28/10/2022,09:25:17,17847.3,17846.45,100,17848.85,200,100,11029400
NIFTY-I.NFO,28/10/2022,09:25:18,17847.1,17846.4,500,17847.1,450,450,11029400
NIFTY-I.NFO,28/10/2022,09:25:19,17845,17844.6,50,17845.95,150,1600,11029400
NIFTY-I.NFO,28/10/2022,09:25:20,17846.75,17845.05,50,17847,50,100,11029400
NIFTY-I.NFO,28/10/2022,09:25:21,17847.1,17846.15,250,17847.5,100,1050,11029400
NIFTY-I.NFO,28/10/2022,09:25:22,17847.1,17846,50,17847.45,100,350,11029400
NIFTY-I.NFO,28/10/2022,09:25:23,17844.9,17845,50,17845.95,100,300,11029400
NIFTY-I.NFO,28/10/2022,09:25:24,17844.4,17844.45,500,17845.95,100,100,11029400
NIFTY-I.NFO,28/10/2022,09:25:25,17845.95,17844.4,600,17845.95,250,550,11029400
NIFTY-I.NFO,28/10/2022,09:25:26,17845.75,17844.15,100,17845.8,100,700,11029400
NIFTY-I.NFO,28/10/2022,09:25:27,17844,17844,50,17845.8,100,150,11029400
NIFTY-I.NFO,28/10/2022,09:25:28,17844.2,17844.2,500,17846,1000,300,11029400
NIFTY-I.NFO,28/10/2022,09:25:29,17845,17844.1,800,17846,950,600,11029400
NIFTY-I.NFO,28/10/2022,09:25:30,17844.1,17844.1,100,17844.9,50,800,11029400
NIFTY-I.NFO,28/10/2022,09:25:31,17843.95,17843.85,100,17844.1,50,300,11029400
NIFTY-I.NFO,28/10/2022,09:25:32,17843.35,17843.4,500,17844.9,100,950,11029400
NIFTY-I.NFO,28/10/2022,09:25:33,17843.4,17843.05,100,17844.9,100,500,11029400
NIFTY-I.NFO,28/10/2022,09:25:34,17844.9,17843.4,500,17845.1,200,1000,11029400
NIFTY-I.NFO,28/10/2022,09:25:35,17845.1,17843.1,50,17845.15,150,850,11029400
NIFTY-I.NFO,28/10/2022,09:25:36,17843.1,17843.05,50,17845,150,50,11029400
NIFTY-I.NFO,28/10/2022,09:25:37,17843.4,17843.4,550,17845.95,100,1850,11029400
NIFTY-I.NFO,28/10/2022,09:25:38,17843.4,17843.6,500,17845.95,100,550,11029400
NIFTY-I.NFO,28/10/2022,09:25:39,17844,17843.9,500,17846,1100,800,11029400
NIFTY-I.NFO,28/10/2022,09:25:40,17844,17843.75,400,17846,1100,1200,11029400
NIFTY-I.NFO,28/10/2022,09:25:41,17843.05,17843.05,500,17845.4,450,500,11029400
NIFTY-I.NFO,28/10/2022,09:25:42,17843.65,17843.55,500,17845.8,250,850,11029400
NIFTY-I.NFO,28/10/2022,09:25:43,17843.55,17843.35,500,17845.1,50,500,11029400
NIFTY-I.NFO,28/10/2022,09:25:44,17844.1,17844.1,150,17845.1,50,1050,11029400
NIFTY-I.NFO,28/10/2022,09:25:45,17843.95,17843.1,500,17843.95,50,1500,11029400
NIFTY-I.NFO,28/10/2022,09:25:46,17843.95,17843.05,500,17843.95,50,800,11029400
NIFTY-I.NFO,28/10/2022,09:25:47,17844.15,17843.45,500,17845,100,1700,11029400
NIFTY-I.NFO,28/10/2022,09:25:48,17844.15,17843.45,500,17845,100,0,11029400
NIFTY-I.NFO,28/10/2022,09:25:49,17845.25,17845.45,550,17846,1050,1750,11029400
NIFTY-I.NFO,28/10/2022,09:25:50,17844.65,17844.65,500,17845.8,50,300,11029400
NIFTY-I.NFO,28/10/2022,09:25:51,17845,17844.85,100,17845.5,50,250,11029400
NIFTY-I.NFO,28/10/2022,09:25:52,17846,17845,500,17846,1150,2000,11029400
NIFTY-I.NFO,28/10/2022,09:25:53,17846,17845,500,17846,1050,300,11029400
NIFTY-I.NFO,28/10/2022,09:25:54,17845.8,17845.8,550,17846.75,50,1400,11029400
NIFTY-I.NFO,28/10/2022,09:25:55,17846.75,17844.3,500,17846,50,100,11029400
NIFTY-I.NFO,28/10/2022,09:25:56,17845.7,17845.7,550,17846,50,550,11029400
NIFTY-I.NFO,28/10/2022,09:25:57,17846,17846.45,50,17847,100,150,11029400
NIFTY-I.NFO,28/10/2022,09:25:58,17846.45,17846.3,50,17847.35,150,750,11029400
NIFTY-I.NFO,28/10/2022,09:25:59,17846.45,17846.8,50,17847.35,150,0,11029400
NIFTY-I.NFO,28/10/2022,09:26:00,17847.35,17847.35,50,17847.9,100,1200,11029400
NIFTY-I.NFO,28/10/2022,09:26:01,17847.5,17845.9,500,17847.35,1600,1450,11029400
NIFTY-I.NFO,28/10/2022,09:26:02,17846.8,17846.6,500,17847.25,50,1450,11029400
NIFTY-I.NFO,28/10/2022,09:26:03,17846.35,17846.2,550,17847.85,100,250,11029400
NIFTY-I.NFO,28/10/2022,09:26:04,17846.3,17846.3,500,17847.6,100,100,11029400
NIFTY-I.NFO,28/10/2022,09:26:05,17847.05,17845.3,100,17847.05,100,400,11029400
NIFTY-I.NFO,28/10/2022,09:26:06,17845.95,17843.75,500,17845.95,300,1400,11029400
NIFTY-I.NFO,28/10/2022,09:26:07,17843.7,17843.7,350,17845.25,300,250,11029400
NIFTY-I.NFO,28/10/2022,09:26:08,17844.35,17843.3,500,17845.35,100,1500,11029400
NIFTY-I.NFO,28/10/2022,09:26:09,17843.3,17845.25,500,17845.3,200,50,11029400
NIFTY-I.NFO,28/10/2022,09:26:10,17842.95,17843.45,500,17845.4,100,2850,11029400
NIFTY-I.NFO,28/10/2022,09:26:11,17844,17843.65,500,17845.4,100,100,11048000
NIFTY-I.NFO,28/10/2022,09:26:12,17845.4,17844,50,17844.25,50,250,11048000
NIFTY-I.NFO,28/10/2022,09:26:13,17843.9,17842.55,500,17844.85,300,650,11048000
NIFTY-I.NFO,28/10/2022,09:26:14,17844.85,17842.55,500,17844.65,50,50,11048000
NIFTY-I.NFO,28/10/2022,09:26:15,17845.4,17843.45,500,17844.95,200,950,11048000
NIFTY-I.NFO,28/10/2022,09:26:16,17845,17844.85,50,17845,250,200,11048000
NIFTY-I.NFO,28/10/2022,09:26:17,17843.65,17843.65,500,17845,500,350,11048000
NIFTY-I.NFO,28/10/2022,09:26:18,17845,17843.25,500,17845,450,850,11048000
NIFTY-I.NFO,28/10/2022,09:26:19,17843.25,17843.25,500,17843.75,50,50,11048000
NIFTY-I.NFO,28/10/2022,09:26:20,17844.75,17843.35,500,17844.9,200,200,11048000
NIFTY-I.NFO,28/10/2022,09:26:21,17843.35,17843.35,550,17845,300,850,11048000
NIFTY-I.NFO,28/10/2022,09:26:22,17843.35,17843,100,17843.35,1000,1600,11048000
NIFTY-I.NFO,28/10/2022,09:26:23,17843.35,17843,50,17843.35,3200,350,11048000
NIFTY-I.NFO,28/10/2022,09:26:24,17842.75,17843,50,17843.25,50,100,11048000
NIFTY-I.NFO,28/10/2022,09:26:25,17842.75,17843,50,17843.25,50,0,11048000
NIFTY-I.NFO,28/10/2022,09:26:26,17842.35,17842.35,50,17843.25,150,100,11048000
NIFTY-I.NFO,28/10/2022,09:26:27,17843,17842,200,17843,150,200,11048000
NIFTY-I.NFO,28/10/2022,09:26:28,17843,17841.55,400,17842,150,500,11048000
NIFTY-I.NFO,28/10/2022,09:26:29,17841.65,17841.85,500,17842.95,100,900,11048000
NIFTY-I.NFO,28/10/2022,09:26:30,17841.85,17841.65,500,17842.25,50,500,11048000
NIFTY-I.NFO,28/10/2022,09:26:31,17843,17842,500,17843.2,200,2900,11048000
NIFTY-I.NFO,28/10/2022,09:26:32,17841,17840.95,100,17841.8,50,550,11048000
NIFTY-I.NFO,28/10/2022,09:26:33,17842,17841.1,500,17842.25,50,750,11048000
NIFTY-I.NFO,28/10/2022,09:26:34,17841.5,17841.7,500,17842.2,200,700,11048000
NIFTY-I.NFO,28/10/2022,09:26:35,17842.2,17841.4,500,17842.25,50,700,11048000
NIFTY-I.NFO,28/10/2022,09:26:36,17841,17842.35,500,17843,50,1950,11048000
NIFTY-I.NFO,28/10/2022,09:26:37,17844,17843.35,500,17844,150,6750,11048000
NIFTY-I.NFO,28/10/2022,09:26:38,17844.1,17844.15,500,17844.5,400,1150,11048000
NIFTY-I.NFO,28/10/2022,09:26:39,17843.25,17844,500,17844.4,50,3700,11048000
NIFTY-I.NFO,28/10/2022,09:26:40,17841.75,17843,50,17844.8,50,3150,11048000
NIFTY-I.NFO,28/10/2022,09:26:41,17843,17844.05,100,17844.8,50,50,11048000
NIFTY-I.NFO,28/10/2022,09:26:42,17844.8,17844.1,600,17845,1400,200,11048000
NIFTY-I.NFO,28/10/2022,09:26:43,17842.05,17842.05,500,17844.25,150,5400,11048000
NIFTY-I.NFO,28/10/2022,09:26:44,17843,17843.1,500,17844.45,150,3050,11048000
NIFTY-I.NFO,28/10/2022,09:26:45,17842.35,17842.35,500,17844,50,3350,11048000
NIFTY-I.NFO,28/10/2022,09:26:46,17844,17843.3,500,17845,1550,750,11048000
NIFTY-I.NFO,28/10/2022,09:26:47,17843.2,17843.2,500,17844.9,150,550,11048000
NIFTY-I.NFO,28/10/2022,09:26:48,17843.5,17843.05,500,17844.85,150,4000,11048000
NIFTY-I.NFO,28/10/2022,09:26:49,17845,17844.9,50,17845,1250,5150,11048000
NIFTY-I.NFO,28/10/2022,09:26:50,17844.1,17843.9,50,17845,1300,850,11048000
NIFTY-I.NFO,28/10/2022,09:26:51,17844.4,17843.3,100,17845,1800,100,11048000
NIFTY-I.NFO,28/10/2022,09:26:52,17843.3,17843,550,17844.95,350,100,11048000
NIFTY-I.NFO,28/10/2022,09:26:53,17843.45,17844.9,50,17845,1800,1250,11048000
NIFTY-I.NFO,28/10/2022,09:26:54,17843.95,17844.9,50,17845,1850,350,11048000
NIFTY-I.NFO,28/10/2022,09:26:55,17844.9,17844.05,50,17845.9,150,3250,11048000
NIFTY-I.NFO,28/10/2022,09:26:56,17843.95,17845.4,50,17846.8,100,250,11048000
NIFTY-I.NFO,28/10/2022,09:26:57,17844.85,17845.95,100,17846.8,100,100,11048000
NIFTY-I.NFO,28/10/2022,09:26:58,17847.9,17846.75,550,17847.9,100,850,11048000
NIFTY-I.NFO,28/10/2022,09:26:59,17848,17847.4,500,17848,350,1400,11048000
NIFTY-I.NFO,28/10/2022,09:27:00,17849.9,17849.4,50,17849.9,300,1500,11048000
NIFTY-I.NFO,28/10/2022,09:27:01,17849.9,17847.9,350,17849.9,50,1150,11048000
NIFTY-I.NFO,28/10/2022,09:27:02,17850,17848.2,50,17850,1650,1950,11048000
NIFTY-I.NFO,28/10/2022,09:27:03,17850.95,17848.95,150,17851,550,2250,11048000
NIFTY-I.NFO,28/10/2022,09:27:04,17850,17850,50,17850.75,200,700,11048000
NIFTY-I.NFO,28/10/2022,09:27:06,17849.8,17847.35,50,17849.7,100,650,11048000
NIFTY-I.NFO,28/10/2022,09:27:06,17847.55,17847.4,250,17849.7,100,50,11048000
NIFTY-I.NFO,28/10/2022,09:27:07,17848.2,17845.95,50,17848.45,200,400,11048000
NIFTY-I.NFO,28/10/2022,09:27:08,17847.75,17847.75,400,17850,100,1950,11048000
NIFTY-I.NFO,28/10/2022,09:27:09,17850.5,17850.5,50,17850.8,100,900,11048000
NIFTY-I.NFO,28/10/2022,09:27:11,17848.65,17848.65,500,17850.15,100,200,11048000
NIFTY-I.NFO,28/10/2022,09:27:11,17848.75,17848.55,500,17850.15,450,800,11048000
NIFTY-I.NFO,28/10/2022,09:27:12,17848.55,17847.75,550,17849.75,250,500,11048000
NIFTY-I.NFO,28/10/2022,09:27:13,17849.6,17848.75,500,17849.9,300,1300,11048000
NIFTY-I.NFO,28/10/2022,09:27:14,17849.1,17849.1,50,17849.9,250,650,11048000
NIFTY-I.NFO,28/10/2022,09:27:16,17849.05,17849.6,50,17849.95,200,550,11048000
NIFTY-I.NFO,28/10/2022,09:27:16,17849.35,17848.95,500,17849.95,200,150,11048000
NIFTY-I.NFO,28/10/2022,09:27:17,17849.95,17849.6,50,17849.95,200,700,11048000
NIFTY-I.NFO,28/10/2022,09:27:18,17849,17849.6,50,17850,800,250,11048000
NIFTY-I.NFO,28/10/2022,09:27:19,17849.9,17849.4,500,17850,650,350,11048000
NIFTY-I.NFO,28/10/2022,09:27:20,17849.2,17849.6,50,17849.95,50,550,11048000
NIFTY-I.NFO,28/10/2022,09:27:21,17849.6,17849.6,50,17849.9,150,150,11048000
NIFTY-I.NFO,28/10/2022,09:27:23,17849.6,17849.2,200,17849.6,150,350,11048000
NIFTY-I.NFO,28/10/2022,09:27:23,17849.2,17849.1,50,17849.55,100,200,11048000
NIFTY-I.NFO,28/10/2022,09:27:24,17849.95,17849.6,50,17849.95,150,500,11048000
NIFTY-I.NFO,28/10/2022,09:27:25,17849.15,17849.6,50,17850,950,400,11048000
NIFTY-I.NFO,28/10/2022,09:27:26,17849.55,17849.55,650,17850.1,150,1150,11048000
NIFTY-I.NFO,28/10/2022,09:27:27,17849.95,17850,300,17850.45,200,1000,11048000
NIFTY-I.NFO,28/10/2022,09:27:29,17849.8,17848.65,100,17850,100,500,11048000
NIFTY-I.NFO,28/10/2022,09:27:29,17850,17848.5,500,17850.15,150,200,11048000
NIFTY-I.NFO,28/10/2022,09:27:30,17849.9,17849.95,50,17851.2,200,1900,11048000
NIFTY-I.NFO,28/10/2022,09:27:31,17851.6,17851.4,500,17852.85,150,1400,11048000
NIFTY-I.NFO,28/10/2022,09:27:32,17852.6,17851.3,150,17852.6,550,900,11048000
NIFTY-I.NFO,28/10/2022,09:27:33,17851.3,17851.6,50,17852,200,450,11048000
NIFTY-I.NFO,28/10/2022,09:27:34,17851.3,17850.15,50,17852,50,350,11048000
NIFTY-I.NFO,28/10/2022,09:27:35,17850.2,17850.6,50,17851.2,50,400,11048000
NIFTY-I.NFO,28/10/2022,09:27:36,17852.1,17852.1,50,17853,50,1350,11048000
NIFTY-I.NFO,28/10/2022,09:27:37,17852.15,17852.1,350,17854.5,50,3800,11048000
NIFTY-I.NFO,28/10/2022,09:27:38,17853.6,17852.55,50,17854.95,50,450,11048000
NIFTY-I.NFO,28/10/2022,09:27:39,17853.4,17851.35,700,17853.3,200,800,11048000
NIFTY-I.NFO,28/10/2022,09:27:40,17852.75,17850.95,500,17853.35,100,1350,11048000
NIFTY-I.NFO,28/10/2022,09:27:41,17854.1,17854.05,50,17854.1,50,600,11048000
NIFTY-I.NFO,28/10/2022,09:27:42,17853.4,17853.4,50,17854,150,250,11048000
NIFTY-I.NFO,28/10/2022,09:27:44,17853.3,17853.2,50,17853.4,100,400,11048000
NIFTY-I.NFO,28/10/2022,09:27:44,17854,17853.2,50,17854,50,250,11048000
NIFTY-I.NFO,28/10/2022,09:27:45,17854,17852,100,17854,250,150,11048000
NIFTY-I.NFO,28/10/2022,09:27:46,17853.4,17852.2,50,17852.55,50,350,11048000
NIFTY-I.NFO,28/10/2022,09:27:47,17850.85,17851.25,500,17853.45,50,900,11048000
NIFTY-I.NFO,28/10/2022,09:27:48,17850.85,17850.85,500,17853,450,600,11048000
NIFTY-I.NFO,28/10/2022,09:27:49,17850.85,17850,700,17851.45,50,750,11048000
NIFTY-I.NFO,28/10/2022,09:27:50,17850,17850,100,17851.45,100,800,11048000
NIFTY-I.NFO,28/10/2022,09:27:52,17850,17850.1,700,17851.35,200,100,11048000
NIFTY-I.NFO,28/10/2022,09:27:52,17850.1,17850,100,17851.2,250,700,11048000
NIFTY-I.NFO,28/10/2022,09:27:53,17851.2,17849.8,50,17851.2,150,150,11048000
NIFTY-I.NFO,28/10/2022,09:27:54,17849.55,17849.55,200,17851.75,250,500,11048000
NIFTY-I.NFO,28/10/2022,09:27:55,17852.5,17849.8,200,17852.55,300,900,11048000
NIFTY-I.NFO,28/10/2022,09:27:57,17850.15,17852.2,50,17852.55,150,350,11048000
NIFTY-I.NFO,28/10/2022,09:27:57,17852.55,17852.2,50,17852.55,100,100,11048000
NIFTY-I.NFO,28/10/2022,09:27:58,17851.75,17849.45,500,17852.35,350,400,11048000
NIFTY-I.NFO,28/10/2022,09:27:59,17852.1,17849.4,150,17852.1,200,2250,11048000
NIFTY-I.NFO,28/10/2022,09:28:00,17850.85,17849.4,50,17852,300,300,11048000
NIFTY-I.NFO,28/10/2022,09:28:01,17851,17848.65,50,17849.55,200,350,11048000
NIFTY-I.NFO,28/10/2022,09:28:03,17850,17850,100,17850.7,50,550,11048000
NIFTY-I.NFO,28/10/2022,09:28:03,17848.25,17848.55,50,17850.7,50,300,11048000
NIFTY-I.NFO,28/10/2022,09:28:04,17850.15,17848,50,17850.15,100,300,11048000
NIFTY-I.NFO,28/10/2022,09:28:05,17847.9,17847,550,17848.9,150,150,11048000
NIFTY-I.NFO,28/10/2022,09:28:06,17847.05,17847.05,650,17849,50,650,11048000
NIFTY-I.NFO,28/10/2022,09:28:08,17848.65,17849.2,50,17850,50,700,11048000
NIFTY-I.NFO,28/10/2022,09:28:08,17848.65,17848.05,650,17850,50,0,11048000
NIFTY-I.NFO,28/10/2022,09:28:09,17848.65,17849.35,50,17850,50,0,11048000
NIFTY-I.NFO,28/10/2022,09:28:10,17850.15,17850.15,200,17852.3,50,350,11048000
NIFTY-I.NFO,28/10/2022,09:28:11,17850.3,17850.35,100,17852.3,50,100,11048000
NIFTY-I.NFO,28/10/2022,09:28:12,17850.7,17849.35,500,17851.65,100,50,11048000
NIFTY-I.NFO,28/10/2022,09:28:14,17850.95,17849.35,400,17850.95,100,150,11048000
NIFTY-I.NFO,28/10/2022,09:28:14,17850.95,17849.35,400,17851.3,50,0,11048000
NIFTY-I.NFO,28/10/2022,09:28:15,17851.6,17849.35,350,17851.7,200,100,11048000
NIFTY-I.NFO,28/10/2022,09:28:16,17849.35,17849.35,250,17850,50,100,11048000
NIFTY-I.NFO,28/10/2022,09:28:17,17850.55,17850.55,500,17851.5,100,550,11048000
NIFTY-I.NFO,28/10/2022,09:28:18,17851.5,17850.55,500,17851.9,1050,50,11048000
NIFTY-I.NFO,28/10/2022,09:28:20,17850.55,17850.55,350,17851.75,50,150,11048000
NIFTY-I.NFO,28/10/2022,09:28:20,17850.55,17850.55,350,17851.75,50,0,11048000
NIFTY-I.NFO,28/10/2022,09:28:21,17849.35,17849.35,100,17850.55,100,550,11048000
NIFTY-I.NFO,28/10/2022,09:28:22,17849.9,17848,150,17849.9,100,500,11048000
NIFTY-I.NFO,28/10/2022,09:28:23,17847.4,17847.4,550,17849,50,250,11048000
NIFTY-I.NFO,28/10/2022,09:28:24,17848.85,17846,300,17847.95,200,1200,11048000
NIFTY-I.NFO,28/10/2022,09:28:25,17847.3,17845.9,100,17847.15,100,600,11048000
NIFTY-I.NFO,28/10/2022,09:28:26,17845,17845,100,17846.4,250,450,11048000
NIFTY-I.NFO,28/10/2022,09:28:28,17846.4,17844.4,200,17847.25,200,1050,11048000
NIFTY-I.NFO,28/10/2022,09:28:28,17844.4,17844.2,100,17846.75,200,200,11048000
NIFTY-I.NFO,28/10/2022,09:28:29,17844.45,17844.45,500,17847.1,200,2850,11048000
NIFTY-I.NFO,28/10/2022,09:28:30,17844.55,17845,50,17846.45,200,850,11048000
NIFTY-I.NFO,28/10/2022,09:28:31,17845,17845.2,50,17845.85,150,400,11048000
NIFTY-I.NFO,28/10/2022,09:28:33,17845.15,17844.7,50,17845.2,50,300,11048000
NIFTY-I.NFO,28/10/2022,09:28:33,17844.7,17844.4,600,17845.85,150,50,11048000
NIFTY-I.NFO,28/10/2022,09:28:34,17845.3,17844.55,50,17845.05,300,650,11048000
NIFTY-I.NFO,28/10/2022,09:28:35,17844.5,17843,500,17845.2,200,150,11048000
NIFTY-I.NFO,28/10/2022,09:28:37,17845.45,17843.2,550,17845.5,200,1100,11048000
NIFTY-I.NFO,28/10/2022,09:28:37,17843.2,17842.95,50,17844.2,50,550,11048000
NIFTY-I.NFO,28/10/2022,09:28:38,17844.2,17843.45,50,17845.25,200,100,11048000
NIFTY-I.NFO,28/10/2022,09:28:39,17844.65,17844.2,400,17844.65,100,200,11048000
NIFTY-I.NFO,28/10/2022,09:28:40,17842.9,17843.2,50,17844.15,100,650,11048000
NIFTY-I.NFO,28/10/2022,09:28:41,17842.7,17842.55,50,17843.75,100,100,11048000
NIFTY-I.NFO,28/10/2022,09:28:43,17843.2,17842.55,50,17843.75,50,250,11048000
NIFTY-I.NFO,28/10/2022,09:28:43,17842.55,17842.7,50,17843.55,50,50,11048000
NIFTY-I.NFO,28/10/2022,09:28:44,17843.4,17842.7,50,17843.4,150,650,11048000
NIFTY-I.NFO,28/10/2022,09:28:45,17842.7,17842.7,50,17843.4,150,100,11048000
NIFTY-I.NFO,28/10/2022,09:28:46,17843.4,17842.2,50,17842.65,100,100,11048000
NIFTY-I.NFO,28/10/2022,09:28:47,17842.15,17842.15,350,17842.65,100,200,11048000
NIFTY-I.NFO,28/10/2022,09:28:49,17842.15,17842.05,50,17842.65,100,350,11048000
NIFTY-I.NFO,28/10/2022,09:28:49,17842.7,17842,100,17842.85,200,200,11048000
NIFTY-I.NFO,28/10/2022,09:28:50,17841,17841.65,50,17843.35,200,550,11048000
NIFTY-I.NFO,28/10/2022,09:28:51,17843.45,17842.7,50,17843.55,200,750,11048000
NIFTY-I.NFO,28/10/2022,09:28:52,17843.55,17843.2,50,17843.55,200,350,11048000
NIFTY-I.NFO,28/10/2022,09:28:53,17844,17843.25,500,17844,50,750,11048000
NIFTY-I.NFO,28/10/2022,09:28:55,17844.55,17844.2,50,17844.55,350,1300,11048000
NIFTY-I.NFO,28/10/2022,09:28:55,17844.55,17844,1100,17844.7,150,450,11048000
NIFTY-I.NFO,28/10/2022,09:28:56,17843.2,17843.2,50,17844,50,3600,11048000
NIFTY-I.NFO,28/10/2022,09:28:57,17843.2,17843.2,50,17843.95,100,200,11048000
NIFTY-I.NFO,28/10/2022,09:28:58,17843.7,17843.2,50,17843.95,50,200,11048000
NIFTY-I.NFO,28/10/2022,09:29:00,17844,17843.55,500,17844.9,200,550,11048000
NIFTY-I.NFO,28/10/2022,09:29:00,17843.65,17843.4,250,17844.9,200,500,11048000
NIFTY-I.NFO,28/10/2022,09:29:01,17842.7,17842.7,600,17844.8,100,1100,11048000
NIFTY-I.NFO,28/10/2022,09:29:02,17843.35,17843.05,550,17844.9,100,850,11048000
NIFTY-I.NFO,28/10/2022,09:29:03,17843,17842.3,50,17844.1,150,750,11048000
NIFTY-I.NFO,28/10/2022,09:29:04,17844.4,17842.55,500,17844.4,100,150,11048000
NIFTY-I.NFO,28/10/2022,09:29:06,17842.5,17842.65,50,17844.95,700,950,11048000
NIFTY-I.NFO,28/10/2022,09:29:06,17842.65,17842.6,550,17844.95,700,50,11048000
NIFTY-I.NFO,28/10/2022,09:29:07,17844.55,17842.6,50,17844.5,50,3500,11048000
NIFTY-I.NFO,28/10/2022,09:29:08,17844.5,17842.45,500,17844.5,50,400,11048000
NIFTY-I.NFO,28/10/2022,09:29:09,17843,17842.05,550,17844.45,50,700,11048000
NIFTY-I.NFO,28/10/2022,09:29:10,17841.8,17843.05,500,17844.45,50,3750,11048000
NIFTY-I.NFO,28/10/2022,09:29:12,17844.5,17843.8,50,17844.5,50,550,11048000
NIFTY-I.NFO,28/10/2022,09:29:12,17844.5,17843.85,50,17844.5,50,150,11048000
NIFTY-I.NFO,28/10/2022,09:29:13,17844.95,17844.3,50,17844.95,250,500,11062350
NIFTY-I.NFO,28/10/2022,09:29:14,17844,17843.9,100,17844,1750,1150,11062350
NIFTY-I.NFO,28/10/2022,09:29:15,17844.95,17844.3,100,17844.95,100,3000,11062350
NIFTY-I.NFO,28/10/2022,09:29:16,17844.35,17844.35,150,17845,2800,550,11062350
NIFTY-I.NFO,28/10/2022,09:29:18,17844.6,17844.6,50,17845.9,500,3350,11062350
NIFTY-I.NFO,28/10/2022,09:29:18,17844.6,17844.4,50,17845.9,500,50,11062350
NIFTY-I.NFO,28/10/2022,09:29:19,17846,17844.05,150,17846.25,100,3600,11062350
NIFTY-I.NFO,28/10/2022,09:29:20,17844.4,17845.9,200,17846.3,50,1050,11062350
NIFTY-I.NFO,28/10/2022,09:29:21,17844.05,17844.1,50,17846.95,600,700,11062350
NIFTY-I.NFO,28/10/2022,09:29:23,17847,17847,150,17848.1,100,400,11062350
NIFTY-I.NFO,28/10/2022,09:29:23,17848.1,17845.25,50,17847.05,50,200,11062350
NIFTY-I.NFO,28/10/2022,09:29:24,17847.75,17845.05,500,17847.8,200,650,11062350
NIFTY-I.NFO,28/10/2022,09:29:25,17845.05,17846.95,50,17847.75,100,500,11062350
NIFTY-I.NFO,28/10/2022,09:29:26,17845.55,17846.15,500,17848.6,200,250,11062350
NIFTY-I.NFO,28/10/2022,09:29:28,17846,17846.05,150,17848.65,50,850,11062350
NIFTY-I.NFO,28/10/2022,09:29:29,17846.05,17845.45,600,17847,50,150,11062350
NIFTY-I.NFO,28/10/2022,09:29:29,17845.45,17845.05,550,17847,50,600,11062350
NIFTY-I.NFO,28/10/2022,09:29:30,17846.95,17845.35,500,17847,50,650,11062350
NIFTY-I.NFO,28/10/2022,09:29:31,17845.4,17845.4,500,17848.15,50,650,11062350
NIFTY-I.NFO,28/10/2022,09:29:33,17845.15,17845.25,500,17848,250,600,11062350
NIFTY-I.NFO,28/10/2022,09:29:34,17845.25,17845.3,50,17846,50,500,11062350
NIFTY-I.NFO,28/10/2022,09:29:34,17845.3,17845.3,50,17846,50,50,11062350
NIFTY-I.NFO,28/10/2022,09:29:35,17847.8,17846,950,17846.3,100,200,11062350
NIFTY-I.NFO,28/10/2022,09:29:36,17846.3,17846.3,50,17846.95,50,1250,11062350
NIFTY-I.NFO,28/10/2022,09:29:37,17847.3,17846.6,50,17848,50,150,11062350
NIFTY-I.NFO,28/10/2022,09:29:39,17846,17845.3,2150,17848.15,200,400,11062350
NIFTY-I.NFO,28/10/2022,09:29:40,17846,17845.8,50,17846,50,2250,11062350
NIFTY-I.NFO,28/10/2022,09:29:40,17846,17845.8,50,17846.15,50,100,11062350
NIFTY-I.NFO,28/10/2022,09:29:41,17846.95,17845.7,100,17847.3,50,1200,11062350
NIFTY-I.NFO,28/10/2022,09:29:42,17845.7,17845.8,50,17846.6,50,100,11062350
NIFTY-I.NFO,28/10/2022,09:29:44,17848.1,17845.2,700,17848.1,50,900,11062350
NIFTY-I.NFO,28/10/2022,09:29:45,17848,17846.6,300,17848.55,50,800,11062350
NIFTY-I.NFO,28/10/2022,09:29:45,17846.6,17846,1500,17848.4,150,300,11062350
NIFTY-I.NFO,28/10/2022,09:29:46,17845.8,17845.3,50,17846,50,1600,11062350
NIFTY-I.NFO,28/10/2022,09:29:47,17847.8,17845.2,100,17847.85,50,200,11062350
NIFTY-I.NFO,28/10/2022,09:29:49,17847.8,17845.2,200,17847.8,50,150,11062350
NIFTY-I.NFO,28/10/2022,09:29:50,17846.55,17845.15,1100,17846.55,150,1450,11062350
NIFTY-I.NFO,28/10/2022,09:29:50,17846.4,17845.15,50,17846.35,150,1400,11062350
NIFTY-I.NFO,28/10/2022,09:29:51,17844.15,17844.15,50,17846.35,150,450,11062350
NIFTY-I.NFO,28/10/2022,09:29:52,17844.15,17844.05,50,17846.6,200,500,11062350
NIFTY-I.NFO,28/10/2022,09:29:53,17844.05,17844,50,17845.35,300,50,11062350
NIFTY-I.NFO,28/10/2022,09:29:55,17845.35,17843.6,50,17845.35,250,100,11062350
NIFTY-I.NFO,28/10/2022,09:29:56,17844.9,17843.4,100,17845.35,200,150,11062350
NIFTY-I.NFO,28/10/2022,09:29:56,17843.4,17843.25,50,17845.35,200,100,11062350
NIFTY-I.NFO,28/10/2022,09:29:57,17843.6,17843.4,500,17845.35,200,300,11062350
NIFTY-I.NFO,28/10/2022,09:29:58,17843.4,17843.4,500,17845,50,550,11062350
NIFTY-I.NFO,28/10/2022,09:29:59,17843.45,17843.4,50,17845.35,150,700,11062350
NIFTY-I.NFO,28/10/2022,09:30:00,17845.8,17844.9,100,17847.2,150,450,11062350
NIFTY-I.NFO,28/10/2022,09:30:01,17847.15,17846.3,50,17847.15,200,450,11062350
NIFTY-I.NFO,28/10/2022,09:30:02,17844.55,17843.8,50,17844.55,650,800,11062350
NIFTY-I.NFO,28/10/2022,09:30:03,17844.55,17843.4,200,17844.55,350,350,11062350
NIFTY-I.NFO,28/10/2022,09:30:04,17844.3,17844.3,50,17844.55,100,600,11062350
NIFTY-I.NFO,28/10/2022,09:30:06,17844.55,17843,150,17845.25,200,150,11062350
NIFTY-I.NFO,28/10/2022,09:30:07,17843.45,17843.45,500,17845.9,200,1400,11062350
NIFTY-I.NFO,28/10/2022,09:30:08,17844.55,17844.8,50,17845,50,600,11062350
NIFTY-I.NFO,28/10/2022,09:30:08,17846.35,17844.3,50,17846.35,100,250,11062350
NIFTY-I.NFO,28/10/2022,09:30:09,17844.3,17843.85,500,17846.35,100,300,11062350
NIFTY-I.NFO,28/10/2022,09:30:10,17844.1,17844.55,150,17846.4,50,700,11062350
NIFTY-I.NFO,28/10/2022,09:30:12,17846.95,17844.2,100,17846.9,200,300,11062350
NIFTY-I.NFO,28/10/2022,09:30:13,17846.35,17844.55,500,17846.8,250,900,11062350
NIFTY-I.NFO,28/10/2022,09:30:13,17844.55,17845.3,50,17846,50,500,11062350
NIFTY-I.NFO,28/10/2022,09:30:14,17843.75,17844.1,600,17846,50,100,11062350
NIFTY-I.NFO,28/10/2022,09:30:15,17845.45,17843.7,50,17846,250,700,11062350
NIFTY-I.NFO,28/10/2022,09:30:17,17843.65,17843.4,50,17846,250,200,11062350
NIFTY-I.NFO,28/10/2022,09:30:18,17843.15,17844,100,17845.25,200,200,11062350
NIFTY-I.NFO,28/10/2022,09:30:18,17844,17843,50,17844.65,350,100,11062350
NIFTY-I.NFO,28/10/2022,09:30:19,17842.9,17842.3,50,17842.65,100,200,11062350
NIFTY-I.NFO,28/10/2022,09:30:20,17841,17841,150,17842.7,200,400,11062350
NIFTY-I.NFO,28/10/2022,09:30:21,17842.85,17840.7,50,17842.8,150,250,11062350
NIFTY-I.NFO,28/10/2022,09:30:23,17843.9,17841.5,50,17844.05,250,500,11062350
NIFTY-I.NFO,28/10/2022,09:30:24,17843,17840.8,50,17843.2,250,250,11062350
NIFTY-I.NFO,28/10/2022,09:30:24,17843.1,17840.95,50,17843.1,200,100,11062350
NIFTY-I.NFO,28/10/2022,09:30:25,17840.35,17840.35,500,17842.65,500,600,11062350
NIFTY-I.NFO,28/10/2022,09:30:26,17842.25,17840.25,50,17842.35,250,550,11062350
NIFTY-I.NFO,28/10/2022,09:30:28,17840,17840.05,50,17841.45,250,1850,11062350
NIFTY-I.NFO,28/10/2022,09:30:29,17840.25,17840,1500,17840.25,250,900,11062350
NIFTY-I.NFO,28/10/2022,09:30:30,17838.7,17839.7,50,17840,500,2250,11062350
NIFTY-I.NFO,28/10/2022,09:30:30,17840,17838.3,150,17840,450,150,11062350
NIFTY-I.NFO,28/10/2022,09:30:31,17838.3,17838.45,50,17840,350,400,11062350
NIFTY-I.NFO,28/10/2022,09:30:32,17838.05,17837.95,150,17839.95,400,950,11062350
NIFTY-I.NFO,28/10/2022,09:30:34,17836.45,17836.3,500,17838.2,200,2950,11062350
NIFTY-I.NFO,28/10/2022,09:30:35,17837.9,17836.2,50,17837.95,50,1000,11062350
NIFTY-I.NFO,28/10/2022,09:30:36,17836.05,17836,1000,17838.15,300,1750,11062350
NIFTY-I.NFO,28/10/2022,09:30:36,17836,17836,500,17838.1,150,1000,11062350
NIFTY-I.NFO,28/10/2022,09:30:37,17835.55,17835.55,500,17837.8,200,1250,11062350
NIFTY-I.NFO,28/10/2022,09:30:38,17835,17835,150,17836,50,1050,11062350
NIFTY-I.NFO,28/10/2022,09:30:40,17835.05,17835.05,500,17836,350,900,11062350
NIFTY-I.NFO,28/10/2022,09:30:41,17836.85,17836.85,500,17837.85,200,1300,11062350
NIFTY-I.NFO,28/10/2022,09:30:41,17837.9,17836.4,50,17837.9,200,750,11062350
NIFTY-I.NFO,28/10/2022,09:30:42,17837.9,17837.2,500,17837.9,50,250,11062350
NIFTY-I.NFO,28/10/2022,09:30:43,17837.05,17836.75,500,17838,50,950,11062350
NIFTY-I.NFO,28/10/2022,09:30:45,17836.85,17836.85,500,17838.25,50,1050,11062350
NIFTY-I.NFO,28/10/2022,09:30:46,17837.85,17837.65,500,17839.95,100,1750,11062350
NIFTY-I.NFO,28/10/2022,09:30:46,17837.25,17837.35,550,17839.65,50,550,11062350
NIFTY-I.NFO,28/10/2022,09:30:47,17838.35,17838.45,50,17839.95,200,950,11062350
NIFTY-I.NFO,28/10/2022,09:30:48,17839.9,17838.1,500,17839.9,400,550,11062350
NIFTY-I.NFO,28/10/2022,09:30:50,17838,17838,500,17839.9,250,850,11062350
NIFTY-I.NFO,28/10/2022,09:30:51,17840.4,17840.4,50,17842.2,50,2700,11062350
NIFTY-I.NFO,28/10/2022,09:30:51,17840.25,17840.5,50,17842.15,50,150,11062350
NIFTY-I.NFO,28/10/2022,09:30:52,17840.9,17840.9,600,17842.85,200,450,11062350
NIFTY-I.NFO,28/10/2022,09:30:53,17839.85,17840.35,200,17842,50,2150,11062350
NIFTY-I.NFO,28/10/2022,09:30:55,17841.5,17840.9,50,17842.9,100,900,11062350
NIFTY-I.NFO,28/10/2022,09:30:56,17841.15,17841.15,550,17842.9,100,150,11062350
NIFTY-I.NFO,28/10/2022,09:30:56,17841.15,17841.15,500,17842.9,100,650,11062350
NIFTY-I.NFO,28/10/2022,09:30:57,17841.1,17841.3,550,17842.9,100,550,11062350
NIFTY-I.NFO,28/10/2022,09:30:58,17841.3,17841.45,50,17842.9,100,600,11062350
NIFTY-I.NFO,28/10/2022,09:30:59,17842.9,17843.1,50,17843.95,100,350,11062350
NIFTY-I.NFO,28/10/2022,09:31:01,17842.55,17843.45,50,17844,50,750,11062350
NIFTY-I.NFO,28/10/2022,09:31:02,17843.75,17842.55,50,17843.7,250,350,11062350
NIFTY-I.NFO,28/10/2022,09:31:02,17843.75,17841.25,500,17844,150,600,11062350
NIFTY-I.NFO,28/10/2022,09:31:03,17839.25,17839.25,500,17841.3,200,1650,11062350
NIFTY-I.NFO,28/10/2022,09:31:04,17841.7,17839.35,550,17841.7,200,1250,11062350
NIFTY-I.NFO,28/10/2022,09:31:06,17838.05,17837.95,100,17840.4,300,900,11062350
NIFTY-I.NFO,28/10/2022,09:31:07,17840.35,17838.2,50,17840.65,450,300,11062350
NIFTY-I.NFO,28/10/2022,09:31:07,17838.2,17837.9,100,17840.4,250,50,11062350
NIFTY-I.NFO,28/10/2022,09:31:08,17837.9,17837.7,500,17840.25,500,350,11062350
NIFTY-I.NFO,28/10/2022,09:31:09,17839.25,17838.3,200,17841.05,100,900,11062350
NIFTY-I.NFO,28/10/2022,09:31:11,17839.4,17838.9,50,17839.8,500,650,11062350
NIFTY-I.NFO,28/10/2022,09:31:12,17839.4,17839.4,50,17840,600,200,11062350
NIFTY-I.NFO,28/10/2022,09:31:12,17840,17838.4,100,17840,550,150,11062350
NIFTY-I.NFO,28/10/2022,09:31:13,17839.4,17838,50,17840,750,250,11062350
NIFTY-I.NFO,28/10/2022,09:31:14,17840.85,17838.5,500,17840.85,50,1000,11062350
NIFTY-I.NFO,28/10/2022,09:31:16,17842,17841.4,100,17842,300,1650,11062350
NIFTY-I.NFO,28/10/2022,09:31:17,17842,17841.9,50,17842,100,800,11062350
NIFTY-I.NFO,28/10/2022,09:31:17,17840.65,17841.9,50,17842,50,300,11062350
NIFTY-I.NFO,28/10/2022,09:31:18,17840.6,17840.55,100,17841.9,50,650,11062350
NIFTY-I.NFO,28/10/2022,09:31:19,17840.1,17840.1,500,17842.15,400,300,11062350
NIFTY-I.NFO,28/10/2022,09:31:21,17842.1,17840.1,500,17842.35,50,600,11062350
NIFTY-I.NFO,28/10/2022,09:31:22,17842.5,17842.35,100,17842.9,100,550,11062350
NIFTY-I.NFO,28/10/2022,09:31:22,17841.4,17840.35,200,17843,100,200,11062350
NIFTY-I.NFO,28/10/2022,09:31:23,17842,17842,200,17842.9,350,350,11062350
NIFTY-I.NFO,28/10/2022,09:31:24,17842,17842,200,17843,50,1350,11062350
NIFTY-I.NFO,28/10/2022,09:31:25,17841.15,17841.2,50,17843.75,50,2800,11062350
NIFTY-I.NFO,28/10/2022,09:31:27,17842.95,17843.9,50,17844,200,450,11062350
NIFTY-I.NFO,28/10/2022,09:31:28,17843,17843.9,50,17844,200,400,11062350
NIFTY-I.NFO,28/10/2022,09:31:28,17843.9,17843.9,50,17844,200,100,11062350
NIFTY-I.NFO,28/10/2022,09:31:29,17843,17842.65,500,17844.95,200,800,11062350
NIFTY-I.NFO,28/10/2022,09:31:30,17842.75,17842.75,500,17845,1600,900,11062350
NIFTY-I.NFO,28/10/2022,09:31:32,17842,17841.55,500,17843.9,100,850,11062350
NIFTY-I.NFO,28/10/2022,09:31:33,17842,17842.5,50,17843.45,50,150,11062350
NIFTY-I.NFO,28/10/2022,09:31:33,17842.5,17841.3,150,17843.45,50,50,11062350
NIFTY-I.NFO,28/10/2022,09:31:34,17843.9,17842,100,17843.9,100,550,11062350
NIFTY-I.NFO,28/10/2022,09:31:35,17842,17843.5,50,17843.9,100,100,11062350
NIFTY-I.NFO,28/10/2022,09:31:36,17843.9,17844,50,17845,1650,200,11062350
NIFTY-I.NFO,28/10/2022,09:31:37,17845.45,17845.5,50,17845.6,50,1950,11062350
NIFTY-I.NFO,28/10/2022,09:31:38,17846,17846,50,17846.6,50,1350,11062350
NIFTY-I.NFO,28/10/2022,09:31:39,17846,17845.5,500,17847,200,250,11062350
NIFTY-I.NFO,28/10/2022,09:31:40,17845.5,17844.5,550,17845.5,50,600,11062350
NIFTY-I.NFO,28/10/2022,09:31:41,17845,17844.5,500,17845,50,800,11062350
NIFTY-I.NFO,28/10/2022,09:31:42,17844.5,17843.7,500,17845.95,600,450,11062350
NIFTY-I.NFO,28/10/2022,09:31:43,17844.1,17844.1,50,17844.4,200,350,11062350
NIFTY-I.NFO,28/10/2022,09:31:45,17845,17843.6,500,17845.5,50,250,11062350
NIFTY-I.NFO,28/10/2022,09:31:46,17844.1,17842.75,50,17844,1000,150,11062350
NIFTY-I.NFO,28/10/2022,09:31:47,17842.75,17842.4,50,17843.95,200,50,11062350
NIFTY-I.NFO,28/10/2022,09:31:47,17842.4,17842.4,500,17843.95,200,50,11062350
NIFTY-I.NFO,28/10/2022,09:31:48,17841.7,17841.7,500,17843.7,50,700,11062350
NIFTY-I.NFO,28/10/2022,09:31:50,17841.7,17842.15,500,17843.75,50,500,11062350
NIFTY-I.NFO,28/10/2022,09:31:51,17842.4,17842.35,500,17843.75,50,550,11062350
NIFTY-I.NFO,28/10/2022,09:31:52,17842.55,17842.55,550,17844,1000,650,11062350
NIFTY-I.NFO,28/10/2022,09:31:53,17842.5,17842.6,550,17843.55,100,600,11062350
NIFTY-I.NFO,28/10/2022,09:31:53,17842.6,17842.6,50,17843.55,100,550,11062350
NIFTY-I.NFO,28/10/2022,09:31:54,17844,17843,200,17844,700,500,11062350
NIFTY-I.NFO,28/10/2022,09:31:56,17844,17843.8,50,17844,650,250,11062350
NIFTY-I.NFO,28/10/2022,09:31:57,17844,17843.1,50,17844,600,150,11062350
NIFTY-I.NFO,28/10/2022,09:31:58,17843.1,17843.1,50,17843.75,500,200,11062350
NIFTY-I.NFO,28/10/2022,09:31:59,17843.1,17842.75,500,17843.75,500,150,11062350
NIFTY-I.NFO,28/10/2022,09:31:59,17842.75,17842.4,500,17843.75,500,500,11062350
NIFTY-I.NFO,28/10/2022,09:32:00,17842.75,17842.4,200,17843.75,450,750,11062350
NIFTY-I.NFO,28/10/2022,09:32:02,17842.7,17842.2,50,17843.75,650,450,11062350
NIFTY-I.NFO,28/10/2022,09:32:03,17842.6,17842.6,50,17843,600,300,11062350
NIFTY-I.NFO,28/10/2022,09:32:04,17843.65,17842.6,200,17844.9,150,1450,11062350
NIFTY-I.NFO,28/10/2022,09:32:05,17842.2,17842.4,500,17844.7,50,750,11062350
NIFTY-I.NFO,28/10/2022,09:32:05,17842.4,17842.9,500,17845,300,500,11062350
NIFTY-I.NFO,28/10/2022,09:32:06,17841.6,17841.2,550,17842.1,50,950,11062350
NIFTY-I.NFO,28/10/2022,09:32:08,17842.8,17842.6,550,17844.7,100,900,11062350
NIFTY-I.NFO,28/10/2022,09:32:09,17842.3,17842,550,17844.35,100,950,11062350
NIFTY-I.NFO,28/10/2022,09:32:10,17842,17841.7,550,17844.3,250,650,11062350
NIFTY-I.NFO,28/10/2022,09:32:11,17842.05,17841.95,50,17844.3,150,750,11062350
NIFTY-I.NFO,28/10/2022,09:32:11,17841.95,17842.05,500,17844.35,50,50,11062350
NIFTY-I.NFO,28/10/2022,09:32:12,17842.35,17842.35,150,17844.8,100,650,11067650
NIFTY-I.NFO,28/10/2022,09:32:13,17842.35,17842.05,500,17844.45,200,650,11067650
NIFTY-I.NFO,28/10/2022,09:32:15,17842.95,17840.95,50,17842.1,450,850,11067650
NIFTY-I.NFO,28/10/2022,09:32:16,17840,17840.6,50,17841.4,50,450,11067650
NIFTY-I.NFO,28/10/2022,09:32:17,17840.25,17840.25,50,17842.7,50,2000,11067650
NIFTY-I.NFO,28/10/2022,09:32:17,17840.25,17840.5,500,17842,50,50,11067650
NIFTY-I.NFO,28/10/2022,09:32:18,17841,17841.2,50,17843.05,50,1050,11067650
NIFTY-I.NFO,28/10/2022,09:32:20,17840.6,17840.05,150,17840.6,200,3250,11067650
NIFTY-I.NFO,28/10/2022,09:32:20,17843.45,17841.85,50,17843.35,500,1200,11067650
NIFTY-I.NFO,28/10/2022,09:32:21,17841.1,17841.1,50,17842.05,50,100,11067650
NIFTY-I.NFO,28/10/2022,09:32:22,17839.9,17839.2,500,17841.05,50,3200,11067650
NIFTY-I.NFO,28/10/2022,09:32:24,17839.2,17840.15,500,17841.05,50,500,11067650
NIFTY-I.NFO,28/10/2022,09:32:25,17841.1,17841.6,50,17842.05,50,850,11067650
NIFTY-I.NFO,28/10/2022,09:32:26,17842.3,17841.6,50,17842.35,50,200,11067650
NIFTY-I.NFO,28/10/2022,09:32:27,17842.15,17842.6,50,17842.9,50,250,11067650
NIFTY-I.NFO,28/10/2022,09:32:27,17842.6,17842.6,100,17842.9,50,50,11067650
NIFTY-I.NFO,28/10/2022,09:32:28,17842.35,17841.75,550,17843.7,50,400,11067650
NIFTY-I.NFO,28/10/2022,09:32:30,17840.1,17840.3,500,17843.1,50,2300,11067650
NIFTY-I.NFO,28/10/2022,09:32:31,17840.4,17840.45,50,17842.3,100,2300,11067650
NIFTY-I.NFO,28/10/2022,09:32:32,17841.35,17841.15,150,17842.35,50,3500,11067650
NIFTY-I.NFO,28/10/2022,09:32:32,17841.15,17841.6,50,17842.35,50,150,11067650
NIFTY-I.NFO,28/10/2022,09:32:33,17839.9,17839.85,550,17842.55,200,1300,11067650
NIFTY-I.NFO,28/10/2022,09:32:35,17840.25,17841.1,50,17842,500,600,11067650
NIFTY-I.NFO,28/10/2022,09:32:35,17839.65,17839.7,50,17842,500,100,11067650
NIFTY-I.NFO,28/10/2022,09:32:37,17842.8,17841.1,100,17842.85,50,750,11067650
NIFTY-I.NFO,28/10/2022,09:32:38,17841.8,17842.1,50,17843,700,400,11067650
NIFTY-I.NFO,28/10/2022,09:32:39,17845.25,17842.35,200,17845.35,500,3250,11067650
NIFTY-I.NFO,28/10/2022,09:32:39,17845.35,17842.3,200,17845.25,600,250,11067650
NIFTY-I.NFO,28/10/2022,09:32:40,17843.45,17843.1,100,17845.5,50,350,11067650
NIFTY-I.NFO,28/10/2022,09:32:42,17845,17844.35,200,17845.9,100,300,11067650
NIFTY-I.NFO,28/10/2022,09:32:43,17843.2,17843.25,500,17845.85,200,900,11067650
NIFTY-I.NFO,28/10/2022,09:32:44,17845.8,17844.1,50,17845.9,50,700,11067650
NIFTY-I.NFO,28/10/2022,09:32:44,17845.9,17844.1,50,17846,150,100,11067650
NIFTY-I.NFO,28/10/2022,09:32:45,17844.3,17845.1,50,17845.75,100,1550,11067650
NIFTY-I.NFO,28/10/2022,09:32:47,17844.05,17843,50,17844.65,100,100,11067650
NIFTY-I.NFO,28/10/2022,09:32:48,17845.1,17843.05,50,17845.7,400,150,11067650
NIFTY-I.NFO,28/10/2022,09:32:49,17843.5,17843.5,750,17845,50,1350,11067650
NIFTY-I.NFO,28/10/2022,09:32:49,17843.5,17843.6,150,17845,50,750,11067650
NIFTY-I.NFO,28/10/2022,09:32:50,17843.6,17842.75,500,17844.9,400,350,11067650
NIFTY-I.NFO,28/10/2022,09:32:52,17842.4,17843.4,50,17844.75,300,750,11067650
NIFTY-I.NFO,28/10/2022,09:32:53,17844.95,17843.85,350,17846.65,100,1550,11067650
NIFTY-I.NFO,28/10/2022,09:32:54,17843.85,17842.5,500,17844.9,450,400,11067650
NIFTY-I.NFO,28/10/2022,09:32:54,17842.5,17842.5,50,17844.9,400,500,11067650
NIFTY-I.NFO,28/10/2022,09:32:55,17844.7,17842.5,500,17844.6,100,200,11067650
NIFTY-I.NFO,28/10/2022,09:32:57,17842.5,17842.3,50,17842.5,250,3500,11067650
NIFTY-I.NFO,28/10/2022,09:32:58,17845.2,17843.05,350,17845.3,100,750,11067650
NIFTY-I.NFO,28/10/2022,09:32:59,17845.85,17843.35,50,17846.1,100,450,11067650
NIFTY-I.NFO,28/10/2022,09:32:59,17847.5,17844.3,200,17847.4,350,1300,11067650
NIFTY-I.NFO,28/10/2022,09:33:00,17846.85,17845.6,50,17846.9,100,250,11067650
NIFTY-I.NFO,28/10/2022,09:33:02,17844.05,17844.05,200,17846.4,100,200,11067650
NIFTY-I.NFO,28/10/2022,09:33:03,17846.2,17843.75,100,17846.5,100,250,11067650
NIFTY-I.NFO,28/10/2022,09:33:04,17846.8,17844.5,200,17847,50,1350,11067650
NIFTY-I.NFO,28/10/2022,09:33:04,17844.5,17844.25,500,17846.9,250,200,11067650
NIFTY-I.NFO,28/10/2022,09:33:05,17847.45,17845.05,250,17847.5,50,650,11067650
NIFTY-I.NFO,28/10/2022,09:33:07,17844.9,17845.35,250,17847.5,50,350,11067650
NIFTY-I.NFO,28/10/2022,09:33:08,17845.85,17845.5,550,17847.5,100,300,11067650
NIFTY-I.NFO,28/10/2022,09:33:09,17847.5,17846.25,550,17847.85,100,650,11067650
NIFTY-I.NFO,28/10/2022,09:33:10,17848.9,17848.5,50,17849,700,2000,11067650
NIFTY-I.NFO,28/10/2022,09:33:11,17848.5,17848,50,17849,700,50,11067650
NIFTY-I.NFO,28/10/2022,09:33:12,17847.75,17846.8,50,17847.7,200,500,11067650
NIFTY-I.NFO,28/10/2022,09:33:13,17846.15,17846.05,50,17848.8,100,500,11067650
NIFTY-I.NFO,28/10/2022,09:33:14,17849,17846.6,500,17849,400,250,11067650
NIFTY-I.NFO,28/10/2022,09:33:15,17849,17846.7,500,17849,300,650,11067650
NIFTY-I.NFO,28/10/2022,09:33:16,17846.35,17846.25,500,17848.85,150,650,11067650
NIFTY-I.NFO,28/10/2022,09:33:17,17849,17846.7,500,17849,450,1500,11067650
NIFTY-I.NFO,28/10/2022,09:33:18,17849,17846.8,200,17849.4,50,950,11067650
NIFTY-I.NFO,28/10/2022,09:33:19,17846.45,17846.35,550,17848.85,100,1000,11067650
NIFTY-I.NFO,28/10/2022,09:33:20,17846.05,17846.75,50,17849.4,50,700,11067650
NIFTY-I.NFO,28/10/2022,09:33:21,17849.4,17847.2,50,17849,50,100,11067650
NIFTY-I.NFO,28/10/2022,09:33:22,17847,17847,50,17848.5,100,150,11067650
NIFTY-I.NFO,28/10/2022,09:33:23,17847,17846.75,500,17848.5,100,50,11067650
NIFTY-I.NFO,28/10/2022,09:33:24,17846.85,17846.75,600,17848.5,100,600,11067650
NIFTY-I.NFO,28/10/2022,09:33:24,17846.8,17846.8,500,17848.5,100,600,11067650
NIFTY-I.NFO,28/10/2022,09:33:25,17848.5,17846.8,500,17848.5,50,850,11067650
NIFTY-I.NFO,28/10/2022,09:33:26,17849.9,17848.15,250,17849.95,150,900,11067650
NIFTY-I.NFO,28/10/2022,09:33:28,17848.15,17847.6,550,17848.5,50,250,11067650
NIFTY-I.NFO,28/10/2022,09:33:29,17847.75,17848.05,800,17849.95,150,1000,11067650
NIFTY-I.NFO,28/10/2022,09:33:30,17847.95,17848.05,250,17850,1900,5000,11067650
NIFTY-I.NFO,28/10/2022,09:33:31,17848.05,17848.5,50,17849.9,500,250,11067650
NIFTY-I.NFO,28/10/2022,09:33:32,17848.15,17848.05,650,17849.4,800,250,11067650
NIFTY-I.NFO,28/10/2022,09:33:32,17848.05,17848.1,50,17849,800,650,11067650
NIFTY-I.NFO,28/10/2022,09:33:33,17848.9,17846.9,500,17848.9,650,1050,11067650
NIFTY-I.NFO,28/10/2022,09:33:34,17848,17846.9,50,17848.8,350,650,11067650
NIFTY-I.NFO,28/10/2022,09:33:35,17848.5,17846.75,50,17848.45,300,200,11067650
NIFTY-I.NFO,28/10/2022,09:33:36,17845.7,17845.7,500,17847.85,550,500,11067650
NIFTY-I.NFO,28/10/2022,09:33:38,17845.35,17845.55,500,17847.8,550,550,11067650
NIFTY-I.NFO,28/10/2022,09:33:39,17847.65,17847.25,500,17849,400,1050,11067650
NIFTY-I.NFO,28/10/2022,09:33:40,17849.4,17847.7,600,17849.9,450,1000,11067650
NIFTY-I.NFO,28/10/2022,09:33:40,17847.25,17847.15,500,17849.75,450,650,11067650
NIFTY-I.NFO,28/10/2022,09:33:41,17847,17847.25,50,17849.65,100,550,11067650
NIFTY-I.NFO,28/10/2022,09:33:43,17849.75,17848.5,50,17849.85,100,200,11067650
NIFTY-I.NFO,28/10/2022,09:33:44,17847.35,17847.4,150,17849.9,450,100,11067650
NIFTY-I.NFO,28/10/2022,09:33:45,17847.4,17849.1,50,17849.9,450,150,11067650
NIFTY-I.NFO,28/10/2022,09:33:45,17849.1,17849.1,50,17849.9,450,50,11067650
NIFTY-I.NFO,28/10/2022,09:33:46,17849.9,17849.9,550,17850,1950,500,11067650
NIFTY-I.NFO,28/10/2022,09:33:47,17848.35,17849.1,50,17849.9,50,800,11067650
NIFTY-I.NFO,28/10/2022,09:33:49,17849.1,17849.65,50,17849.9,50,200,11067650
NIFTY-I.NFO,28/10/2022,09:33:50,17849.55,17848.8,50,17850.3,50,2300,11067650
NIFTY-I.NFO,28/10/2022,09:33:51,17849.6,17849.6,100,17850,50,150,11067650
NIFTY-I.NFO,28/10/2022,09:33:51,17849.6,17849.6,50,17850,50,100,11067650
NIFTY-I.NFO,28/10/2022,09:33:52,17850.15,17849.95,200,17852.2,50,2500,11067650
NIFTY-I.NFO,28/10/2022,09:33:54,17851.45,17849.6,50,17851.4,300,300,11067650
NIFTY-I.NFO,28/10/2022,09:33:55,17852.05,17849.65,200,17852.1,100,750,11067650
NIFTY-I.NFO,28/10/2022,09:33:56,17852.5,17850,50,17852.35,100,400,11067650
NIFTY-I.NFO,28/10/2022,09:33:56,17849.7,17849.6,50,17852.25,100,150,11067650
NIFTY-I.NFO,28/10/2022,09:33:58,17852,17850.3,300,17852.9,200,450,11067650
NIFTY-I.NFO,28/10/2022,09:33:59,17852.1,17850.1,300,17852.9,300,550,11067650
NIFTY-I.NFO,28/10/2022,09:34:00,17851.5,17850.65,500,17852.9,150,650,11067650
NIFTY-I.NFO,28/10/2022,09:34:01,17851.8,17851.35,200,17853,1050,1500,11067650
NIFTY-I.NFO,28/10/2022,09:34:01,17854,17851.55,200,17854.2,50,1550,11067650
NIFTY-I.NFO,28/10/2022,09:34:03,17851.15,17851.4,100,17854.1,100,1200,11067650
NIFTY-I.NFO,28/10/2022,09:34:04,17852,17851.8,300,17854,50,2400,11067650
NIFTY-I.NFO,28/10/2022,09:34:05,17853.95,17853.25,50,17854.6,450,750,11067650
NIFTY-I.NFO,28/10/2022,09:34:06,17853.95,17852.1,50,17854.3,100,600,11067650
NIFTY-I.NFO,28/10/2022,09:34:06,17854.75,17852.5,50,17854.7,200,200,11067650
NIFTY-I.NFO,28/10/2022,09:34:08,17854.9,17852.75,50,17853,500,1200,11067650
NIFTY-I.NFO,28/10/2022,09:34:09,17854.75,17852.55,250,17854.95,50,650,11067650
NIFTY-I.NFO,28/10/2022,09:34:10,17853.1,17852.75,50,17855,3400,3100,11067650
NIFTY-I.NFO,28/10/2022,09:34:11,17852.8,17852,50,17852.8,200,750,11067650
NIFTY-I.NFO,28/10/2022,09:34:12,17853.75,17851.15,50,17853.75,150,750,11067650
NIFTY-I.NFO,28/10/2022,09:34:13,17854,17851.5,100,17854.35,150,600,11067650
NIFTY-I.NFO,28/10/2022,09:34:14,17854.8,17852.45,100,17855,3700,250,11067650
NIFTY-I.NFO,28/10/2022,09:34:15,17853,17852.95,250,17855,3700,1550,11067650
NIFTY-I.NFO,28/10/2022,09:34:16,17855,17854.7,50,17855,3450,900,11067650
NIFTY-I.NFO,28/10/2022,09:34:17,17854,17854.7,50,17855,2450,2150,11067650
NIFTY-I.NFO,28/10/2022,09:34:18,17855,17854.6,100,17855,950,1600,11067650
NIFTY-I.NFO,28/10/2022,09:34:18,17855,17854.45,50,17855,550,500,11067650
NIFTY-I.NFO,28/10/2022,09:34:20,17858,17858,150,17859.2,150,7650,11067650
NIFTY-I.NFO,28/10/2022,09:34:21,17859.4,17857.35,50,17859,50,950,11067650
NIFTY-I.NFO,28/10/2022,09:34:22,17858.1,17857.25,750,17859.95,500,1900,11067650
NIFTY-I.NFO,28/10/2022,09:34:23,17858.05,17858.05,50,17859.95,450,1700,11067650
NIFTY-I.NFO,28/10/2022,09:34:23,17857.85,17857.7,250,17859.95,400,200,11067650
NIFTY-I.NFO,28/10/2022,09:34:25,17860,17858.35,150,17860,5850,5700,11067650
NIFTY-I.NFO,28/10/2022,09:34:26,17858,17857.95,50,17860,5550,750,11067650
NIFTY-I.NFO,28/10/2022,09:34:27,17859.95,17859.8,100,17860,5100,750,11067650
NIFTY-I.NFO,28/10/2022,09:34:28,17859.45,17857,3400,17859.45,50,700,11067650
NIFTY-I.NFO,28/10/2022,09:34:28,17859.1,17857,50,17857.35,800,3500,11067650
NIFTY-I.NFO,28/10/2022,09:34:30,17859.95,17857.45,200,17859.95,200,1000,11067650
NIFTY-I.NFO,28/10/2022,09:34:31,17857.2,17856.4,50,17857.45,100,1900,11067650
NIFTY-I.NFO,28/10/2022,09:34:32,17859.1,17857.85,50,17859.25,250,550,11067650
NIFTY-I.NFO,28/10/2022,09:34:33,17857.95,17856.25,50,17858.35,200,650,11067650
NIFTY-I.NFO,28/10/2022,09:34:33,17856.15,17856.15,150,17857.85,50,100,11067650
NIFTY-I.NFO,28/10/2022,09:34:35,17858,17856.15,150,17858.4,100,750,11067650
NIFTY-I.NFO,28/10/2022,09:34:36,17858.25,17856.15,50,17857.7,100,500,11067650
NIFTY-I.NFO,28/10/2022,09:34:37,17857,17856,450,17857,1900,350,11067650
NIFTY-I.NFO,28/10/2022,09:34:38,17855.1,17855,250,17857,2100,650,11067650
NIFTY-I.NFO,28/10/2022,09:34:39,17854.8,17854.8,350,17857,400,3400,11067650
NIFTY-I.NFO,28/10/2022,09:34:40,17857,17856.55,50,17857.75,50,750,11067650
NIFTY-I.NFO,28/10/2022,09:34:41,17856.7,17856.6,50,17858,50,250,11067650
NIFTY-I.NFO,28/10/2022,09:34:41,17859.5,17857,50,17859.25,200,1150,11067650
NIFTY-I.NFO,28/10/2022,09:34:43,17856.2,17855.2,50,17856.55,1150,1150,11067650
NIFTY-I.NFO,28/10/2022,09:34:44,17856.55,17856.2,50,17856.55,800,1050,11067650
NIFTY-I.NFO,28/10/2022,09:34:45,17855.25,17856.7,50,17857,150,950,11067650
NIFTY-I.NFO,28/10/2022,09:34:46,17858.65,17856.5,200,17858.85,50,750,11067650
NIFTY-I.NFO,28/10/2022,09:34:46,17858.65,17856.55,50,17858.85,50,0,11067650
NIFTY-I.NFO,28/10/2022,09:34:48,17856.8,17856.55,50,17858.55,400,350,11067650
NIFTY-I.NFO,28/10/2022,09:34:49,17857.65,17856.05,50,17858.2,100,150,11067650
NIFTY-I.NFO,28/10/2022,09:34:50,17858.2,17856,1450,17858.2,400,600,11067650
NIFTY-I.NFO,28/10/2022,09:34:51,17857.7,17855.7,50,17856,50,1750,11067650
NIFTY-I.NFO,28/10/2022,09:34:51,17855.7,17855.2,100,17856,50,50,11067650
NIFTY-I.NFO,28/10/2022,09:34:52,17858.15,17855.6,200,17858.2,250,500,11067650
NIFTY-I.NFO,28/10/2022,09:34:54,17858.1,17855.6,50,17857.45,200,400,11067650
NIFTY-I.NFO,28/10/2022,09:34:55,17856,17855,150,17857.2,150,950,11067650
NIFTY-I.NFO,28/10/2022,09:34:56,17855.25,17855,100,17856,50,200,11067650
NIFTY-I.NFO,28/10/2022,09:34:57,17857.45,17854.8,150,17857.45,50,750,11067650
NIFTY-I.NFO,28/10/2022,09:34:57,17854.8,17854.3,50,17857.3,250,150,11067650
NIFTY-I.NFO,28/10/2022,09:34:59,17858,17857.2,400,17858,300,700,11067650
NIFTY-I.NFO,28/10/2022,09:35:00,17857.2,17856.7,450,17857.6,50,400,11067650
NIFTY-I.NFO,28/10/2022,09:35:01,17857,17856.2,50,17857,450,950,11067650
NIFTY-I.NFO,28/10/2022,09:35:02,17856.55,17856.55,450,17857,400,250,11067650
NIFTY-I.NFO,28/10/2022,09:35:02,17857,17856,100,17857,200,650,11067650
NIFTY-I.NFO,28/10/2022,09:35:03,17856.8,17855,150,17856.85,150,450,11067650
NIFTY-I.NFO,28/10/2022,09:35:05,17856.35,17854.25,50,17856.45,100,1100,11067650
NIFTY-I.NFO,28/10/2022,09:35:06,17855.55,17854.1,50,17855.55,50,350,11067650
NIFTY-I.NFO,28/10/2022,09:35:07,17854.25,17854.2,50,17854.25,450,400,11067650
NIFTY-I.NFO,28/10/2022,09:35:08,17855.65,17853,50,17854,300,900,11067650
NIFTY-I.NFO,28/10/2022,09:35:09,17854.25,17852.4,100,17854.95,250,600,11067650
NIFTY-I.NFO,28/10/2022,09:35:09,17852.4,17852.45,150,17854.45,50,250,11067650
NIFTY-I.NFO,28/10/2022,09:35:11,17854.1,17852.15,200,17854,250,200,11067650
NIFTY-I.NFO,28/10/2022,09:35:12,17854,17852.7,50,17854,200,350,11067650
NIFTY-I.NFO,28/10/2022,09:35:13,17852.1,17852,50,17854,150,650,11067650
NIFTY-I.NFO,28/10/2022,09:35:16,17853.4,17852.35,50,17854.2,50,950,11081000
NIFTY-I.NFO,28/10/2022,09:35:17,17854.45,17852.65,200,17855,50,300,11081000
NIFTY-I.NFO,28/10/2022,09:35:18,17852.8,17852.75,200,17855.7,200,950,11081000
NIFTY-I.NFO,28/10/2022,09:35:19,17852.75,17852.75,50,17855,100,300,11081000
NIFTY-I.NFO,28/10/2022,09:35:19,17852.8,17852.75,50,17855,100,150,11081000
NIFTY-I.NFO,28/10/2022,09:35:21,17855,17853.9,450,17855,50,350,11081000
NIFTY-I.NFO,28/10/2022,09:35:22,17853.3,17853.15,100,17855,50,750,11081000
NIFTY-I.NFO,28/10/2022,09:35:23,17855.75,17853.8,50,17855,50,350,11081000
NIFTY-I.NFO,28/10/2022,09:35:24,17854.35,17854.3,50,17855,650,250,11081000
NIFTY-I.NFO,28/10/2022,09:35:24,17855,17854.9,100,17856,250,700,11081000
NIFTY-I.NFO,28/10/2022,09:35:26,17855,17855.3,100,17856,250,200,11081000
NIFTY-I.NFO,28/10/2022,09:35:27,17854.4,17855.65,50,17856,150,350,11081000
NIFTY-I.NFO,28/10/2022,09:35:28,17857.15,17856,200,17857.7,50,950,11081000
NIFTY-I.NFO,28/10/2022,09:35:29,17857.7,17856.3,50,17857.9,100,400,11081000
NIFTY-I.NFO,28/10/2022,09:35:29,17855.5,17856,50,17857.9,100,200,11081000
NIFTY-I.NFO,28/10/2022,09:35:31,17856,17855.75,100,17857.9,100,650,11081000
NIFTY-I.NFO,28/10/2022,09:35:32,17855,17855.7,100,17857.9,100,1650,11081000
NIFTY-I.NFO,28/10/2022,09:35:33,17855,17855.7,50,17857.6,50,350,11081000
NIFTY-I.NFO,28/10/2022,09:35:34,17855.7,17855.45,100,17856.75,100,50,11081000
NIFTY-I.NFO,28/10/2022,09:35:34,17855.45,17855.3,50,17856.75,100,100,11081000
NIFTY-I.NFO,28/10/2022,09:35:35,17853.5,17855,50,17856,50,1550,11081000
NIFTY-I.NFO,28/10/2022,09:35:36,17856.7,17855,100,17857,50,550,11081000
NIFTY-I.NFO,28/10/2022,09:35:37,17856.75,17854.4,50,17855,50,600,11081000
NIFTY-I.NFO,28/10/2022,09:35:38,17855,17853.05,100,17855.3,50,200,11081000
NIFTY-I.NFO,28/10/2022,09:35:39,17852.8,17852.75,50,17855.35,100,350,11081000
NIFTY-I.NFO,28/10/2022,09:35:40,17854.05,17852.6,200,17854,50,150,11081000
NIFTY-I.NFO,28/10/2022,09:35:42,17852.2,17852.1,50,17854.05,100,600,11081000
NIFTY-I.NFO,28/10/2022,09:35:42,17854.2,17852.2,100,17854.2,200,200,11081000
NIFTY-I.NFO,28/10/2022,09:35:43,17852.2,17852.5,100,17854.6,100,100,11081000
NIFTY-I.NFO,28/10/2022,09:35:44,17854.55,17852.45,50,17854.5,150,300,11081000
NIFTY-I.NFO,28/10/2022,09:35:46,17852.6,17852,950,17852.6,400,900,11081000
NIFTY-I.NFO,28/10/2022,09:35:47,17852.2,17852.05,50,17854.05,50,1500,11081000
NIFTY-I.NFO,28/10/2022,09:35:48,17853.1,17852.35,200,17853.1,300,150,11081000
NIFTY-I.NFO,28/10/2022,09:35:49,17854.3,17852.15,50,17854.3,900,850,11081000
NIFTY-I.NFO,28/10/2022,09:35:50,17852.15,17852.4,100,17853.8,150,50,11081000
NIFTY-I.NFO,28/10/2022,09:35:50,17852.2,17852.1,100,17853.8,150,150,11081000
NIFTY-I.NFO,28/10/2022,09:35:51,17852.25,17852.15,100,17854,50,800,11081000
NIFTY-I.NFO,28/10/2022,09:35:52,17852.2,17852.2,200,17854.3,750,1200,11081000
NIFTY-I.NFO,28/10/2022,09:35:53,17853.8,17852.8,50,17854.3,750,300,11081000
NIFTY-I.NFO,28/10/2022,09:35:55,17852.85,17852.85,100,17854.3,750,350,11081000
NIFTY-I.NFO,28/10/2022,09:35:55,17852.85,17852.75,500,17854.3,200,3200,11081000
NIFTY-I.NFO,28/10/2022,09:35:56,17851.75,17852.5,50,17854.3,50,5750,11081000
NIFTY-I.NFO,28/10/2022,09:35:58,17854.2,17854.2,400,17855,1150,250,11081000
NIFTY-I.NFO,28/10/2022,09:35:59,17853.15,17853.25,550,17855,750,450,11081000
NIFTY-I.NFO,28/10/2022,09:36:00,17852.3,17852.15,50,17854.15,50,950,11081000
NIFTY-I.NFO,28/10/2022,09:36:01,17854.15,17851.95,50,17854.25,250,500,11081000
NIFTY-I.NFO,28/10/2022,09:36:02,17853.85,17851.85,150,17853.9,200,200,11081000
NIFTY-I.NFO,28/10/2022,09:36:03,17851.95,17851.5,50,17853.9,200,1150,11081000
NIFTY-I.NFO,28/10/2022,09:36:04,17852.75,17851,1000,17852.8,550,800,11081000
NIFTY-I.NFO,28/10/2022,09:36:05,17850.95,17850.95,50,17851.85,200,2500,11081000
NIFTY-I.NFO,28/10/2022,09:36:06,17850.85,17850.05,50,17850.85,50,200,11081000
NIFTY-I.NFO,28/10/2022,09:36:07,17850,17850,550,17850.9,350,350,11081000
NIFTY-I.NFO,28/10/2022,09:36:08,17849.95,17848.6,150,17850.45,100,1150,11081000
NIFTY-I.NFO,28/10/2022,09:36:09,17847.9,17847.95,100,17849.55,350,1250,11081000
NIFTY-I.NFO,28/10/2022,09:36:10,17848.75,17847.65,50,17848.75,350,150,11081000
NIFTY-I.NFO,28/10/2022,09:36:11,17846.75,17846.7,500,17848.5,150,600,11081000
NIFTY-I.NFO,28/10/2022,09:36:12,17849,17846.75,500,17849,2200,1300,11081000
NIFTY-I.NFO,28/10/2022,09:36:13,17847.15,17847.15,500,17849,2050,2000,11081000
NIFTY-I.NFO,28/10/2022,09:36:14,17847.1,17847.1,400,17848.1,900,1050,11081000
NIFTY-I.NFO,28/10/2022,09:36:15,17846.05,17846,150,17847.15,450,500,11081000
NIFTY-I.NFO,28/10/2022,09:36:15,17845.8,17845.6,500,17845.8,200,750,11081000
NIFTY-I.NFO,28/10/2022,09:36:17,17845.8,17845.85,50,17847,50,1500,11081000
NIFTY-I.NFO,28/10/2022,09:36:18,17845.85,17845.9,150,17847.1,50,450,11081000
NIFTY-I.NFO,28/10/2022,09:36:19,17847.9,17847.9,50,17848.05,50,1200,11081000
NIFTY-I.NFO,28/10/2022,09:36:20,17846.2,17846,150,17848,50,200,11081000
NIFTY-I.NFO,28/10/2022,09:36:21,17846.75,17845.85,250,17846.75,900,2850,11081000
NIFTY-I.NFO,28/10/2022,09:36:22,17846.75,17846.75,200,17847.9,500,1400,11081000
NIFTY-I.NFO,28/10/2022,09:36:23,17846.3,17845.8,500,17847.9,300,1500,11081000
NIFTY-I.NFO,28/10/2022,09:36:24,17846.1,17846.1,100,17847.9,250,600,11081000
NIFTY-I.NFO,28/10/2022,09:36:25,17847.8,17845.8,50,17845.85,50,200,11081000
NIFTY-I.NFO,28/10/2022,09:36:26,17847.7,17846.75,50,17847.9,250,500,11081000
NIFTY-I.NFO,28/10/2022,09:36:27,17847.35,17845,100,17847.35,250,2700,11081000
NIFTY-I.NFO,28/10/2022,09:36:28,17845.15,17845.15,100,17847.15,100,800,11081000
NIFTY-I.NFO,28/10/2022,09:36:29,17845.85,17845.85,450,17846,50,2000,11081000
NIFTY-I.NFO,28/10/2022,09:36:30,17847.9,17847.9,150,17848,100,950,11081000
NIFTY-I.NFO,28/10/2022,09:36:31,17845.15,17845.15,150,17848.4,450,1150,11081000
NIFTY-I.NFO,28/10/2022,09:36:32,17846.1,17846.1,50,17848.8,300,650,11081000
NIFTY-I.NFO,28/10/2022,09:36:33,17848.4,17845.65,200,17848.6,100,1500,11081000
NIFTY-I.NFO,28/10/2022,09:36:34,17845.65,17845.75,50,17847.9,50,1150,11081000
NIFTY-I.NFO,28/10/2022,09:36:35,17845.75,17845.45,100,17847.9,50,50,11081000
NIFTY-I.NFO,28/10/2022,09:36:36,17845.45,17845.2,50,17847.9,50,100,11081000
NIFTY-I.NFO,28/10/2022,09:36:37,17848,17845.8,50,17846.1,100,350,11081000
NIFTY-I.NFO,28/10/2022,09:36:38,17845.45,17845.55,250,17848.75,150,550,11081000
NIFTY-I.NFO,28/10/2022,09:36:39,17848.7,17846.15,100,17848.7,50,200,11081000
