Ticker,Date,Time,LTP,BuyPrice,BuyQty,SellPrice,SellQty,LTQ,OpenInterest
NIFTY03NOV2217900CE.NFO,28/10/2022,09:15:00,77,76.35,750,78.05,350,5050,2486250
NIFTY03NOV2217900CE.NFO,28/10/2022,09:15:00,77,76.35,750,78.05,350,0,2486250
NIFTY03NOV2217900CE.NFO,28/10/2022,09:15:00,78.05,76.35,750,78.05,350,0,2486250
NIFTY03NOV2217900CE.NFO,28/10/2022,09:15:00,75.1,76.35,750,78.05,350,0,2486250
NIFTY03NOV2217900CE.NFO,28/10/2022,09:15:01,81.3,80.55,500,81.25,100,6750,2486250
NIFTY03NOV2217900CE.NFO,28/10/2022,09:15:01,81.3,80.55,500,81.25,100,0,2486250
NIFTY03NOV2217900CE.NFO,28/10/2022,09:15:02,79.8,78.7,650,79.75,100,21800,2486250
NIFTY03NOV2217900CE.NFO,28/10/2022,09:15:04,75.5,75.5,150,75.85,200,24750,2486250
NIFTY03NOV2217900CE.NFO,28/10/2022,09:15:04,81.45,75.5,150,75.85,200,0,2486250
NIFTY03NOV2217900CE.NFO,28/10/2022,09:15:05,75.55,75.55,100,75.8,400,18950,2486250
NIFTY03NOV2217900CE.NFO,28/10/2022,09:15:05,75,75.55,100,75.8,400,0,2486250
NIFTY03NOV2217900CE.NFO,28/10/2022,09:15:06,76.3,76.25,150,76.75,450,24750,2486250
NIFTY03NOV2217900CE.NFO,28/10/2022,09:15:08,78.65,78.65,150,79.05,400,44750,2486250
NIFTY03NOV2217900CE.NFO,28/10/2022,09:15:08,73.6,78.65,150,79.05,400,0,2486250
NIFTY03NOV2217900CE.NFO,28/10/2022,09:15:09,81.65,81.4,150,81.7,400,14950,2486250
NIFTY03NOV2217900CE.NFO,28/10/2022,09:15:09,81.7,81.4,150,81.7,400,0,2486250
NIFTY03NOV2217900CE.NFO,28/10/2022,09:15:10,81.25,80.95,450,81.5,300,25550,2486250
NIFTY03NOV2217900CE.NFO,28/10/2022,09:15:10,82.4,80.95,450,81.5,300,0,2486250
NIFTY03NOV2217900CE.NFO,28/10/2022,09:15:11,81.3,80.85,400,81.3,200,28650,2486250
NIFTY03NOV2217900CE.NFO,28/10/2022,09:15:13,79.95,79.6,200,80,250,25200,2486250
NIFTY03NOV2217900CE.NFO,28/10/2022,09:15:13,82.5,79.6,200,80,250,0,2486250
NIFTY03NOV2217900CE.NFO,28/10/2022,09:15:14,78.75,78.4,250,78.75,200,28000,2486250
NIFTY03NOV2217900CE.NFO,28/10/2022,09:15:15,79.15,79.2,50,79.45,200,12950,2486250
NIFTY03NOV2217900CE.NFO,28/10/2022,09:15:16,80.5,80.3,250,80.55,100,28250,2486250
NIFTY03NOV2217900CE.NFO,28/10/2022,09:15:17,81.15,81,550,81.35,150,28800,2486250
NIFTY03NOV2217900CE.NFO,28/10/2022,09:15:19,80.2,80.1,500,80.65,150,26600,2486250
NIFTY03NOV2217900CE.NFO,28/10/2022,09:15:20,76.6,76.55,1100,76.6,350,37100,2486250
NIFTY03NOV2217900CE.NFO,28/10/2022,09:15:21,75.7,75.65,100,75.9,150,13800,2486250
NIFTY03NOV2217900CE.NFO,28/10/2022,09:15:22,77.85,77.85,100,77.95,250,33300,2486250
NIFTY03NOV2217900CE.NFO,28/10/2022,09:15:24,78.2,78.05,600,78.25,450,27800,2486250
NIFTY03NOV2217900CE.NFO,28/10/2022,09:15:25,79.9,79.75,100,80,1200,23350,2486250
NIFTY03NOV2217900CE.NFO,28/10/2022,09:15:26,82,82.1,50,82.25,100,22950,2486250
NIFTY03NOV2217900CE.NFO,28/10/2022,09:15:27,80.5,80.3,50,80.5,50,26800,2486250
NIFTY03NOV2217900CE.NFO,28/10/2022,09:15:28,81.45,81.3,350,81.5,450,29650,2486250
NIFTY03NOV2217900CE.NFO,28/10/2022,09:15:29,81.45,81.45,250,81.7,100,27300,2486250
NIFTY03NOV2217900CE.NFO,28/10/2022,09:15:30,81.2,80.9,50,81.2,50,7150,2486250
NIFTY03NOV2217900CE.NFO,28/10/2022,09:15:31,78.3,78.35,50,78.4,100,20600,2486250
NIFTY03NOV2217900CE.NFO,28/10/2022,09:15:32,77.9,77.95,50,78.2,200,10850,2486250
NIFTY03NOV2217900CE.NFO,28/10/2022,09:15:33,78.35,78.35,250,78.7,250,7250,2486250
NIFTY03NOV2217900CE.NFO,28/10/2022,09:15:34,78.6,78.35,750,78.6,650,4750,2486250
NIFTY03NOV2217900CE.NFO,28/10/2022,09:15:36,77.35,76.95,350,77.35,100,7150,2486250
NIFTY03NOV2217900CE.NFO,28/10/2022,09:15:37,78.05,78,100,78.25,100,16500,2486250
NIFTY03NOV2217900CE.NFO,28/10/2022,09:15:38,78.1,78.1,100,78.5,250,9500,2486250
NIFTY03NOV2217900CE.NFO,28/10/2022,09:15:39,78.5,78.15,50,78.55,350,6950,2486250
NIFTY03NOV2217900CE.NFO,28/10/2022,09:15:40,78,77.8,100,78,16550,7850,2486250
NIFTY03NOV2217900CE.NFO,28/10/2022,09:15:41,77.75,77.65,350,77.85,50,12000,2486250
NIFTY03NOV2217900CE.NFO,28/10/2022,09:15:42,77.95,77.7,50,77.95,50,11750,2486250
NIFTY03NOV2217900CE.NFO,28/10/2022,09:15:44,77.55,77.35,100,77.6,1100,9850,2486250
NIFTY03NOV2217900CE.NFO,28/10/2022,09:15:45,76.5,76.6,350,76.9,200,5800,2486250
NIFTY03NOV2217900CE.NFO,28/10/2022,09:15:46,76.6,76.55,650,76.9,200,7800,2486250
NIFTY03NOV2217900CE.NFO,28/10/2022,09:15:47,75.9,75.8,100,75.9,150,9500,2486250
NIFTY03NOV2217900CE.NFO,28/10/2022,09:15:48,77.15,76.95,200,77.2,550,11950,2486250
NIFTY03NOV2217900CE.NFO,28/10/2022,09:15:49,77.6,77.55,150,77.8,50,16700,2486250
NIFTY03NOV2217900CE.NFO,28/10/2022,09:15:50,76.9,76.65,150,76.95,250,21300,2486250
NIFTY03NOV2217900CE.NFO,28/10/2022,09:15:51,77.9,77.95,200,78.1,100,7550,2486250
NIFTY03NOV2217900CE.NFO,28/10/2022,09:15:52,78.05,78,100,78.3,250,12300,2486250
NIFTY03NOV2217900CE.NFO,28/10/2022,09:15:53,77.9,77.55,150,77.85,600,11350,2486250
NIFTY03NOV2217900CE.NFO,28/10/2022,09:15:55,77.75,77.55,50,77.75,100,6300,2486250
NIFTY03NOV2217900CE.NFO,28/10/2022,09:15:56,78.05,77.95,300,78.25,200,9950,2486250
NIFTY03NOV2217900CE.NFO,28/10/2022,09:15:57,78.25,78,250,78.15,200,3800,2486250
NIFTY03NOV2217900CE.NFO,28/10/2022,09:15:58,78.55,78.55,150,78.75,100,5750,2486250
NIFTY03NOV2217900CE.NFO,28/10/2022,09:15:59,80.05,80,1800,80.2,200,22250,2486250
NIFTY03NOV2217900CE.NFO,28/10/2022,09:16:00,79.95,79.8,250,80,1450,14350,2486250
NIFTY03NOV2217900CE.NFO,28/10/2022,09:16:01,79.2,79.05,50,79.2,950,38250,2486250
NIFTY03NOV2217900CE.NFO,28/10/2022,09:16:02,79.05,79.05,100,79.2,100,16450,2486250
NIFTY03NOV2217900CE.NFO,28/10/2022,09:16:03,80.6,80.6,200,80.7,50,9150,2486250
NIFTY03NOV2217900CE.NFO,28/10/2022,09:16:04,80.5,80.55,150,80.7,350,6400,2486250
NIFTY03NOV2217900CE.NFO,28/10/2022,09:16:05,81.1,81.1,250,81.25,350,13750,2486250
NIFTY03NOV2217900CE.NFO,28/10/2022,09:16:07,81.55,81.5,450,81.55,700,10950,2486250
NIFTY03NOV2217900CE.NFO,28/10/2022,09:16:08,82.85,82.85,150,82.9,350,20650,2486250
NIFTY03NOV2217900CE.NFO,28/10/2022,09:16:08,83,82.85,150,82.9,350,0,2486250
NIFTY03NOV2217900CE.NFO,28/10/2022,09:16:09,82.65,82.65,400,82.8,400,33150,2486250
NIFTY03NOV2217900CE.NFO,28/10/2022,09:16:09,83.35,82.65,400,82.8,400,0,2486250
NIFTY03NOV2217900CE.NFO,28/10/2022,09:16:10,83.4,83.2,500,83.35,150,14650,2486250
NIFTY03NOV2217900CE.NFO,28/10/2022,09:16:10,83.55,83.2,500,83.35,150,0,2486250
NIFTY03NOV2217900CE.NFO,28/10/2022,09:16:12,82.7,82.7,100,82.8,300,15100,2486250
NIFTY03NOV2217900CE.NFO,28/10/2022,09:16:12,84,82.7,100,82.8,300,0,2486250
NIFTY03NOV2217900CE.NFO,28/10/2022,09:16:13,82.9,82.85,100,82.95,150,22150,2486250
NIFTY03NOV2217900CE.NFO,28/10/2022,09:16:14,82.85,82.85,500,83,350,9300,2486250
NIFTY03NOV2217900CE.NFO,28/10/2022,09:16:15,82.85,82.7,250,82.85,50,13800,2486250
NIFTY03NOV2217900CE.NFO,28/10/2022,09:16:16,84.25,84.15,50,84.25,50,13000,2486250
NIFTY03NOV2217900CE.NFO,28/10/2022,09:16:16,84.4,84.15,50,84.25,50,0,2486250
NIFTY03NOV2217900CE.NFO,28/10/2022,09:16:18,84.6,84.45,150,84.6,2250,12400,2486250
NIFTY03NOV2217900CE.NFO,28/10/2022,09:16:18,84.6,84.45,150,84.6,2250,0,2486250
NIFTY03NOV2217900CE.NFO,28/10/2022,09:16:19,84.65,84.65,150,84.8,50,11600,2486250
NIFTY03NOV2217900CE.NFO,28/10/2022,09:16:19,84.95,84.65,150,84.8,50,0,2486250
NIFTY03NOV2217900CE.NFO,28/10/2022,09:16:20,84.65,84.5,150,84.7,200,12800,2486250
NIFTY03NOV2217900CE.NFO,28/10/2022,09:16:20,85,84.5,150,84.7,200,0,2486250
NIFTY03NOV2217900CE.NFO,28/10/2022,09:16:21,84.25,84.25,150,84.4,100,8500,2486250
NIFTY03NOV2217900CE.NFO,28/10/2022,09:16:23,84.3,84.1,200,84.25,350,23950,2486250
NIFTY03NOV2217900CE.NFO,28/10/2022,09:16:24,83.55,83.55,650,83.8,350,11950,2486250
NIFTY03NOV2217900CE.NFO,28/10/2022,09:16:25,84,83.95,200,84.15,50,9900,2486250
NIFTY03NOV2217900CE.NFO,28/10/2022,09:16:26,82.5,82.5,50,82.7,150,15900,2486250
NIFTY03NOV2217900CE.NFO,28/10/2022,09:16:27,83.55,83.3,250,83.5,150,7000,2486250
NIFTY03NOV2217900CE.NFO,28/10/2022,09:16:28,83.3,83,750,83.2,150,4650,2486250
NIFTY03NOV2217900CE.NFO,28/10/2022,09:16:29,83.5,83.3,100,83.45,150,12650,2486250
NIFTY03NOV2217900CE.NFO,28/10/2022,09:16:30,82.95,82.85,100,83,250,3100,2486250
NIFTY03NOV2217900CE.NFO,28/10/2022,09:16:31,83.35,82.95,150,83.15,300,3050,2486250
NIFTY03NOV2217900CE.NFO,28/10/2022,09:16:32,83.25,83,150,83.2,600,8450,2486250
NIFTY03NOV2217900CE.NFO,28/10/2022,09:16:33,83.35,83.2,150,83.4,800,3600,2486250
NIFTY03NOV2217900CE.NFO,28/10/2022,09:16:34,83.7,83.6,50,83.75,150,4200,2486250
NIFTY03NOV2217900CE.NFO,28/10/2022,09:16:36,83.55,83.5,150,83.65,100,7850,2486250
NIFTY03NOV2217900CE.NFO,28/10/2022,09:16:37,83.6,83.65,100,83.8,50,4350,2486250
NIFTY03NOV2217900CE.NFO,28/10/2022,09:16:38,84.15,84.1,150,84.25,1550,9350,2486250
NIFTY03NOV2217900CE.NFO,28/10/2022,09:16:39,84.15,84.05,150,84.2,250,6150,2486250
NIFTY03NOV2217900CE.NFO,28/10/2022,09:16:40,84.15,84.1,50,84.3,500,8050,2486250
NIFTY03NOV2217900CE.NFO,28/10/2022,09:16:41,83.3,83.25,150,83.35,100,7550,2486250
NIFTY03NOV2217900CE.NFO,28/10/2022,09:16:42,81.65,81.7,400,81.9,150,17450,2486250
NIFTY03NOV2217900CE.NFO,28/10/2022,09:16:43,82.25,82.25,550,82.45,150,13100,2486250
NIFTY03NOV2217900CE.NFO,28/10/2022,09:16:44,82.3,82.3,750,82.6,350,7700,2486250
NIFTY03NOV2217900CE.NFO,28/10/2022,09:16:45,82.1,82,150,82.1,150,5650,2486250
NIFTY03NOV2217900CE.NFO,28/10/2022,09:16:46,82.35,82.2,1500,82.35,150,6300,2486250
NIFTY03NOV2217900CE.NFO,28/10/2022,09:16:47,83.4,83.25,350,83.4,100,5000,2486250
NIFTY03NOV2217900CE.NFO,28/10/2022,09:16:48,83.45,83.45,50,83.6,50,4150,2486250
NIFTY03NOV2217900CE.NFO,28/10/2022,09:16:49,83.9,83.9,100,84.05,200,11950,2486250
NIFTY03NOV2217900CE.NFO,28/10/2022,09:16:51,84.3,84.35,50,84.55,350,15500,2486250
NIFTY03NOV2217900CE.NFO,28/10/2022,09:16:52,83.7,83.55,100,83.7,700,9700,2486250
NIFTY03NOV2217900CE.NFO,28/10/2022,09:16:53,84.1,83.7,200,83.9,150,5050,2486250
NIFTY03NOV2217900CE.NFO,28/10/2022,09:16:54,84,83.95,300,84,400,3900,2486250
NIFTY03NOV2217900CE.NFO,28/10/2022,09:16:55,84.15,84.1,200,84.25,750,4550,2486250
NIFTY03NOV2217900CE.NFO,28/10/2022,09:16:56,84.4,84.15,150,84.35,100,6550,2486250
NIFTY03NOV2217900CE.NFO,28/10/2022,09:16:57,84.4,84.25,250,84.4,150,6100,2486250
NIFTY03NOV2217900CE.NFO,28/10/2022,09:16:58,84.3,84.4,50,84.5,150,4050,2486250
NIFTY03NOV2217900CE.NFO,28/10/2022,09:17:00,84.3,84.2,100,84.4,150,11000,2486250
NIFTY03NOV2217900CE.NFO,28/10/2022,09:17:01,84.2,84.25,200,84.35,50,5550,2486250
NIFTY03NOV2217900CE.NFO,28/10/2022,09:17:02,84.4,84.3,100,84.4,1400,8000,2486250
NIFTY03NOV2217900CE.NFO,28/10/2022,09:17:03,84.5,84.5,350,84.65,150,6200,2486250
NIFTY03NOV2217900CE.NFO,28/10/2022,09:17:04,82.75,82.6,200,82.75,50,17900,2486250
NIFTY03NOV2217900CE.NFO,28/10/2022,09:17:06,83.5,83.35,50,83.5,100,9750,2486250
NIFTY03NOV2217900CE.NFO,28/10/2022,09:17:07,83.55,83.4,100,83.55,150,9400,2486250
NIFTY03NOV2217900CE.NFO,28/10/2022,09:17:08,83.75,83.5,100,83.65,150,3250,2486250
NIFTY03NOV2217900CE.NFO,28/10/2022,09:17:09,83,83.05,100,83.2,150,7200,2680900
NIFTY03NOV2217900CE.NFO,28/10/2022,09:17:10,82.95,82.9,50,83.05,150,6150,2680900
NIFTY03NOV2217900CE.NFO,28/10/2022,09:17:12,83.5,83.3,1050,83.5,150,5250,2680900
NIFTY03NOV2217900CE.NFO,28/10/2022,09:17:13,83.4,83.4,50,83.5,50,5450,2680900
NIFTY03NOV2217900CE.NFO,28/10/2022,09:17:14,83.3,83.35,150,83.5,150,2400,2680900
NIFTY03NOV2217900CE.NFO,28/10/2022,09:17:15,83,83,2350,83.15,100,4300,2680900
NIFTY03NOV2217900CE.NFO,28/10/2022,09:17:16,82.25,82.15,100,82.3,250,8350,2680900
NIFTY03NOV2217900CE.NFO,28/10/2022,09:17:17,82,82,4850,82.15,50,5550,2680900
NIFTY03NOV2217900CE.NFO,28/10/2022,09:17:18,82.45,82.45,400,82.65,100,4150,2680900
NIFTY03NOV2217900CE.NFO,28/10/2022,09:17:19,82,82.1,200,82.2,150,7200,2680900
NIFTY03NOV2217900CE.NFO,28/10/2022,09:17:21,82.45,82.35,250,82.5,100,6850,2680900
NIFTY03NOV2217900CE.NFO,28/10/2022,09:17:22,81.8,81.5,100,81.65,250,2200,2680900
NIFTY03NOV2217900CE.NFO,28/10/2022,09:17:23,81.8,81.6,100,81.8,300,3950,2680900
NIFTY03NOV2217900CE.NFO,28/10/2022,09:17:24,81.35,81.4,150,81.5,100,2800,2680900
NIFTY03NOV2217900CE.NFO,28/10/2022,09:17:25,81.75,81.6,200,81.8,800,5950,2680900
NIFTY03NOV2217900CE.NFO,28/10/2022,09:17:26,81.05,80.95,50,81.1,100,7900,2680900
NIFTY03NOV2217900CE.NFO,28/10/2022,09:17:27,81.45,81.4,200,81.6,150,6900,2680900
NIFTY03NOV2217900CE.NFO,28/10/2022,09:17:28,82.65,82.5,100,82.65,500,7650,2680900
NIFTY03NOV2217900CE.NFO,28/10/2022,09:17:29,82.9,82.75,150,82.9,1000,11000,2680900
NIFTY03NOV2217900CE.NFO,28/10/2022,09:17:30,83.45,83.45,50,83.6,200,16000,2680900
NIFTY03NOV2217900CE.NFO,28/10/2022,09:17:31,82.35,82.15,150,82.3,100,7550,2680900
NIFTY03NOV2217900CE.NFO,28/10/2022,09:17:32,82.25,82.2,650,82.35,50,11550,2680900
NIFTY03NOV2217900CE.NFO,28/10/2022,09:17:33,81.6,81.4,150,81.6,1700,9600,2680900
NIFTY03NOV2217900CE.NFO,28/10/2022,09:17:34,81.65,81.4,100,81.55,150,2950,2680900
NIFTY03NOV2217900CE.NFO,28/10/2022,09:17:36,81.55,81.3,50,81.45,200,8250,2680900
NIFTY03NOV2217900CE.NFO,28/10/2022,09:17:37,81.3,81.1,50,81.25,50,12050,2680900
NIFTY03NOV2217900CE.NFO,28/10/2022,09:17:38,81.5,81.35,100,81.45,50,7300,2680900
NIFTY03NOV2217900CE.NFO,28/10/2022,09:17:39,81.2,81.05,300,81.25,200,9000,2680900
NIFTY03NOV2217900CE.NFO,28/10/2022,09:17:40,81.05,81,50,81.15,150,6100,2680900
NIFTY03NOV2217900CE.NFO,28/10/2022,09:17:41,81.55,81.5,250,81.65,250,3700,2680900
NIFTY03NOV2217900CE.NFO,28/10/2022,09:17:42,81.7,81.5,150,81.65,800,8300,2680900
NIFTY03NOV2217900CE.NFO,28/10/2022,09:17:43,81.8,81.45,200,81.65,700,6300,2680900
NIFTY03NOV2217900CE.NFO,28/10/2022,09:17:44,82.6,82.6,350,82.8,250,6000,2680900
NIFTY03NOV2217900CE.NFO,28/10/2022,09:17:45,82.5,82.5,800,82.6,150,10050,2680900
NIFTY03NOV2217900CE.NFO,28/10/2022,09:17:46,81.35,81.4,150,81.6,700,10700,2680900
NIFTY03NOV2217900CE.NFO,28/10/2022,09:17:47,81.8,81.65,300,81.8,150,6900,2680900
NIFTY03NOV2217900CE.NFO,28/10/2022,09:17:48,80.65,80.7,200,80.8,50,13850,2680900
NIFTY03NOV2217900CE.NFO,28/10/2022,09:17:49,80.25,80.2,150,80.4,150,8600,2680900
NIFTY03NOV2217900CE.NFO,28/10/2022,09:17:50,80.35,80.2,250,80.35,100,12150,2680900
NIFTY03NOV2217900CE.NFO,28/10/2022,09:17:51,80,79.8,100,79.9,100,17900,2680900
NIFTY03NOV2217900CE.NFO,28/10/2022,09:17:52,79.15,79.05,50,79.2,200,13400,2680900
NIFTY03NOV2217900CE.NFO,28/10/2022,09:17:53,78.9,78.95,100,79.15,550,8500,2680900
NIFTY03NOV2217900CE.NFO,28/10/2022,09:17:54,79.25,79.35,150,79.5,450,8050,2680900
NIFTY03NOV2217900CE.NFO,28/10/2022,09:17:56,79.55,79.35,100,79.5,200,11250,2680900
NIFTY03NOV2217900CE.NFO,28/10/2022,09:17:57,80.4,80.25,150,80.4,100,6800,2680900
NIFTY03NOV2217900CE.NFO,28/10/2022,09:17:58,80.7,80.65,100,80.8,50,8900,2680900
NIFTY03NOV2217900CE.NFO,28/10/2022,09:17:59,80.35,80.4,100,80.55,50,8750,2680900
NIFTY03NOV2217900CE.NFO,28/10/2022,09:18:00,79.6,79.4,600,79.6,100,10550,2680900
NIFTY03NOV2217900CE.NFO,28/10/2022,09:18:01,79.4,79.35,150,79.55,2550,11150,2680900
NIFTY03NOV2217900CE.NFO,28/10/2022,09:18:02,79.75,79.7,350,79.9,100,10200,2680900
NIFTY03NOV2217900CE.NFO,28/10/2022,09:18:03,78.65,78.5,200,78.65,50,11150,2680900
NIFTY03NOV2217900CE.NFO,28/10/2022,09:18:04,80,79.95,50,80,350,7650,2680900
NIFTY03NOV2217900CE.NFO,28/10/2022,09:18:06,79.95,79.8,300,79.95,50,10300,2680900
NIFTY03NOV2217900CE.NFO,28/10/2022,09:18:07,79.85,79.7,800,79.9,150,7200,2680900
NIFTY03NOV2217900CE.NFO,28/10/2022,09:18:08,79.5,79.45,500,79.65,50,14350,2680900
NIFTY03NOV2217900CE.NFO,28/10/2022,09:18:09,79.6,79.6,250,79.8,900,11150,2680900
NIFTY03NOV2217900CE.NFO,28/10/2022,09:18:10,79.8,79.7,100,79.8,50,15700,2680900
NIFTY03NOV2217900CE.NFO,28/10/2022,09:18:11,79.4,79.25,300,79.45,550,6200,2680900
NIFTY03NOV2217900CE.NFO,28/10/2022,09:18:12,78.85,78.7,250,78.85,50,5350,2680900
NIFTY03NOV2217900CE.NFO,28/10/2022,09:18:13,79.25,79.15,350,79.35,250,5700,2680900
NIFTY03NOV2217900CE.NFO,28/10/2022,09:18:14,78.85,78.65,150,78.8,350,2750,2680900
NIFTY03NOV2217900CE.NFO,28/10/2022,09:18:15,78.2,78.2,100,78.35,550,6050,2680900
NIFTY03NOV2217900CE.NFO,28/10/2022,09:18:17,78.6,78.75,100,78.85,200,5950,2680900
NIFTY03NOV2217900CE.NFO,28/10/2022,09:18:18,79,78.85,50,79,300,3650,2680900
NIFTY03NOV2217900CE.NFO,28/10/2022,09:18:19,78.55,78.75,1150,78.8,100,5500,2680900
NIFTY03NOV2217900CE.NFO,28/10/2022,09:18:20,79.05,79,350,79.15,50,4300,2680900
NIFTY03NOV2217900CE.NFO,28/10/2022,09:18:21,79.7,79.7,150,79.85,300,6600,2680900
NIFTY03NOV2217900CE.NFO,28/10/2022,09:18:22,80.05,79.85,250,80.05,1250,5900,2680900
NIFTY03NOV2217900CE.NFO,28/10/2022,09:18:23,80.5,80.45,450,80.5,300,11050,2680900
NIFTY03NOV2217900CE.NFO,28/10/2022,09:18:24,80.55,80.55,150,80.75,250,7250,2680900
NIFTY03NOV2217900CE.NFO,28/10/2022,09:18:25,81,80.9,450,81,800,5150,2680900
NIFTY03NOV2217900CE.NFO,28/10/2022,09:18:26,80.65,80.55,1200,80.7,1850,6400,2680900
NIFTY03NOV2217900CE.NFO,28/10/2022,09:18:27,81.35,81.2,350,81.35,100,7950,2680900
NIFTY03NOV2217900CE.NFO,28/10/2022,09:18:28,81,81,700,81.2,300,6950,2680900
NIFTY03NOV2217900CE.NFO,28/10/2022,09:18:30,80.85,80.85,50,81,400,9250,2680900
NIFTY03NOV2217900CE.NFO,28/10/2022,09:18:31,81.05,80.9,150,81.05,200,11150,2680900
NIFTY03NOV2217900CE.NFO,28/10/2022,09:18:32,81.25,81.3,200,81.45,300,6350,2680900
NIFTY03NOV2217900CE.NFO,28/10/2022,09:18:33,81.7,81.75,150,81.9,200,5850,2680900
NIFTY03NOV2217900CE.NFO,28/10/2022,09:18:34,82,82.05,50,82.2,150,10100,2680900
NIFTY03NOV2217900CE.NFO,28/10/2022,09:18:35,82.2,82,300,82.2,50,6850,2680900
NIFTY03NOV2217900CE.NFO,28/10/2022,09:18:36,82.5,82,150,82.1,100,6350,2680900
NIFTY03NOV2217900CE.NFO,28/10/2022,09:18:37,81.95,81.8,50,81.9,100,4400,2680900
NIFTY03NOV2217900CE.NFO,28/10/2022,09:18:38,82.25,82.05,250,82.25,150,9100,2680900
NIFTY03NOV2217900CE.NFO,28/10/2022,09:18:39,82.4,82.35,400,82.5,50,9800,2680900
NIFTY03NOV2217900CE.NFO,28/10/2022,09:18:41,82.95,82.75,400,82.95,300,13200,2680900
NIFTY03NOV2217900CE.NFO,28/10/2022,09:18:42,82.55,82.4,150,82.55,100,8900,2680900
NIFTY03NOV2217900CE.NFO,28/10/2022,09:18:43,82.9,82.75,250,82.9,250,4050,2680900
NIFTY03NOV2217900CE.NFO,28/10/2022,09:18:44,83,82.85,50,82.95,150,2600,2680900
NIFTY03NOV2217900CE.NFO,28/10/2022,09:18:46,83.5,83.35,100,83.5,600,6100,2680900
NIFTY03NOV2217900CE.NFO,28/10/2022,09:18:47,83.45,83.45,350,83.55,50,9750,2680900
NIFTY03NOV2217900CE.NFO,28/10/2022,09:18:48,83.5,83.55,150,83.65,350,5150,2680900
NIFTY03NOV2217900CE.NFO,28/10/2022,09:18:49,83.9,83.65,50,83.8,250,7650,2680900
NIFTY03NOV2217900CE.NFO,28/10/2022,09:18:51,83.85,83.8,50,83.85,100,10500,2680900
NIFTY03NOV2217900CE.NFO,28/10/2022,09:18:52,84.15,84.15,300,84.25,50,16800,2680900
NIFTY03NOV2217900CE.NFO,28/10/2022,09:18:54,84.4,84.15,100,84.3,250,15700,2680900
NIFTY03NOV2217900CE.NFO,28/10/2022,09:18:55,84.75,84.6,50,84.65,300,42050,2680900
NIFTY03NOV2217900CE.NFO,28/10/2022,09:18:55,85.45,84.6,50,84.65,300,0,2680900
NIFTY03NOV2217900CE.NFO,28/10/2022,09:18:57,84.6,84.8,300,85,650,22800,2680900
NIFTY03NOV2217900CE.NFO,28/10/2022,09:18:58,83.35,83.4,200,83.5,50,23250,2680900
NIFTY03NOV2217900CE.NFO,28/10/2022,09:19:00,84.75,84.7,50,84.8,550,19350,2680900
NIFTY03NOV2217900CE.NFO,28/10/2022,09:19:01,84,83.95,150,84.1,250,14400,2680900
NIFTY03NOV2217900CE.NFO,28/10/2022,09:19:03,85,85.1,50,85.2,550,11600,2680900
NIFTY03NOV2217900CE.NFO,28/10/2022,09:19:04,85.55,85.6,50,85.7,50,22000,2680900
NIFTY03NOV2217900CE.NFO,28/10/2022,09:19:04,86.05,85.6,50,85.7,50,0,2680900
NIFTY03NOV2217900CE.NFO,28/10/2022,09:19:06,85.2,85.3,50,85.45,300,16750,2680900
NIFTY03NOV2217900CE.NFO,28/10/2022,09:19:07,86,86,550,86.2,250,20550,2680900
NIFTY03NOV2217900CE.NFO,28/10/2022,09:19:07,86.2,86,550,86.2,250,0,2680900
NIFTY03NOV2217900CE.NFO,28/10/2022,09:19:09,85.5,85.4,300,85.6,1450,17600,2680900
NIFTY03NOV2217900CE.NFO,28/10/2022,09:19:09,86.75,85.4,300,85.6,1450,0,2680900
NIFTY03NOV2217900CE.NFO,28/10/2022,09:19:11,83.5,83.5,450,83.55,150,29900,2680900
NIFTY03NOV2217900CE.NFO,28/10/2022,09:19:12,84.45,84.5,200,84.65,650,11600,2680900
NIFTY03NOV2217900CE.NFO,28/10/2022,09:19:13,83.9,83.85,400,84.05,600,7950,2680900
NIFTY03NOV2217900CE.NFO,28/10/2022,09:19:15,83.75,83.55,250,83.7,350,12800,2680900
NIFTY03NOV2217900CE.NFO,28/10/2022,09:19:16,83.6,83.6,350,83.8,350,23350,2680900
NIFTY03NOV2217900CE.NFO,28/10/2022,09:19:17,83.7,83.65,350,83.8,100,7050,2680900
NIFTY03NOV2217900CE.NFO,28/10/2022,09:19:18,83.95,83.8,800,84,100,7400,2680900
NIFTY03NOV2217900CE.NFO,28/10/2022,09:19:19,84.1,83.9,300,84.1,600,7250,2680900
NIFTY03NOV2217900CE.NFO,28/10/2022,09:19:21,83.9,83.95,50,84.1,150,9500,2680900
NIFTY03NOV2217900CE.NFO,28/10/2022,09:19:22,84.5,84.35,350,84.5,950,4050,2680900
NIFTY03NOV2217900CE.NFO,28/10/2022,09:19:23,84.65,84.65,50,84.85,550,16350,2680900
NIFTY03NOV2217900CE.NFO,28/10/2022,09:19:24,85,85.05,50,85.1,50,6600,2680900
NIFTY03NOV2217900CE.NFO,28/10/2022,09:19:26,85.05,85,50,85.1,100,31900,2680900
NIFTY03NOV2217900CE.NFO,28/10/2022,09:19:27,85.05,85,550,85.2,100,4950,2680900
NIFTY03NOV2217900CE.NFO,28/10/2022,09:19:29,83.65,83.6,350,83.8,400,19700,2680900
NIFTY03NOV2217900CE.NFO,28/10/2022,09:19:30,83.5,83.25,300,83.45,250,5800,2680900
NIFTY03NOV2217900CE.NFO,28/10/2022,09:19:31,83.2,83.2,50,83.3,50,9150,2680900
NIFTY03NOV2217900CE.NFO,28/10/2022,09:19:32,82.55,82.5,800,82.7,850,7300,2680900
NIFTY03NOV2217900CE.NFO,28/10/2022,09:19:34,83.2,83.05,350,83.2,100,3800,2680900
NIFTY03NOV2217900CE.NFO,28/10/2022,09:19:35,83,82.95,300,83.1,100,9300,2680900
NIFTY03NOV2217900CE.NFO,28/10/2022,09:19:36,82.95,82.8,550,82.95,50,5000,2680900
NIFTY03NOV2217900CE.NFO,28/10/2022,09:19:37,82.9,82.95,600,83.1,50,1500,2680900
NIFTY03NOV2217900CE.NFO,28/10/2022,09:19:38,82.95,82.75,250,82.95,150,5400,2680900
NIFTY03NOV2217900CE.NFO,28/10/2022,09:19:39,83,82.95,400,83.15,350,7300,2680900
NIFTY03NOV2217900CE.NFO,28/10/2022,09:19:40,82.4,82.4,300,82.55,350,3250,2680900
NIFTY03NOV2217900CE.NFO,28/10/2022,09:19:41,82.5,82.3,300,82.5,1650,4650,2680900
NIFTY03NOV2217900CE.NFO,28/10/2022,09:19:42,82.8,82.7,50,82.8,100,4050,2680900
NIFTY03NOV2217900CE.NFO,28/10/2022,09:19:43,82.75,82.8,100,82.95,50,7200,2680900
NIFTY03NOV2217900CE.NFO,28/10/2022,09:19:44,82.95,82.85,50,82.95,100,6950,2680900
NIFTY03NOV2217900CE.NFO,28/10/2022,09:19:45,83.4,83.2,50,83.35,50,3750,2680900
NIFTY03NOV2217900CE.NFO,28/10/2022,09:19:47,83.55,83.35,850,83.5,50,15000,2680900
NIFTY03NOV2217900CE.NFO,28/10/2022,09:19:48,82.8,82.8,50,82.9,250,6650,2680900
NIFTY03NOV2217900CE.NFO,28/10/2022,09:19:49,83.7,83.6,100,83.7,300,5400,2680900
NIFTY03NOV2217900CE.NFO,28/10/2022,09:19:50,83.45,83.45,300,83.6,100,4200,2680900
NIFTY03NOV2217900CE.NFO,28/10/2022,09:19:51,84.6,84.45,100,84.6,500,5050,2680900
NIFTY03NOV2217900CE.NFO,28/10/2022,09:19:52,84.5,84.3,550,84.5,2300,3850,2680900
NIFTY03NOV2217900CE.NFO,28/10/2022,09:19:54,84.6,84.55,50,84.6,300,4850,2680900
NIFTY03NOV2217900CE.NFO,28/10/2022,09:19:55,84.8,84.6,50,84.75,300,7850,2680900
NIFTY03NOV2217900CE.NFO,28/10/2022,09:19:56,84.65,84.5,50,84.65,50,4350,2680900
NIFTY03NOV2217900CE.NFO,28/10/2022,09:19:57,84,83.85,100,84,3700,4550,2680900
NIFTY03NOV2217900CE.NFO,28/10/2022,09:19:58,83.9,83.7,100,83.85,300,3950,2680900
NIFTY03NOV2217900CE.NFO,28/10/2022,09:19:59,84,83.85,800,84.05,250,9750,2680900
NIFTY03NOV2217900CE.NFO,28/10/2022,09:20:00,83.55,83.5,250,83.6,150,10050,2680900
NIFTY03NOV2217900CE.NFO,28/10/2022,09:20:01,83.25,83,350,83.15,50,17150,2680900
NIFTY03NOV2217900CE.NFO,28/10/2022,09:20:02,82.5,82.45,250,82.6,50,11000,2680900
NIFTY03NOV2217900CE.NFO,28/10/2022,09:20:03,82.8,82.6,300,82.8,800,5900,2680900
NIFTY03NOV2217900CE.NFO,28/10/2022,09:20:05,82.3,82.25,100,82.4,50,13050,2680900
NIFTY03NOV2217900CE.NFO,28/10/2022,09:20:06,81.65,81.5,300,81.65,100,21800,2680900
NIFTY03NOV2217900CE.NFO,28/10/2022,09:20:07,81.3,81.05,200,81.15,200,6700,2680900
NIFTY03NOV2217900CE.NFO,28/10/2022,09:20:09,81.4,81.25,450,81.45,300,14300,2680900
NIFTY03NOV2217900CE.NFO,28/10/2022,09:20:10,81.95,81.8,200,82,1100,5400,3041450
NIFTY03NOV2217900CE.NFO,28/10/2022,09:20:11,82.3,82.3,100,82.45,400,6850,3041450
NIFTY03NOV2217900CE.NFO,28/10/2022,09:20:12,83.6,83.6,50,83.75,400,8650,3041450
NIFTY03NOV2217900CE.NFO,28/10/2022,09:20:13,84.55,84.4,250,84.55,50,15500,3041450
NIFTY03NOV2217900CE.NFO,28/10/2022,09:20:15,83.75,83.45,350,83.6,850,17950,3041450
NIFTY03NOV2217900CE.NFO,28/10/2022,09:20:16,83.35,83.3,450,83.5,1850,16000,3041450
NIFTY03NOV2217900CE.NFO,28/10/2022,09:20:17,82.85,82.75,200,82.9,50,4300,3041450
NIFTY03NOV2217900CE.NFO,28/10/2022,09:20:18,83.4,83.25,50,83.35,450,5300,3041450
NIFTY03NOV2217900CE.NFO,28/10/2022,09:20:19,83.3,83.15,450,83.3,100,2050,3041450
NIFTY03NOV2217900CE.NFO,28/10/2022,09:20:20,83.4,83.05,400,83.25,1000,6800,3041450
NIFTY03NOV2217900CE.NFO,28/10/2022,09:20:21,83.25,83.4,150,83.55,50,6550,3041450
NIFTY03NOV2217900CE.NFO,28/10/2022,09:20:22,83.4,83.3,550,83.5,250,3100,3041450
NIFTY03NOV2217900CE.NFO,28/10/2022,09:20:24,83.6,83.5,750,83.6,150,1050,3041450
NIFTY03NOV2217900CE.NFO,28/10/2022,09:20:24,83.6,83.75,50,83.85,100,1400,3041450
NIFTY03NOV2217900CE.NFO,28/10/2022,09:20:25,84.1,84.1,550,84.25,400,15550,3041450
NIFTY03NOV2217900CE.NFO,28/10/2022,09:20:26,84.25,84.1,50,84.25,450,4550,3041450
NIFTY03NOV2217900CE.NFO,28/10/2022,09:20:27,83.75,83.65,550,83.85,600,5800,3041450
NIFTY03NOV2217900CE.NFO,28/10/2022,09:20:28,84.05,84,100,84.15,250,7100,3041450
NIFTY03NOV2217900CE.NFO,28/10/2022,09:20:29,84.2,84.2,450,84.4,1900,3200,3041450
NIFTY03NOV2217900CE.NFO,28/10/2022,09:20:30,84.25,84.25,250,84.3,50,4450,3041450
NIFTY03NOV2217900CE.NFO,28/10/2022,09:20:31,84.1,84.05,250,84.2,200,3900,3041450
NIFTY03NOV2217900CE.NFO,28/10/2022,09:20:33,84.95,84.9,450,85.1,1250,21000,3041450
NIFTY03NOV2217900CE.NFO,28/10/2022,09:20:34,85.05,85,800,85.15,250,5300,3041450
NIFTY03NOV2217900CE.NFO,28/10/2022,09:20:34,85,84.85,150,85.05,500,1950,3041450
NIFTY03NOV2217900CE.NFO,28/10/2022,09:20:35,84.1,84.05,200,84.2,50,14800,3041450
NIFTY03NOV2217900CE.NFO,28/10/2022,09:20:37,84,84,100,84.05,100,12700,3041450
NIFTY03NOV2217900CE.NFO,28/10/2022,09:20:38,83.5,83.45,500,83.6,200,16750,3041450
NIFTY03NOV2217900CE.NFO,28/10/2022,09:20:39,83.9,83.65,350,83.8,200,5150,3041450
NIFTY03NOV2217900CE.NFO,28/10/2022,09:20:40,82.9,82.8,100,82.95,200,7050,3041450
NIFTY03NOV2217900CE.NFO,28/10/2022,09:20:41,82.7,82.65,200,82.7,250,3350,3041450
NIFTY03NOV2217900CE.NFO,28/10/2022,09:20:42,83.25,83.15,250,83.35,450,4250,3041450
NIFTY03NOV2217900CE.NFO,28/10/2022,09:20:43,83.3,83.55,50,83.7,600,6000,3041450
NIFTY03NOV2217900CE.NFO,28/10/2022,09:20:45,83.7,83.65,50,83.75,400,5900,3041450
NIFTY03NOV2217900CE.NFO,28/10/2022,09:20:46,83.95,83.8,200,83.95,350,5050,3041450
NIFTY03NOV2217900CE.NFO,28/10/2022,09:20:47,83.65,83.5,800,83.7,3250,5100,3041450
NIFTY03NOV2217900CE.NFO,28/10/2022,09:20:47,83.35,83.4,600,83.6,1400,1150,3041450
NIFTY03NOV2217900CE.NFO,28/10/2022,09:20:48,83.65,83.5,200,83.65,150,4100,3041450
NIFTY03NOV2217900CE.NFO,28/10/2022,09:20:49,83.6,83.5,900,83.7,1300,2250,3041450
NIFTY03NOV2217900CE.NFO,28/10/2022,09:20:50,83.6,83.6,50,83.75,50,1550,3041450
NIFTY03NOV2217900CE.NFO,28/10/2022,09:20:51,83.4,83.25,300,83.4,900,6650,3041450
NIFTY03NOV2217900CE.NFO,28/10/2022,09:20:52,84,83.75,1000,83.95,1250,2100,3041450
NIFTY03NOV2217900CE.NFO,28/10/2022,09:20:53,83.9,83.75,300,83.95,1700,1500,3041450
NIFTY03NOV2217900CE.NFO,28/10/2022,09:20:54,83.3,83.3,500,83.4,50,4600,3041450
NIFTY03NOV2217900CE.NFO,28/10/2022,09:20:55,83.6,83.45,950,83.6,150,5850,3041450
NIFTY03NOV2217900CE.NFO,28/10/2022,09:20:56,83.9,83.7,850,83.9,2200,3100,3041450
NIFTY03NOV2217900CE.NFO,28/10/2022,09:20:57,83.75,83.65,150,83.75,50,2200,3041450
NIFTY03NOV2217900CE.NFO,28/10/2022,09:20:59,84.5,84.35,100,84.5,1000,1800,3041450
NIFTY03NOV2217900CE.NFO,28/10/2022,09:20:59,84.5,84.35,250,84.5,100,1050,3041450
NIFTY03NOV2217900CE.NFO,28/10/2022,09:21:00,84.6,84.55,150,84.7,850,4350,3041450
NIFTY03NOV2217900CE.NFO,28/10/2022,09:21:01,85.2,85.05,350,85.2,750,26600,3041450
NIFTY03NOV2217900CE.NFO,28/10/2022,09:21:02,85.1,85.15,300,85.3,100,4950,3041450
NIFTY03NOV2217900CE.NFO,28/10/2022,09:21:04,84,84,150,84.15,250,16050,3041450
NIFTY03NOV2217900CE.NFO,28/10/2022,09:21:05,84.05,83.85,900,84.05,450,5250,3041450
NIFTY03NOV2217900CE.NFO,28/10/2022,09:21:06,84,83.8,400,83.95,400,5700,3041450
NIFTY03NOV2217900CE.NFO,28/10/2022,09:21:07,82.95,82.8,300,82.95,350,20400,3041450
NIFTY03NOV2217900CE.NFO,28/10/2022,09:21:08,83.5,83.55,1650,83.7,200,4600,3041450
NIFTY03NOV2217900CE.NFO,28/10/2022,09:21:09,83.65,83.5,750,83.65,350,7250,3041450
NIFTY03NOV2217900CE.NFO,28/10/2022,09:21:10,83.4,83.25,50,83.35,350,2450,3041450
NIFTY03NOV2217900CE.NFO,28/10/2022,09:21:11,83.2,83.25,650,83.45,1300,1450,3041450
NIFTY03NOV2217900CE.NFO,28/10/2022,09:21:12,83.05,83.05,850,83.25,1950,3900,3041450
NIFTY03NOV2217900CE.NFO,28/10/2022,09:21:13,83.7,83.5,550,83.7,1200,1050,3041450
NIFTY03NOV2217900CE.NFO,28/10/2022,09:21:14,84.2,84.2,50,84.35,800,3650,3041450
NIFTY03NOV2217900CE.NFO,28/10/2022,09:21:15,83.75,83.75,1050,83.95,550,8100,3041450
NIFTY03NOV2217900CE.NFO,28/10/2022,09:21:16,84.35,84.3,300,84.5,450,2750,3041450
NIFTY03NOV2217900CE.NFO,28/10/2022,09:21:17,84.1,84.05,100,84.15,450,6050,3041450
NIFTY03NOV2217900CE.NFO,28/10/2022,09:21:18,84.7,84.55,950,84.75,2350,3100,3041450
NIFTY03NOV2217900CE.NFO,28/10/2022,09:21:20,84.45,84.35,200,84.5,250,5000,3041450
NIFTY03NOV2217900CE.NFO,28/10/2022,09:21:20,84.5,84.35,400,84.5,600,1000,3041450
NIFTY03NOV2217900CE.NFO,28/10/2022,09:21:21,84.25,84.1,100,84.25,300,4400,3041450
NIFTY03NOV2217900CE.NFO,28/10/2022,09:21:22,84.35,84.35,1000,84.45,50,5650,3041450
NIFTY03NOV2217900CE.NFO,28/10/2022,09:21:23,84.7,84.5,300,84.65,1100,8600,3041450
NIFTY03NOV2217900CE.NFO,28/10/2022,09:21:24,84.7,84.7,250,84.85,850,5300,3041450
NIFTY03NOV2217900CE.NFO,28/10/2022,09:21:26,84.5,84.5,250,84.65,150,5900,3041450
NIFTY03NOV2217900CE.NFO,28/10/2022,09:21:26,84.7,84.5,250,84.65,200,750,3041450
NIFTY03NOV2217900CE.NFO,28/10/2022,09:21:27,84.85,84.6,250,84.75,150,1750,3041450
NIFTY03NOV2217900CE.NFO,28/10/2022,09:21:28,85,84.95,100,85,3550,5200,3041450
NIFTY03NOV2217900CE.NFO,28/10/2022,09:21:29,84.95,84.95,900,85.15,2950,6950,3041450
NIFTY03NOV2217900CE.NFO,28/10/2022,09:21:31,84.85,84.8,150,84.95,1350,7600,3041450
NIFTY03NOV2217900CE.NFO,28/10/2022,09:21:32,84.9,84.7,400,84.85,400,10650,3041450
NIFTY03NOV2217900CE.NFO,28/10/2022,09:21:33,84.7,84.45,1000,84.6,650,5250,3041450
NIFTY03NOV2217900CE.NFO,28/10/2022,09:21:33,84.35,84.25,200,84.4,100,1300,3041450
NIFTY03NOV2217900CE.NFO,28/10/2022,09:21:34,84.35,84.15,1050,84.35,1200,4650,3041450
NIFTY03NOV2217900CE.NFO,28/10/2022,09:21:35,84.4,84.3,850,84.45,100,6800,3041450
NIFTY03NOV2217900CE.NFO,28/10/2022,09:21:37,84.5,84.4,150,84.5,900,6300,3041450
NIFTY03NOV2217900CE.NFO,28/10/2022,09:21:38,83.75,83.75,1050,83.95,1100,5750,3041450
NIFTY03NOV2217900CE.NFO,28/10/2022,09:21:38,83.7,83.65,50,83.8,1800,1200,3041450
NIFTY03NOV2217900CE.NFO,28/10/2022,09:21:39,83.8,83.8,1300,84,4650,6400,3041450
NIFTY03NOV2217900CE.NFO,28/10/2022,09:21:40,83.9,83.8,1000,83.95,50,3400,3041450
NIFTY03NOV2217900CE.NFO,28/10/2022,09:21:41,84,84,1600,84.15,200,7100,3041450
NIFTY03NOV2217900CE.NFO,28/10/2022,09:21:43,84.2,84,300,84.15,200,2750,3041450
NIFTY03NOV2217900CE.NFO,28/10/2022,09:21:43,84.2,84,150,84.15,100,0,3041450
NIFTY03NOV2217900CE.NFO,28/10/2022,09:21:44,83.75,83.55,1050,83.75,900,2100,3041450
NIFTY03NOV2217900CE.NFO,28/10/2022,09:21:45,83.7,83.5,200,83.7,2300,2100,3041450
NIFTY03NOV2217900CE.NFO,28/10/2022,09:21:46,83.6,83.45,250,83.65,400,4050,3041450
NIFTY03NOV2217900CE.NFO,28/10/2022,09:21:47,83.6,83.55,300,83.65,50,2250,3041450
NIFTY03NOV2217900CE.NFO,28/10/2022,09:21:48,83.45,83.35,1000,83.45,50,3200,3041450
NIFTY03NOV2217900CE.NFO,28/10/2022,09:21:49,83.8,83.65,50,83.8,1400,3250,3041450
NIFTY03NOV2217900CE.NFO,28/10/2022,09:21:50,83.35,83.15,650,83.35,700,5350,3041450
NIFTY03NOV2217900CE.NFO,28/10/2022,09:21:51,83.6,83.5,300,83.65,50,350,3041450
NIFTY03NOV2217900CE.NFO,28/10/2022,09:21:53,83,83,1400,83.1,850,15100,3041450
NIFTY03NOV2217900CE.NFO,28/10/2022,09:21:54,83.35,83.3,150,83.5,3850,2100,3041450
NIFTY03NOV2217900CE.NFO,28/10/2022,09:21:55,83,83.05,450,83.1,50,3200,3041450
NIFTY03NOV2217900CE.NFO,28/10/2022,09:21:56,83.1,83,550,83.15,550,2350,3041450
NIFTY03NOV2217900CE.NFO,28/10/2022,09:21:57,82.85,82.7,200,82.85,50,5650,3041450
NIFTY03NOV2217900CE.NFO,28/10/2022,09:21:59,82.95,82.85,150,82.95,800,2150,3041450
NIFTY03NOV2217900CE.NFO,28/10/2022,09:21:59,82.95,82.8,150,82.95,700,250,3041450
NIFTY03NOV2217900CE.NFO,28/10/2022,09:22:00,82.65,82.8,450,83,1200,8000,3041450
NIFTY03NOV2217900CE.NFO,28/10/2022,09:22:01,82.6,82.4,500,82.6,2500,7700,3041450
NIFTY03NOV2217900CE.NFO,28/10/2022,09:22:02,83,82.9,200,83,950,2450,3041450
NIFTY03NOV2217900CE.NFO,28/10/2022,09:22:03,83.05,82.8,850,83,1300,6000,3041450
NIFTY03NOV2217900CE.NFO,28/10/2022,09:22:05,82.6,82.6,1500,82.75,200,6750,3041450
NIFTY03NOV2217900CE.NFO,28/10/2022,09:22:06,82.65,82.65,2400,82.7,100,3300,3041450
NIFTY03NOV2217900CE.NFO,28/10/2022,09:22:07,82.75,82.5,50,82.55,200,5650,3041450
NIFTY03NOV2217900CE.NFO,28/10/2022,09:22:07,82.3,82.35,600,82.5,150,550,3041450
NIFTY03NOV2217900CE.NFO,28/10/2022,09:22:08,82.5,82.45,200,82.55,800,2300,3041450
NIFTY03NOV2217900CE.NFO,28/10/2022,09:22:09,82.15,82.1,700,82.2,550,5500,3041450
NIFTY03NOV2217900CE.NFO,28/10/2022,09:22:10,82,81.65,250,81.85,1300,17800,3041450
NIFTY03NOV2217900CE.NFO,28/10/2022,09:22:11,81.5,81.5,400,81.7,850,6400,3041450
NIFTY03NOV2217900CE.NFO,28/10/2022,09:22:13,81.95,81.8,700,81.95,100,8750,3041450
NIFTY03NOV2217900CE.NFO,28/10/2022,09:22:13,81.8,81.8,500,81.95,900,250,3041450
NIFTY03NOV2217900CE.NFO,28/10/2022,09:22:14,81.5,81.4,100,81.55,800,8800,3041450
NIFTY03NOV2217900CE.NFO,28/10/2022,09:22:15,82,81.85,200,82,1000,2150,3041450
NIFTY03NOV2217900CE.NFO,28/10/2022,09:22:16,82.1,81.85,1350,82.05,1500,3350,3041450
NIFTY03NOV2217900CE.NFO,28/10/2022,09:22:18,82.45,82.3,1050,82.5,800,5300,3041450
NIFTY03NOV2217900CE.NFO,28/10/2022,09:22:18,82.4,82.4,50,82.55,1000,50,3041450
NIFTY03NOV2217900CE.NFO,28/10/2022,09:22:19,82.75,82.8,2300,83,3000,2600,3041450
NIFTY03NOV2217900CE.NFO,28/10/2022,09:22:20,83.2,83.2,800,83.4,250,4500,3041450
NIFTY03NOV2217900CE.NFO,28/10/2022,09:22:21,83.05,83,1050,83.2,650,450,3041450
NIFTY03NOV2217900CE.NFO,28/10/2022,09:22:22,83.25,83.2,950,83.4,400,1700,3041450
NIFTY03NOV2217900CE.NFO,28/10/2022,09:22:23,83.6,83.4,600,83.6,600,1400,3041450
NIFTY03NOV2217900CE.NFO,28/10/2022,09:22:25,83.9,83.6,400,83.8,1050,850,3041450
NIFTY03NOV2217900CE.NFO,28/10/2022,09:22:26,83.5,83.2,300,83.4,2050,4200,3041450
NIFTY03NOV2217900CE.NFO,28/10/2022,09:22:27,83.2,83.1,600,83.25,3850,1950,3041450
NIFTY03NOV2217900CE.NFO,28/10/2022,09:22:28,83.15,82.95,150,83.1,100,2650,3041450
NIFTY03NOV2217900CE.NFO,28/10/2022,09:22:29,82.95,82.9,300,83.05,400,6100,3041450
NIFTY03NOV2217900CE.NFO,28/10/2022,09:22:30,83.15,83,750,83.1,300,3050,3041450
NIFTY03NOV2217900CE.NFO,28/10/2022,09:22:32,82.85,82.6,300,82.8,2700,3500,3041450
NIFTY03NOV2217900CE.NFO,28/10/2022,09:22:33,82,81.95,500,82.15,1150,8800,3041450
NIFTY03NOV2217900CE.NFO,28/10/2022,09:22:34,82.35,82.35,150,82.5,2700,1450,3041450
NIFTY03NOV2217900CE.NFO,28/10/2022,09:22:34,82.9,82.85,200,83,2200,5150,3041450
NIFTY03NOV2217900CE.NFO,28/10/2022,09:22:35,82.15,82.2,850,82.4,2500,1800,3041450
NIFTY03NOV2217900CE.NFO,28/10/2022,09:22:36,82.2,81.95,800,82.15,700,5200,3041450
NIFTY03NOV2217900CE.NFO,28/10/2022,09:22:37,82.35,82.2,1550,82.4,1050,1750,3041450
NIFTY03NOV2217900CE.NFO,28/10/2022,09:22:38,82.8,82.85,100,83,2600,9600,3041450
NIFTY03NOV2217900CE.NFO,28/10/2022,09:22:40,82.8,82.75,400,82.9,400,3450,3041450
NIFTY03NOV2217900CE.NFO,28/10/2022,09:22:41,82.55,82.35,600,82.55,650,2950,3041450
NIFTY03NOV2217900CE.NFO,28/10/2022,09:22:42,83.15,83,800,83.15,150,4400,3041450
NIFTY03NOV2217900CE.NFO,28/10/2022,09:22:42,82.9,82.9,600,83.1,950,750,3041450
NIFTY03NOV2217900CE.NFO,28/10/2022,09:22:43,83.1,82.9,100,83.05,500,1350,3041450
NIFTY03NOV2217900CE.NFO,28/10/2022,09:22:44,83.15,82.95,1300,83.15,150,1850,3041450
NIFTY03NOV2217900CE.NFO,28/10/2022,09:22:45,82.9,82.9,250,83,350,4500,3041450
NIFTY03NOV2217900CE.NFO,28/10/2022,09:22:47,82.85,82.8,1550,83,400,4800,3041450
NIFTY03NOV2217900CE.NFO,28/10/2022,09:22:48,83,82.95,800,83.15,750,1550,3041450
NIFTY03NOV2217900CE.NFO,28/10/2022,09:22:49,82.65,82.65,250,82.8,50,2500,3041450
NIFTY03NOV2217900CE.NFO,28/10/2022,09:22:49,82.8,82.65,1200,82.85,200,600,3041450
NIFTY03NOV2217900CE.NFO,28/10/2022,09:22:50,83.6,83.4,1300,83.6,250,3500,3041450
NIFTY03NOV2217900CE.NFO,28/10/2022,09:22:51,83.9,83.7,350,83.85,250,4350,3041450
NIFTY03NOV2217900CE.NFO,28/10/2022,09:22:53,83.8,83.65,450,83.8,250,13000,3041450
NIFTY03NOV2217900CE.NFO,28/10/2022,09:22:53,83.85,83.85,850,84,400,2600,3041450
NIFTY03NOV2217900CE.NFO,28/10/2022,09:22:55,83.7,83.5,1000,83.7,100,2500,3041450
NIFTY03NOV2217900CE.NFO,28/10/2022,09:22:56,83.5,83.45,850,83.65,1050,1350,3041450
NIFTY03NOV2217900CE.NFO,28/10/2022,09:22:57,83.45,83.35,100,83.5,550,3350,3041450
NIFTY03NOV2217900CE.NFO,28/10/2022,09:22:57,83.35,83.4,200,83.55,500,250,3041450
NIFTY03NOV2217900CE.NFO,28/10/2022,09:22:58,83.3,83,1050,83.15,100,800,3041450
NIFTY03NOV2217900CE.NFO,28/10/2022,09:22:59,83.15,83.05,150,83.15,650,1900,3041450
NIFTY03NOV2217900CE.NFO,28/10/2022,09:23:00,82.95,82.8,300,82.9,50,1850,3041450
NIFTY03NOV2217900CE.NFO,28/10/2022,09:23:01,82.9,82.85,200,82.95,350,4400,3041450
NIFTY03NOV2217900CE.NFO,28/10/2022,09:23:03,84,83.75,2100,83.95,100,3350,3041450
NIFTY03NOV2217900CE.NFO,28/10/2022,09:23:04,83.9,83.9,250,84.1,150,3500,3041450
NIFTY03NOV2217900CE.NFO,28/10/2022,09:23:05,84.1,84.05,800,84.25,800,4050,3041450
NIFTY03NOV2217900CE.NFO,28/10/2022,09:23:06,84.55,84.35,800,84.55,750,2200,3041450
NIFTY03NOV2217900CE.NFO,28/10/2022,09:23:06,84.45,84.45,800,84.65,800,3150,3041450
NIFTY03NOV2217900CE.NFO,28/10/2022,09:23:07,84.95,84.95,100,85.1,750,21300,3041450
NIFTY03NOV2217900CE.NFO,28/10/2022,09:23:08,84.9,84.75,250,84.95,350,4850,3041450
NIFTY03NOV2217900CE.NFO,28/10/2022,09:23:09,84.8,84.65,100,84.8,2850,3000,3041450
NIFTY03NOV2217900CE.NFO,28/10/2022,09:23:10,84.7,84.7,250,84.9,850,8300,3157600
NIFTY03NOV2217900CE.NFO,28/10/2022,09:23:12,84.5,84.3,950,84.5,850,6550,3157600
NIFTY03NOV2217900CE.NFO,28/10/2022,09:23:13,84.3,84.2,200,84.3,650,9100,3157600
NIFTY03NOV2217900CE.NFO,28/10/2022,09:23:14,84.7,84.6,950,84.7,1150,1850,3157600
NIFTY03NOV2217900CE.NFO,28/10/2022,09:23:14,84.6,84.5,250,84.7,750,1200,3157600
NIFTY03NOV2217900CE.NFO,28/10/2022,09:23:15,84.9,84.8,250,84.9,650,9400,3157600
NIFTY03NOV2217900CE.NFO,28/10/2022,09:23:16,85.05,84.9,650,85.1,700,9000,3157600
NIFTY03NOV2217900CE.NFO,28/10/2022,09:23:18,84.85,84.85,500,85,2950,7050,3157600
NIFTY03NOV2217900CE.NFO,28/10/2022,09:23:19,85.2,84.9,800,85.1,1500,6450,3157600
NIFTY03NOV2217900CE.NFO,28/10/2022,09:23:20,84.5,84.35,150,84.5,200,6400,3157600
NIFTY03NOV2217900CE.NFO,28/10/2022,09:23:21,84.3,84.25,850,84.35,150,6750,3157600
NIFTY03NOV2217900CE.NFO,28/10/2022,09:23:21,84.8,84.6,400,84.8,250,3000,3157600
NIFTY03NOV2217900CE.NFO,28/10/2022,09:23:22,84.55,84.6,700,84.8,1750,5300,3157600
NIFTY03NOV2217900CE.NFO,28/10/2022,09:23:23,84.9,84.7,800,84.85,150,5500,3157600
NIFTY03NOV2217900CE.NFO,28/10/2022,09:23:24,84.75,84.75,50,84.9,1050,2050,3157600
NIFTY03NOV2217900CE.NFO,28/10/2022,09:23:26,84.4,84.4,200,84.55,1050,2750,3157600
NIFTY03NOV2217900CE.NFO,28/10/2022,09:23:27,84.35,84.35,200,84.45,700,5050,3157600
NIFTY03NOV2217900CE.NFO,28/10/2022,09:23:28,84.2,84.05,700,84.2,100,3400,3157600
NIFTY03NOV2217900CE.NFO,28/10/2022,09:23:28,84,83.8,750,84,1350,2600,3157600
NIFTY03NOV2217900CE.NFO,28/10/2022,09:23:29,84.25,84.05,300,84.25,1050,5250,3157600
NIFTY03NOV2217900CE.NFO,28/10/2022,09:23:30,84.6,84.6,100,84.7,750,1550,3157600
NIFTY03NOV2217900CE.NFO,28/10/2022,09:23:31,84.5,84.5,50,84.7,1400,4150,3157600
NIFTY03NOV2217900CE.NFO,28/10/2022,09:23:32,84.6,84.4,850,84.6,700,2050,3157600
NIFTY03NOV2217900CE.NFO,28/10/2022,09:23:34,84.5,84.45,200,84.65,900,2650,3157600
NIFTY03NOV2217900CE.NFO,28/10/2022,09:23:35,84.45,84.25,350,84.45,700,3150,3157600
NIFTY03NOV2217900CE.NFO,28/10/2022,09:23:36,84,83.85,550,84.05,800,6450,3157600
NIFTY03NOV2217900CE.NFO,28/10/2022,09:23:37,84.25,84.1,300,84.25,100,3800,3157600
NIFTY03NOV2217900CE.NFO,28/10/2022,09:23:38,84.15,84.05,100,84.2,650,1600,3157600
NIFTY03NOV2217900CE.NFO,28/10/2022,09:23:39,83.9,83.85,400,84,150,700,3157600
NIFTY03NOV2217900CE.NFO,28/10/2022,09:23:40,83.85,83.8,200,83.95,150,2950,3157600
NIFTY03NOV2217900CE.NFO,28/10/2022,09:23:41,83.8,83.85,150,84,150,2000,3157600
NIFTY03NOV2217900CE.NFO,28/10/2022,09:23:43,84.15,84.05,350,84.25,450,2250,3157600
NIFTY03NOV2217900CE.NFO,28/10/2022,09:23:44,84.2,84.15,350,84.3,50,1600,3157600
NIFTY03NOV2217900CE.NFO,28/10/2022,09:23:45,84.25,84,1950,84.2,750,1300,3157600
NIFTY03NOV2217900CE.NFO,28/10/2022,09:23:46,84,83.8,700,83.95,50,6400,3157600
NIFTY03NOV2217900CE.NFO,28/10/2022,09:23:46,83.9,83.8,300,83.95,100,250,3157600
NIFTY03NOV2217900CE.NFO,28/10/2022,09:23:47,84,84,700,84.1,50,2400,3157600
NIFTY03NOV2217900CE.NFO,28/10/2022,09:23:48,83.75,83.7,600,83.9,2900,3400,3157600
NIFTY03NOV2217900CE.NFO,28/10/2022,09:23:49,83.5,83.45,300,83.65,150,2250,3157600
NIFTY03NOV2217900CE.NFO,28/10/2022,09:23:50,83.75,83.55,450,83.75,700,8750,3157600
NIFTY03NOV2217900CE.NFO,28/10/2022,09:23:51,83.7,83.8,1200,84,900,6250,3157600
NIFTY03NOV2217900CE.NFO,28/10/2022,09:23:52,84.4,84.35,200,84.5,700,1750,3157600
NIFTY03NOV2217900CE.NFO,28/10/2022,09:23:53,84.75,84.65,750,84.75,150,5650,3157600
NIFTY03NOV2217900CE.NFO,28/10/2022,09:23:54,84.8,84.5,300,84.7,800,2550,3157600
NIFTY03NOV2217900CE.NFO,28/10/2022,09:23:56,84.4,84.4,450,84.55,800,6750,3157600
NIFTY03NOV2217900CE.NFO,28/10/2022,09:23:57,84.25,84.2,850,84.4,400,3300,3157600
NIFTY03NOV2217900CE.NFO,28/10/2022,09:23:58,84.55,84.35,800,84.55,900,3050,3157600
NIFTY03NOV2217900CE.NFO,28/10/2022,09:23:59,84.8,84.6,650,84.8,800,1800,3157600
NIFTY03NOV2217900CE.NFO,28/10/2022,09:24:00,84.65,84.65,50,84.75,550,1700,3157600
NIFTY03NOV2217900CE.NFO,28/10/2022,09:24:01,84.8,84.75,1250,84.95,50,12250,3157600
NIFTY03NOV2217900CE.NFO,28/10/2022,09:24:02,84.8,84.8,950,84.95,50,9750,3157600
NIFTY03NOV2217900CE.NFO,28/10/2022,09:24:02,85,84.9,300,85,6850,600,3157600
NIFTY03NOV2217900CE.NFO,28/10/2022,09:24:03,85.25,85.1,400,85.25,150,18500,3157600
NIFTY03NOV2217900CE.NFO,28/10/2022,09:24:05,85.2,85.2,1150,85.4,550,11650,3157600
NIFTY03NOV2217900CE.NFO,28/10/2022,09:24:06,85.4,85.4,150,85.6,2700,5950,3157600
NIFTY03NOV2217900CE.NFO,28/10/2022,09:24:06,85.85,85.65,1050,85.85,250,4550,3157600
NIFTY03NOV2217900CE.NFO,28/10/2022,09:24:07,85.95,85.9,150,86,12950,4300,3157600
NIFTY03NOV2217900CE.NFO,28/10/2022,09:24:08,85.75,85.6,700,85.8,1750,15050,3157600
NIFTY03NOV2217900CE.NFO,28/10/2022,09:24:09,85.8,85.75,400,85.85,100,7300,3157600
NIFTY03NOV2217900CE.NFO,28/10/2022,09:24:10,86.1,85.95,250,86.1,550,21050,3157600
NIFTY03NOV2217900CE.NFO,28/10/2022,09:24:11,86,85.95,200,86.05,100,5050,3157600
NIFTY03NOV2217900CE.NFO,28/10/2022,09:24:12,85.9,85.75,1100,85.9,200,3200,3157600
NIFTY03NOV2217900CE.NFO,28/10/2022,09:24:14,85.95,85.95,300,86.05,250,3850,3157600
NIFTY03NOV2217900CE.NFO,28/10/2022,09:24:15,86.55,86.55,150,86.65,100,10000,3157600
NIFTY03NOV2217900CE.NFO,28/10/2022,09:24:16,86.1,85.9,850,86.05,100,7200,3157600
NIFTY03NOV2217900CE.NFO,28/10/2022,09:24:17,85.7,85.75,250,85.95,800,5000,3157600
NIFTY03NOV2217900CE.NFO,28/10/2022,09:24:19,85,85.05,200,85.2,1050,10650,3157600
NIFTY03NOV2217900CE.NFO,28/10/2022,09:24:20,85.5,85.55,200,85.6,50,10100,3157600
NIFTY03NOV2217900CE.NFO,28/10/2022,09:24:21,85,84.9,200,85.05,200,5950,3157600
NIFTY03NOV2217900CE.NFO,28/10/2022,09:24:22,85.35,85.05,250,85.2,150,5300,3157600
NIFTY03NOV2217900CE.NFO,28/10/2022,09:24:23,85.3,85.1,4550,85.25,1150,4700,3157600
NIFTY03NOV2217900CE.NFO,28/10/2022,09:24:24,85.2,85.15,50,85.2,550,2250,3157600
NIFTY03NOV2217900CE.NFO,28/10/2022,09:24:25,85.5,85.5,1200,85.7,400,6600,3157600
NIFTY03NOV2217900CE.NFO,28/10/2022,09:24:26,85.3,85.1,4750,85.3,1450,2350,3157600
NIFTY03NOV2217900CE.NFO,28/10/2022,09:24:27,85.35,85.15,1000,85.35,250,1750,3157600
NIFTY03NOV2217900CE.NFO,28/10/2022,09:24:28,85.55,85.35,400,85.55,1050,5000,3157600
NIFTY03NOV2217900CE.NFO,28/10/2022,09:24:29,85.2,85.1,3500,85.3,2550,1400,3157600
NIFTY03NOV2217900CE.NFO,28/10/2022,09:24:30,85.2,85.2,1600,85.35,950,5150,3157600
NIFTY03NOV2217900CE.NFO,28/10/2022,09:24:31,85.2,85.2,800,85.4,450,3550,3157600
NIFTY03NOV2217900CE.NFO,28/10/2022,09:24:32,85.15,85,1400,85.2,950,3850,3157600
NIFTY03NOV2217900CE.NFO,28/10/2022,09:24:33,85.35,85.4,2750,85.6,750,8850,3157600
NIFTY03NOV2217900CE.NFO,28/10/2022,09:24:34,85.65,85.5,750,85.7,2250,2500,3157600
NIFTY03NOV2217900CE.NFO,28/10/2022,09:24:35,85.75,85.6,200,85.75,100,5300,3157600
NIFTY03NOV2217900CE.NFO,28/10/2022,09:24:37,85.3,85.3,200,85.5,700,1350,3157600
NIFTY03NOV2217900CE.NFO,28/10/2022,09:24:38,85.65,85.6,250,85.8,1000,800,3157600
NIFTY03NOV2217900CE.NFO,28/10/2022,09:24:39,85.65,85.5,200,85.65,700,1900,3157600
NIFTY03NOV2217900CE.NFO,28/10/2022,09:24:40,85.2,85.15,850,85.35,1150,7150,3157600
NIFTY03NOV2217900CE.NFO,28/10/2022,09:24:40,85.35,85.2,700,85.35,550,150,3157600
NIFTY03NOV2217900CE.NFO,28/10/2022,09:24:42,85.3,85.35,50,85.5,300,4650,3157600
NIFTY03NOV2217900CE.NFO,28/10/2022,09:24:43,85.4,85.2,1600,85.4,300,4300,3157600
NIFTY03NOV2217900CE.NFO,28/10/2022,09:24:44,85.05,85,500,85.1,500,1450,3157600
NIFTY03NOV2217900CE.NFO,28/10/2022,09:24:45,85.5,85.4,600,85.5,900,6650,3157600
NIFTY03NOV2217900CE.NFO,28/10/2022,09:24:46,85.2,85.45,200,85.6,700,9100,3157600
NIFTY03NOV2217900CE.NFO,28/10/2022,09:24:47,85.4,85.5,100,85.6,50,7050,3157600
NIFTY03NOV2217900CE.NFO,28/10/2022,09:24:48,85.5,85.5,250,85.7,950,4600,3157600
NIFTY03NOV2217900CE.NFO,28/10/2022,09:24:49,86,85.8,800,86,2800,3650,3157600
NIFTY03NOV2217900CE.NFO,28/10/2022,09:24:50,85.85,85.8,100,85.9,50,3950,3157600
NIFTY03NOV2217900CE.NFO,28/10/2022,09:24:51,86.25,86.25,150,86.4,150,5400,3157600
NIFTY03NOV2217900CE.NFO,28/10/2022,09:24:52,86.4,86.4,150,86.6,1700,3500,3157600
NIFTY03NOV2217900CE.NFO,28/10/2022,09:24:53,86.7,86.55,50,86.7,1550,5250,3157600
NIFTY03NOV2217900CE.NFO,28/10/2022,09:24:53,86.8,86.55,50,86.7,1550,0,3157600
NIFTY03NOV2217900CE.NFO,28/10/2022,09:24:54,86.5,86.45,950,86.5,50,6200,3157600
NIFTY03NOV2217900CE.NFO,28/10/2022,09:24:55,86.3,86.05,500,86.25,350,7200,3157600
NIFTY03NOV2217900CE.NFO,28/10/2022,09:24:56,86.45,86.4,850,86.6,300,5150,3157600
NIFTY03NOV2217900CE.NFO,28/10/2022,09:24:57,86.15,86.05,250,86.2,300,4250,3157600
NIFTY03NOV2217900CE.NFO,28/10/2022,09:24:58,86.55,86.55,300,86.65,150,3800,3157600
NIFTY03NOV2217900CE.NFO,28/10/2022,09:24:58,86.55,86.5,1200,86.65,150,200,3157600
NIFTY03NOV2217900CE.NFO,28/10/2022,09:24:59,86.6,86.6,750,86.8,450,5900,3157600
NIFTY03NOV2217900CE.NFO,28/10/2022,09:24:59,86.9,86.6,750,86.8,450,0,3157600
NIFTY03NOV2217900CE.NFO,28/10/2022,09:25:00,87.4,87.4,200,87.55,200,25800,3157600
NIFTY03NOV2217900CE.NFO,28/10/2022,09:25:00,87.8,87.4,200,87.55,200,0,3157600
NIFTY03NOV2217900CE.NFO,28/10/2022,09:25:02,87.2,87.15,600,87.3,250,7350,3157600
NIFTY03NOV2217900CE.NFO,28/10/2022,09:25:03,87.15,87.05,400,87.25,200,3200,3157600
NIFTY03NOV2217900CE.NFO,28/10/2022,09:25:04,86.65,86.7,200,86.9,1300,9550,3157600
NIFTY03NOV2217900CE.NFO,28/10/2022,09:25:04,86.65,86.6,50,86.8,350,4900,3157600
NIFTY03NOV2217900CE.NFO,28/10/2022,09:25:05,86.5,86.35,200,86.5,100,3700,3157600
NIFTY03NOV2217900CE.NFO,28/10/2022,09:25:06,86.35,86.35,100,86.55,200,5150,3157600
NIFTY03NOV2217900CE.NFO,28/10/2022,09:25:08,86.05,86.1,50,86.2,100,11450,3157600
NIFTY03NOV2217900CE.NFO,28/10/2022,09:25:08,86.15,85.95,1000,86.15,350,3950,3157600
NIFTY03NOV2217900CE.NFO,28/10/2022,09:25:10,85.7,85.5,250,85.7,1150,6550,3157600
NIFTY03NOV2217900CE.NFO,28/10/2022,09:25:11,86.15,86.1,350,86.3,150,10400,3157600
NIFTY03NOV2217900CE.NFO,28/10/2022,09:25:12,86.1,85.95,50,86.1,450,3900,3157600
NIFTY03NOV2217900CE.NFO,28/10/2022,09:25:13,86,85.85,500,86,2550,4450,3157600
NIFTY03NOV2217900CE.NFO,28/10/2022,09:25:14,85.9,85.65,300,85.85,100,5800,3157600
NIFTY03NOV2217900CE.NFO,28/10/2022,09:25:15,85.8,85.6,1650,85.8,50,4900,3157600
NIFTY03NOV2217900CE.NFO,28/10/2022,09:25:15,85.65,85.5,50,85.65,150,550,3157600
NIFTY03NOV2217900CE.NFO,28/10/2022,09:25:16,85.6,85.35,700,85.55,700,8100,3157600
NIFTY03NOV2217900CE.NFO,28/10/2022,09:25:17,85.35,85.15,650,85.35,250,1450,3157600
NIFTY03NOV2217900CE.NFO,28/10/2022,09:25:19,84.5,84.5,350,84.65,300,17100,3157600
NIFTY03NOV2217900CE.NFO,28/10/2022,09:25:20,84.7,84.45,250,84.6,150,2850,3157600
NIFTY03NOV2217900CE.NFO,28/10/2022,09:25:21,85.4,85.35,700,85.55,100,10700,3157600
NIFTY03NOV2217900CE.NFO,28/10/2022,09:25:22,85.45,85.25,200,85.4,650,1300,3157600
NIFTY03NOV2217900CE.NFO,28/10/2022,09:25:23,84.85,84.7,50,84.75,150,1850,3157600
NIFTY03NOV2217900CE.NFO,28/10/2022,09:25:24,84.75,84.6,2600,84.75,200,3700,3157600
NIFTY03NOV2217900CE.NFO,28/10/2022,09:25:25,84.75,84.5,1000,84.65,250,2900,3157600
NIFTY03NOV2217900CE.NFO,28/10/2022,09:25:25,84.55,84.4,1150,84.55,100,750,3157600
NIFTY03NOV2217900CE.NFO,28/10/2022,09:25:27,84.7,84.5,2050,84.7,300,1400,3157600
NIFTY03NOV2217900CE.NFO,28/10/2022,09:25:28,84.65,84.7,200,84.75,100,1150,3157600
NIFTY03NOV2217900CE.NFO,28/10/2022,09:25:29,84.7,84.7,150,84.85,300,6400,3157600
NIFTY03NOV2217900CE.NFO,28/10/2022,09:25:30,84.5,84.45,450,84.55,650,3150,3157600
NIFTY03NOV2217900CE.NFO,28/10/2022,09:25:31,84.3,84.3,950,84.4,50,3450,3157600
NIFTY03NOV2217900CE.NFO,28/10/2022,09:25:32,84.1,84.1,1850,84.15,50,2000,3157600
NIFTY03NOV2217900CE.NFO,28/10/2022,09:25:33,84,84,800,84.15,100,14950,3157600
NIFTY03NOV2217900CE.NFO,28/10/2022,09:25:34,84.55,84.45,550,84.55,400,2750,3157600
NIFTY03NOV2217900CE.NFO,28/10/2022,09:25:34,84.55,84.4,550,84.5,50,50,3157600
NIFTY03NOV2217900CE.NFO,28/10/2022,09:25:35,84.3,84.25,250,84.35,150,5700,3157600
NIFTY03NOV2217900CE.NFO,28/10/2022,09:25:37,84.15,84,50,84.15,300,5250,3157600
NIFTY03NOV2217900CE.NFO,28/10/2022,09:25:38,84.6,84.6,200,84.8,600,1850,3157600
NIFTY03NOV2217900CE.NFO,28/10/2022,09:25:39,84.65,84.65,250,84.75,400,2100,3157600
NIFTY03NOV2217900CE.NFO,28/10/2022,09:25:40,84.45,84.3,650,84.45,100,2100,3157600
NIFTY03NOV2217900CE.NFO,28/10/2022,09:25:41,84.15,84.1,2250,84.25,400,1050,3157600
NIFTY03NOV2217900CE.NFO,28/10/2022,09:25:42,84.4,84.35,250,84.5,50,1500,3157600
NIFTY03NOV2217900CE.NFO,28/10/2022,09:25:42,84.3,84.2,600,84.35,450,300,3157600
NIFTY03NOV2217900CE.NFO,28/10/2022,09:25:43,84.5,84.3,300,84.45,100,16600,3157600
NIFTY03NOV2217900CE.NFO,28/10/2022,09:25:44,84.35,84.3,650,84.4,50,900,3157600
NIFTY03NOV2217900CE.NFO,28/10/2022,09:25:46,84.05,84.05,300,84.1,300,1900,3157600
NIFTY03NOV2217900CE.NFO,28/10/2022,09:25:47,84.35,84.35,1300,84.55,600,4800,3157600
NIFTY03NOV2217900CE.NFO,28/10/2022,09:25:48,84.65,84.5,1400,84.65,250,1750,3157600
NIFTY03NOV2217900CE.NFO,28/10/2022,09:25:49,85.3,85.1,250,85.3,850,5900,3157600
NIFTY03NOV2217900CE.NFO,28/10/2022,09:25:50,85.1,84.75,650,84.9,200,1750,3157600
NIFTY03NOV2217900CE.NFO,28/10/2022,09:25:51,85.15,85.05,200,85.15,800,4300,3157600
NIFTY03NOV2217900CE.NFO,28/10/2022,09:25:52,85.15,84.95,1100,85.15,800,1700,3157600
NIFTY03NOV2217900CE.NFO,28/10/2022,09:25:53,84.95,84.95,50,85.1,200,450,3157600
NIFTY03NOV2217900CE.NFO,28/10/2022,09:25:54,84.7,84.65,50,84.8,650,1800,3157600
NIFTY03NOV2217900CE.NFO,28/10/2022,09:25:55,84.8,84.65,200,84.8,100,2950,3157600
NIFTY03NOV2217900CE.NFO,28/10/2022,09:25:56,84.85,84.85,50,84.9,50,2050,3157600
NIFTY03NOV2217900CE.NFO,28/10/2022,09:25:56,85.1,85,1350,85.1,450,1950,3157600
NIFTY03NOV2217900CE.NFO,28/10/2022,09:25:58,85.55,85.35,250,85.5,750,2950,3157600
NIFTY03NOV2217900CE.NFO,28/10/2022,09:25:59,85.55,85.5,100,85.65,250,2750,3157600
NIFTY03NOV2217900CE.NFO,28/10/2022,09:26:00,85.6,85.65,750,85.85,450,1200,3157600
NIFTY03NOV2217900CE.NFO,28/10/2022,09:26:01,85.4,85.35,600,85.55,900,6950,3157600
NIFTY03NOV2217900CE.NFO,28/10/2022,09:26:02,85.75,85.65,450,85.75,350,3050,3157600
NIFTY03NOV2217900CE.NFO,28/10/2022,09:26:02,85.75,85.55,600,85.7,150,600,3157600
NIFTY03NOV2217900CE.NFO,28/10/2022,09:26:03,85.45,85.35,300,85.45,150,2000,3157600
NIFTY03NOV2217900CE.NFO,28/10/2022,09:26:04,84.8,84.75,50,84.8,850,4750,3157600
NIFTY03NOV2217900CE.NFO,28/10/2022,09:26:06,84.5,84.4,600,84.55,150,2200,3157600
NIFTY03NOV2217900CE.NFO,28/10/2022,09:26:06,84.3,84.3,300,84.35,850,2550,3157600
NIFTY03NOV2217900CE.NFO,28/10/2022,09:26:08,83.9,83.8,450,83.9,1000,10400,3157600
NIFTY03NOV2217900CE.NFO,28/10/2022,09:26:09,84.4,84.25,1650,84.4,50,3650,3157600
NIFTY03NOV2217900CE.NFO,28/10/2022,09:26:10,84.5,84.35,1050,84.55,50,2400,3283050
NIFTY03NOV2217900CE.NFO,28/10/2022,09:26:11,84.45,84.45,150,84.55,50,1950,3283050
NIFTY03NOV2217900CE.NFO,28/10/2022,09:26:12,84.2,84.2,650,84.35,1800,4000,3283050
NIFTY03NOV2217900CE.NFO,28/10/2022,09:26:14,84.05,84.05,3400,84.15,50,2400,3283050
NIFTY03NOV2217900CE.NFO,28/10/2022,09:26:15,84.5,84.3,200,84.5,950,3650,3283050
NIFTY03NOV2217900CE.NFO,28/10/2022,09:26:16,84.25,84.3,2850,84.5,1100,1100,3283050
NIFTY03NOV2217900CE.NFO,28/10/2022,09:26:17,84.4,84.4,150,84.55,50,750,3283050
NIFTY03NOV2217900CE.NFO,28/10/2022,09:26:18,84.15,84.2,150,84.35,200,950,3283050
NIFTY03NOV2217900CE.NFO,28/10/2022,09:26:19,84.3,84.2,100,84.4,750,1450,3283050
NIFTY03NOV2217900CE.NFO,28/10/2022,09:26:20,84.3,84.15,250,84.3,600,750,3283050
NIFTY03NOV2217900CE.NFO,28/10/2022,09:26:21,84.3,84.15,50,84.3,1050,2650,3283050
NIFTY03NOV2217900CE.NFO,28/10/2022,09:26:21,84,84,1900,84.05,400,450,3283050
NIFTY03NOV2217900CE.NFO,28/10/2022,09:26:23,84.1,84,1950,84.1,500,2750,3283050
NIFTY03NOV2217900CE.NFO,28/10/2022,09:26:24,83.95,83.8,150,84,2350,4200,3283050
NIFTY03NOV2217900CE.NFO,28/10/2022,09:26:25,83.7,83.55,650,83.7,400,2750,3283050
NIFTY03NOV2217900CE.NFO,28/10/2022,09:26:26,83.35,83.35,50,83.5,950,2700,3283050
NIFTY03NOV2217900CE.NFO,28/10/2022,09:26:26,83.35,83.35,100,83.5,950,50,3283050
NIFTY03NOV2217900CE.NFO,28/10/2022,09:26:28,83.25,83.25,400,83.4,100,3650,3283050
NIFTY03NOV2217900CE.NFO,28/10/2022,09:26:29,83.35,83.25,700,83.45,350,1350,3283050
NIFTY03NOV2217900CE.NFO,28/10/2022,09:26:30,83.55,83.35,900,83.55,1150,5100,3283050
NIFTY03NOV2217900CE.NFO,28/10/2022,09:26:31,83.65,83.6,50,83.75,250,6000,3283050
NIFTY03NOV2217900CE.NFO,28/10/2022,09:26:32,83.15,83.15,550,83.3,100,1050,3283050
NIFTY03NOV2217900CE.NFO,28/10/2022,09:26:33,83.25,83.35,350,83.5,50,8900,3283050
NIFTY03NOV2217900CE.NFO,28/10/2022,09:26:34,83.75,83.55,700,83.75,900,1400,3283050
NIFTY03NOV2217900CE.NFO,28/10/2022,09:26:34,83.5,83.5,100,83.65,400,350,3283050
NIFTY03NOV2217900CE.NFO,28/10/2022,09:26:35,83.7,83.65,1450,83.85,850,2650,3283050
NIFTY03NOV2217900CE.NFO,28/10/2022,09:26:37,84.25,84.25,600,84.3,150,6750,3283050
NIFTY03NOV2217900CE.NFO,28/10/2022,09:26:38,84.05,84,1000,84.2,150,3350,3283050
NIFTY03NOV2217900CE.NFO,28/10/2022,09:26:39,84.5,84.5,50,84.65,2500,2250,3283050
NIFTY03NOV2217900CE.NFO,28/10/2022,09:26:40,84.3,84.05,1600,84.25,1750,3850,3283050
NIFTY03NOV2217900CE.NFO,28/10/2022,09:26:41,83.7,83.75,50,83.9,1300,4700,3283050
NIFTY03NOV2217900CE.NFO,28/10/2022,09:26:42,83.75,83.6,450,83.75,500,2500,3283050
NIFTY03NOV2217900CE.NFO,28/10/2022,09:26:42,83.7,83.65,300,83.75,200,200,3283050
NIFTY03NOV2217900CE.NFO,28/10/2022,09:26:43,83.65,83.65,950,83.8,50,1150,3283050
NIFTY03NOV2217900CE.NFO,28/10/2022,09:26:45,83.85,83.55,50,83.7,150,850,3283050
NIFTY03NOV2217900CE.NFO,28/10/2022,09:26:46,83.75,83.6,100,83.75,200,5600,3283050
NIFTY03NOV2217900CE.NFO,28/10/2022,09:26:47,84,84,250,84.15,950,3300,3283050
NIFTY03NOV2217900CE.NFO,28/10/2022,09:26:48,84,83.85,950,83.95,150,1200,3283050
NIFTY03NOV2217900CE.NFO,28/10/2022,09:26:49,84.35,84.15,500,84.35,550,1200,3283050
NIFTY03NOV2217900CE.NFO,28/10/2022,09:26:50,84,83.85,350,84,50,750,3283050
NIFTY03NOV2217900CE.NFO,28/10/2022,09:26:51,83.95,83.75,2000,83.95,250,1200,3283050
NIFTY03NOV2217900CE.NFO,28/10/2022,09:26:51,83.9,83.8,200,83.95,250,50,3283050
NIFTY03NOV2217900CE.NFO,28/10/2022,09:26:52,84.05,83.95,50,84.1,250,1550,3283050
NIFTY03NOV2217900CE.NFO,28/10/2022,09:26:54,84.2,84.05,100,84.2,1000,3800,3283050
NIFTY03NOV2217900CE.NFO,28/10/2022,09:26:55,84.5,84.4,1100,84.6,950,3650,3283050
NIFTY03NOV2217900CE.NFO,28/10/2022,09:26:56,83.85,83.7,450,83.9,150,5650,3283050
NIFTY03NOV2217900CE.NFO,28/10/2022,09:26:57,84.55,84.65,1800,84.8,50,4250,3283050
NIFTY03NOV2217900CE.NFO,28/10/2022,09:26:58,85.6,85.4,50,85.55,200,8850,3283050
NIFTY03NOV2217900CE.NFO,28/10/2022,09:26:59,85.45,85.25,900,85.45,550,4500,3283050
NIFTY03NOV2217900CE.NFO,28/10/2022,09:27:00,85.75,85.6,250,85.75,50,3250,3283050
NIFTY03NOV2217900CE.NFO,28/10/2022,09:27:01,85.6,85.6,1150,85.8,50,8450,3283050
NIFTY03NOV2217900CE.NFO,28/10/2022,09:27:02,85.95,85.75,300,85.95,100,2900,3283050
NIFTY03NOV2217900CE.NFO,28/10/2022,09:27:03,86.05,86.05,250,86.3,2200,13250,3283050
NIFTY03NOV2217900CE.NFO,28/10/2022,09:27:04,85.85,85.8,600,86,250,750,3283050
NIFTY03NOV2217900CE.NFO,28/10/2022,09:27:05,85.6,85.35,150,85.5,450,8700,3283050
NIFTY03NOV2217900CE.NFO,28/10/2022,09:27:06,85.15,85.15,350,85.3,300,2300,3283050
NIFTY03NOV2217900CE.NFO,28/10/2022,09:27:07,85.5,85.4,600,85.55,150,7600,3283050
NIFTY03NOV2217900CE.NFO,28/10/2022,09:27:08,85.95,85.85,250,85.95,350,4600,3283050
NIFTY03NOV2217900CE.NFO,28/10/2022,09:27:09,86.25,86.25,450,86.35,400,8450,3283050
NIFTY03NOV2217900CE.NFO,28/10/2022,09:27:10,86.45,86.35,100,86.45,450,1500,3283050
NIFTY03NOV2217900CE.NFO,28/10/2022,09:27:11,85.95,85.9,2700,86.1,600,6000,3283050
NIFTY03NOV2217900CE.NFO,28/10/2022,09:27:12,85.7,85.7,150,85.9,250,12850,3283050
NIFTY03NOV2217900CE.NFO,28/10/2022,09:27:13,86.15,86.15,100,86.3,250,5000,3283050
NIFTY03NOV2217900CE.NFO,28/10/2022,09:27:14,86.2,86.1,50,86.2,100,3000,3283050
NIFTY03NOV2217900CE.NFO,28/10/2022,09:27:15,86.45,86.35,100,86.55,950,3250,3283050
NIFTY03NOV2217900CE.NFO,28/10/2022,09:27:17,86.25,86,1300,86.2,600,6050,3283050
NIFTY03NOV2217900CE.NFO,28/10/2022,09:27:18,86,86,250,86.15,150,2250,3283050
NIFTY03NOV2217900CE.NFO,28/10/2022,09:27:19,86.4,86.35,300,86.45,100,3400,3283050
NIFTY03NOV2217900CE.NFO,28/10/2022,09:27:20,86.15,86,300,86.2,2700,2100,3283050
NIFTY03NOV2217900CE.NFO,28/10/2022,09:27:21,86,85.85,200,86.05,300,4050,3283050
NIFTY03NOV2217900CE.NFO,28/10/2022,09:27:22,86.2,86.15,250,86.25,200,1900,3283050
NIFTY03NOV2217900CE.NFO,28/10/2022,09:27:23,86.15,86.05,200,86.25,400,4650,3283050
NIFTY03NOV2217900CE.NFO,28/10/2022,09:27:24,86.5,86.35,150,86.5,1000,2400,3283050
NIFTY03NOV2217900CE.NFO,28/10/2022,09:27:25,86.2,86.25,200,86.4,100,4450,3283050
NIFTY03NOV2217900CE.NFO,28/10/2022,09:27:26,85.9,85.8,250,85.95,100,4500,3283050
NIFTY03NOV2217900CE.NFO,28/10/2022,09:27:27,85.95,85.75,350,85.9,100,5800,3283050
NIFTY03NOV2217900CE.NFO,28/10/2022,09:27:28,86.25,86.25,450,86.35,50,2550,3283050
NIFTY03NOV2217900CE.NFO,28/10/2022,09:27:29,85.95,85.95,250,86.1,200,19050,3283050
NIFTY03NOV2217900CE.NFO,28/10/2022,09:27:30,86.6,86.5,50,86.6,100,4350,3283050
NIFTY03NOV2217900CE.NFO,28/10/2022,09:27:31,87.15,87.25,100,87.4,50,13600,3283050
NIFTY03NOV2217900CE.NFO,28/10/2022,09:27:32,86.85,86.65,300,86.7,100,3750,3283050
NIFTY03NOV2217900CE.NFO,28/10/2022,09:27:33,86.8,86.65,50,86.85,250,3400,3283050
NIFTY03NOV2217900CE.NFO,28/10/2022,09:27:34,86.6,86.65,50,86.8,800,2550,3283050
NIFTY03NOV2217900CE.NFO,28/10/2022,09:27:35,86.9,86.75,100,86.9,1400,1150,3283050
NIFTY03NOV2217900CE.NFO,28/10/2022,09:27:36,87.4,87.4,150,87.5,800,4350,3283050
NIFTY03NOV2217900CE.NFO,28/10/2022,09:27:38,87.9,87.8,500,87.9,700,6250,3283050
NIFTY03NOV2217900CE.NFO,28/10/2022,09:27:38,87.9,87.8,500,87.9,700,0,3283050
NIFTY03NOV2217900CE.NFO,28/10/2022,09:27:39,87.3,87.25,250,87.45,50,16450,3283050
NIFTY03NOV2217900CE.NFO,28/10/2022,09:27:40,87.35,87.15,100,87.35,50,6900,3283050
NIFTY03NOV2217900CE.NFO,28/10/2022,09:27:41,87.75,87.75,50,87.9,550,5800,3283050
NIFTY03NOV2217900CE.NFO,28/10/2022,09:27:41,87.95,87.75,50,87.9,550,0,3283050
NIFTY03NOV2217900CE.NFO,28/10/2022,09:27:42,87.8,87.8,250,87.95,100,6500,3283050
NIFTY03NOV2217900CE.NFO,28/10/2022,09:27:42,88,87.8,250,87.95,100,0,3283050
NIFTY03NOV2217900CE.NFO,28/10/2022,09:27:43,87.8,87.8,550,88,9250,9700,3283050
NIFTY03NOV2217900CE.NFO,28/10/2022,09:27:44,88.15,88,100,88.1,150,15500,3283050
NIFTY03NOV2217900CE.NFO,28/10/2022,09:27:44,88.45,88,100,88.1,150,0,3283050
NIFTY03NOV2217900CE.NFO,28/10/2022,09:27:44,88.2,88,500,88.25,1650,450,3283050
NIFTY03NOV2217900CE.NFO,28/10/2022,09:27:45,87.65,87.7,450,87.9,4150,8350,3283050
NIFTY03NOV2217900CE.NFO,28/10/2022,09:27:46,87.85,87.75,200,87.85,650,2050,3283050
NIFTY03NOV2217900CE.NFO,28/10/2022,09:27:48,87.5,87.35,250,87.45,100,6450,3283050
NIFTY03NOV2217900CE.NFO,28/10/2022,09:27:49,86.55,86.6,650,86.75,250,11250,3283050
NIFTY03NOV2217900CE.NFO,28/10/2022,09:27:50,86.55,86.55,650,86.75,650,5800,3283050
NIFTY03NOV2217900CE.NFO,28/10/2022,09:27:51,86.5,86.4,2450,86.5,2250,4200,3283050
NIFTY03NOV2217900CE.NFO,28/10/2022,09:27:52,86.55,86.35,1200,86.55,1050,3100,3283050
NIFTY03NOV2217900CE.NFO,28/10/2022,09:27:52,86.55,86.4,200,86.55,800,200,3283050
NIFTY03NOV2217900CE.NFO,28/10/2022,09:27:54,86.5,86.55,100,86.7,550,4850,3283050
NIFTY03NOV2217900CE.NFO,28/10/2022,09:27:55,87,86.85,500,87,3450,2000,3283050
NIFTY03NOV2217900CE.NFO,28/10/2022,09:27:56,87.5,87.3,150,87.5,200,9800,3283050
NIFTY03NOV2217900CE.NFO,28/10/2022,09:27:57,87.7,87.8,50,87.85,100,7150,3283050
NIFTY03NOV2217900CE.NFO,28/10/2022,09:27:58,86.8,86.75,250,86.8,1100,8400,3283050
NIFTY03NOV2217900CE.NFO,28/10/2022,09:27:59,86.8,86.55,100,86.75,1150,4650,3283050
NIFTY03NOV2217900CE.NFO,28/10/2022,09:28:00,86.85,86.75,100,86.9,300,5200,3283050
NIFTY03NOV2217900CE.NFO,28/10/2022,09:28:01,86.35,86.2,150,86.35,650,6500,3283050
NIFTY03NOV2217900CE.NFO,28/10/2022,09:28:02,86.4,86.4,200,86.55,50,3350,3283050
NIFTY03NOV2217900CE.NFO,28/10/2022,09:28:03,86.3,86.1,750,86.3,250,4250,3283050
NIFTY03NOV2217900CE.NFO,28/10/2022,09:28:04,85.9,85.9,2700,86.1,1600,7450,3283050
NIFTY03NOV2217900CE.NFO,28/10/2022,09:28:05,85.3,85.3,650,85.45,150,8450,3283050
NIFTY03NOV2217900CE.NFO,28/10/2022,09:28:06,85.75,85.75,200,85.85,50,5050,3283050
NIFTY03NOV2217900CE.NFO,28/10/2022,09:28:07,86.25,86.25,950,86.4,350,6350,3283050
NIFTY03NOV2217900CE.NFO,28/10/2022,09:28:08,86.1,86.2,100,86.3,50,14650,3283050
NIFTY03NOV2217900CE.NFO,28/10/2022,09:28:10,87.15,87,600,87.15,250,4500,3283050
NIFTY03NOV2217900CE.NFO,28/10/2022,09:28:11,87.05,87.1,1400,87.3,50,1800,3283050
NIFTY03NOV2217900CE.NFO,28/10/2022,09:28:12,87.15,87.1,250,87.25,750,4900,3283050
NIFTY03NOV2217900CE.NFO,28/10/2022,09:28:13,86.25,86.25,150,86.35,700,5250,3283050
NIFTY03NOV2217900CE.NFO,28/10/2022,09:28:14,86.5,86.35,100,86.5,650,6200,3283050
NIFTY03NOV2217900CE.NFO,28/10/2022,09:28:15,86.3,86.3,200,86.4,450,2550,3283050
NIFTY03NOV2217900CE.NFO,28/10/2022,09:28:16,86.5,86.35,950,86.5,50,2650,3283050
NIFTY03NOV2217900CE.NFO,28/10/2022,09:28:17,86.45,86.3,100,86.45,50,2150,3283050
NIFTY03NOV2217900CE.NFO,28/10/2022,09:28:18,86.5,86.45,850,86.65,650,2350,3283050
NIFTY03NOV2217900CE.NFO,28/10/2022,09:28:18,86.65,86.7,100,86.85,400,1250,3283050
NIFTY03NOV2217900CE.NFO,28/10/2022,09:28:20,86.75,86.55,1100,86.7,450,4900,3283050
NIFTY03NOV2217900CE.NFO,28/10/2022,09:28:21,86,85.85,600,86.05,200,9800,3283050
NIFTY03NOV2217900CE.NFO,28/10/2022,09:28:22,86.05,85.8,1250,86,350,950,3283050
NIFTY03NOV2217900CE.NFO,28/10/2022,09:28:23,85.55,85.55,100,85.7,50,4700,3283050
NIFTY03NOV2217900CE.NFO,28/10/2022,09:28:24,85.6,85.4,700,85.6,300,4000,3283050
NIFTY03NOV2217900CE.NFO,28/10/2022,09:28:25,85.05,84.9,700,85,100,26200,3283050
NIFTY03NOV2217900CE.NFO,28/10/2022,09:28:26,84.6,84.5,100,84.6,150,3700,3283050
NIFTY03NOV2217900CE.NFO,28/10/2022,09:28:27,85.05,84.8,250,85.05,1150,8300,3283050
NIFTY03NOV2217900CE.NFO,28/10/2022,09:28:28,85.05,85,700,85.2,550,1250,3283050
NIFTY03NOV2217900CE.NFO,28/10/2022,09:28:29,85,84.95,150,85,50,1600,3283050
NIFTY03NOV2217900CE.NFO,28/10/2022,09:28:30,85.15,85.05,50,85.15,100,1500,3283050
NIFTY03NOV2217900CE.NFO,28/10/2022,09:28:30,85.05,84.9,700,85.05,50,3400,3283050
NIFTY03NOV2217900CE.NFO,28/10/2022,09:28:32,84.8,84.75,150,84.9,50,1900,3283050
NIFTY03NOV2217900CE.NFO,28/10/2022,09:28:33,84.2,84.3,100,84.4,50,5750,3283050
NIFTY03NOV2217900CE.NFO,28/10/2022,09:28:34,84,84,50,84.15,1800,10650,3283050
NIFTY03NOV2217900CE.NFO,28/10/2022,09:28:35,84,83.95,300,84.1,100,4800,3283050
NIFTY03NOV2217900CE.NFO,28/10/2022,09:28:36,84.55,84.3,50,84.5,500,10800,3283050
NIFTY03NOV2217900CE.NFO,28/10/2022,09:28:36,84.4,84.25,50,84.4,200,400,3283050
NIFTY03NOV2217900CE.NFO,28/10/2022,09:28:38,84.2,84.15,250,84.35,350,2850,3283050
NIFTY03NOV2217900CE.NFO,28/10/2022,09:28:39,84.1,84,1200,84.1,750,7400,3283050
NIFTY03NOV2217900CE.NFO,28/10/2022,09:28:40,84,84,2100,84.2,1000,2800,3283050
NIFTY03NOV2217900CE.NFO,28/10/2022,09:28:41,83.85,83.9,100,84.1,850,3650,3283050
NIFTY03NOV2217900CE.NFO,28/10/2022,09:28:42,83.95,83.8,100,83.95,100,7200,3283050
NIFTY03NOV2217900CE.NFO,28/10/2022,09:28:43,84,83.8,750,83.95,300,3900,3283050
NIFTY03NOV2217900CE.NFO,28/10/2022,09:28:44,83.75,83.75,150,83.9,50,3600,3283050
NIFTY03NOV2217900CE.NFO,28/10/2022,09:28:45,84,83.75,1150,83.95,100,5200,3283050
NIFTY03NOV2217900CE.NFO,28/10/2022,09:28:46,83.85,83.65,450,83.8,650,6250,3283050
NIFTY03NOV2217900CE.NFO,28/10/2022,09:28:47,83.45,83.45,800,83.65,550,2300,3283050
NIFTY03NOV2217900CE.NFO,28/10/2022,09:28:48,83.55,83.45,400,83.55,250,2550,3283050
NIFTY03NOV2217900CE.NFO,28/10/2022,09:28:49,83.35,83.3,250,83.5,2500,9450,3283050
NIFTY03NOV2217900CE.NFO,28/10/2022,09:28:50,83.25,83.3,950,83.5,50,3000,3283050
NIFTY03NOV2217900CE.NFO,28/10/2022,09:28:51,83.6,83.65,250,83.8,100,10950,3283050
NIFTY03NOV2217900CE.NFO,28/10/2022,09:28:52,83.55,83.5,550,83.65,100,9000,3283050
NIFTY03NOV2217900CE.NFO,28/10/2022,09:28:54,84.65,84.5,100,84.6,50,10900,3283050
NIFTY03NOV2217900CE.NFO,28/10/2022,09:28:55,84.9,84.65,200,84.8,150,8600,3283050
NIFTY03NOV2217900CE.NFO,28/10/2022,09:28:56,84.4,84.15,600,84.3,150,7100,3283050
NIFTY03NOV2217900CE.NFO,28/10/2022,09:28:57,84.35,84.2,200,84.3,50,2550,3283050
NIFTY03NOV2217900CE.NFO,28/10/2022,09:28:58,84.5,84.35,250,84.5,600,3550,3283050
NIFTY03NOV2217900CE.NFO,28/10/2022,09:28:59,84.4,84.25,100,84.4,300,1300,3283050
NIFTY03NOV2217900CE.NFO,28/10/2022,09:29:00,84.7,84.7,150,84.8,750,1700,3283050
NIFTY03NOV2217900CE.NFO,28/10/2022,09:29:01,84.6,84.45,450,84.65,400,950,3283050
NIFTY03NOV2217900CE.NFO,28/10/2022,09:29:02,84.7,84.5,200,84.6,550,4050,3283050
NIFTY03NOV2217900CE.NFO,28/10/2022,09:29:03,84.25,84.2,150,84.35,250,3700,3283050
NIFTY03NOV2217900CE.NFO,28/10/2022,09:29:04,84.1,84,1500,84.15,400,750,3283050
NIFTY03NOV2217900CE.NFO,28/10/2022,09:29:05,84,84,650,84.05,50,1450,3283050
NIFTY03NOV2217900CE.NFO,28/10/2022,09:29:06,84.15,84.05,300,84.15,100,5150,3283050
NIFTY03NOV2217900CE.NFO,28/10/2022,09:29:07,84.25,84.05,850,84.2,1650,2050,3283050
NIFTY03NOV2217900CE.NFO,28/10/2022,09:29:08,84.15,84.05,350,84.15,550,2150,3283050
NIFTY03NOV2217900CE.NFO,28/10/2022,09:29:09,84.05,84.05,200,84.1,900,350,3283050
NIFTY03NOV2217900CE.NFO,28/10/2022,09:29:10,83.95,83.85,2250,84,1000,3700,3283050
NIFTY03NOV2217900CE.NFO,28/10/2022,09:29:11,84.1,84.15,50,84.3,150,6450,3283050
NIFTY03NOV2217900CE.NFO,28/10/2022,09:29:12,84.7,84.55,650,84.7,350,6000,3431850
NIFTY03NOV2217900CE.NFO,28/10/2022,09:29:13,84.5,84.45,500,84.6,800,7300,3431850
NIFTY03NOV2217900CE.NFO,28/10/2022,09:29:15,84.55,84.4,250,84.55,50,2900,3431850
NIFTY03NOV2217900CE.NFO,28/10/2022,09:29:16,84.75,84.85,200,84.95,800,3700,3431850
NIFTY03NOV2217900CE.NFO,28/10/2022,09:29:17,85.05,84.85,200,85.05,350,11750,3431850
NIFTY03NOV2217900CE.NFO,28/10/2022,09:29:18,84.8,84.75,50,84.85,100,2100,3431850
NIFTY03NOV2217900CE.NFO,28/10/2022,09:29:19,84.85,84.7,50,84.85,150,450,3431850
NIFTY03NOV2217900CE.NFO,28/10/2022,09:29:20,84.8,84.6,150,84.75,850,1100,3431850
NIFTY03NOV2217900CE.NFO,28/10/2022,09:29:21,84.8,84.6,150,84.75,300,2250,3431850
NIFTY03NOV2217900CE.NFO,28/10/2022,09:29:22,84.8,84.8,250,84.95,2500,1200,3431850
NIFTY03NOV2217900CE.NFO,28/10/2022,09:29:23,85.2,85,600,85.2,100,5100,3431850
NIFTY03NOV2217900CE.NFO,28/10/2022,09:29:24,84.95,84.85,200,85.05,150,5050,3431850
NIFTY03NOV2217900CE.NFO,28/10/2022,09:29:25,85.15,85,900,85.1,150,550,3431850
NIFTY03NOV2217900CE.NFO,28/10/2022,09:29:26,85.3,85.3,150,85.5,150,6100,3431850
NIFTY03NOV2217900CE.NFO,28/10/2022,09:29:27,85.55,85.3,100,85.5,3150,3650,3431850
NIFTY03NOV2217900CE.NFO,28/10/2022,09:29:28,85.2,85.15,100,85.35,4550,2900,3431850
NIFTY03NOV2217900CE.NFO,28/10/2022,09:29:29,85.25,85.1,1150,85.3,300,600,3431850
NIFTY03NOV2217900CE.NFO,28/10/2022,09:29:30,85.3,85.1,950,85.3,150,1250,3431850
NIFTY03NOV2217900CE.NFO,28/10/2022,09:29:31,85.45,85.25,450,85.45,1600,1200,3431850
NIFTY03NOV2217900CE.NFO,28/10/2022,09:29:32,85.25,85.05,950,85.25,50,1400,3431850
NIFTY03NOV2217900CE.NFO,28/10/2022,09:29:33,85.25,85.05,1300,85.25,100,1250,3431850
NIFTY03NOV2217900CE.NFO,28/10/2022,09:29:34,85.2,85.05,100,85.2,200,1700,3431850
NIFTY03NOV2217900CE.NFO,28/10/2022,09:29:35,85.15,85.05,100,85.15,200,600,3431850
NIFTY03NOV2217900CE.NFO,28/10/2022,09:29:36,85.4,85.25,200,85.4,400,850,3431850
NIFTY03NOV2217900CE.NFO,28/10/2022,09:29:38,85.5,85.5,300,85.65,750,2150,3431850
NIFTY03NOV2217900CE.NFO,28/10/2022,09:29:39,85.25,85.1,100,85.25,200,1450,3431850
NIFTY03NOV2217900CE.NFO,28/10/2022,09:29:40,85.3,85.15,550,85.35,1850,550,3431850
NIFTY03NOV2217900CE.NFO,28/10/2022,09:29:41,85.6,85.35,300,85.5,500,1950,3431850
NIFTY03NOV2217900CE.NFO,28/10/2022,09:29:42,85.25,85.2,200,85.25,1350,750,3431850
NIFTY03NOV2217900CE.NFO,28/10/2022,09:29:44,85.4,85.2,450,85.4,1150,2450,3431850
NIFTY03NOV2217900CE.NFO,28/10/2022,09:29:45,85.6,85.4,100,85.55,250,1000,3431850
NIFTY03NOV2217900CE.NFO,28/10/2022,09:29:46,85.2,85.15,1050,85.35,1600,2500,3431850
NIFTY03NOV2217900CE.NFO,28/10/2022,09:29:47,85.45,85.25,1050,85.45,350,500,3431850
NIFTY03NOV2217900CE.NFO,28/10/2022,09:29:48,85.25,85.25,700,85.4,100,600,3431850
NIFTY03NOV2217900CE.NFO,28/10/2022,09:29:49,85.25,85.2,400,85.35,750,500,3431850
NIFTY03NOV2217900CE.NFO,28/10/2022,09:29:50,84.4,84.55,1150,84.65,50,6200,3431850
NIFTY03NOV2217900CE.NFO,28/10/2022,09:29:51,84.7,84.65,500,84.85,550,4650,3431850
NIFTY03NOV2217900CE.NFO,28/10/2022,09:29:52,84.6,84.6,1800,84.8,550,1150,3431850
NIFTY03NOV2217900CE.NFO,28/10/2022,09:29:53,84.75,84.65,400,84.8,50,950,3431850
NIFTY03NOV2217900CE.NFO,28/10/2022,09:29:55,84.4,84.35,200,84.5,50,2200,3431850
NIFTY03NOV2217900CE.NFO,28/10/2022,09:29:56,84.35,84.35,200,84.55,550,1200,3431850
NIFTY03NOV2217900CE.NFO,28/10/2022,09:29:57,84.3,84.3,50,84.45,100,950,3431850
NIFTY03NOV2217900CE.NFO,28/10/2022,09:29:58,84.4,84.4,200,84.55,500,2300,3431850
NIFTY03NOV2217900CE.NFO,28/10/2022,09:29:59,84.35,84.35,350,84.5,50,2050,3431850
NIFTY03NOV2217900CE.NFO,28/10/2022,09:30:00,84.7,84.5,250,84.7,150,3200,3431850
NIFTY03NOV2217900CE.NFO,28/10/2022,09:30:01,84.3,84.25,100,84.4,300,2750,3431850
NIFTY03NOV2217900CE.NFO,28/10/2022,09:30:02,83.85,83.85,400,83.9,350,12850,3431850
NIFTY03NOV2217900CE.NFO,28/10/2022,09:30:04,84,83.85,200,83.95,100,4250,3431850
NIFTY03NOV2217900CE.NFO,28/10/2022,09:30:05,84.05,84.05,250,84.25,1350,3850,3431850
NIFTY03NOV2217900CE.NFO,28/10/2022,09:30:06,84.1,84.05,500,84.2,150,850,3431850
NIFTY03NOV2217900CE.NFO,28/10/2022,09:30:07,84.2,84.2,150,84.35,500,2150,3431850
NIFTY03NOV2217900CE.NFO,28/10/2022,09:30:08,84.4,84.25,100,84.4,450,1650,3431850
NIFTY03NOV2217900CE.NFO,28/10/2022,09:30:10,84.4,84.25,350,84.45,450,1950,3431850
NIFTY03NOV2217900CE.NFO,28/10/2022,09:30:11,84.6,84.5,50,84.7,600,2100,3431850
NIFTY03NOV2217900CE.NFO,28/10/2022,09:30:12,84.6,84.35,200,84.5,550,1400,3431850
NIFTY03NOV2217900CE.NFO,28/10/2022,09:30:13,84.45,84.45,100,84.6,150,2450,3431850
NIFTY03NOV2217900CE.NFO,28/10/2022,09:30:14,84.15,84.15,300,84.3,250,1900,3431850
NIFTY03NOV2217900CE.NFO,28/10/2022,09:30:15,84.35,84.3,100,84.35,500,1700,3431850
NIFTY03NOV2217900CE.NFO,28/10/2022,09:30:16,84.2,84.15,100,84.2,100,1600,3431850
NIFTY03NOV2217900CE.NFO,28/10/2022,09:30:17,83.75,83.75,50,83.95,900,6500,3431850
NIFTY03NOV2217900CE.NFO,28/10/2022,09:30:18,83.55,83.55,2250,83.65,50,12300,3431850
NIFTY03NOV2217900CE.NFO,28/10/2022,09:30:20,83.15,83,14950,83.15,150,12200,3431850
NIFTY03NOV2217900CE.NFO,28/10/2022,09:30:21,83,83,7250,83.15,450,8200,3431850
NIFTY03NOV2217900CE.NFO,28/10/2022,09:30:22,83.65,83.5,100,83.6,400,16550,3431850
NIFTY03NOV2217900CE.NFO,28/10/2022,09:30:23,83.25,83.3,650,83.45,50,6400,3431850
NIFTY03NOV2217900CE.NFO,28/10/2022,09:30:24,82.85,82.85,400,82.95,100,3050,3431850
NIFTY03NOV2217900CE.NFO,28/10/2022,09:30:25,83,83,150,83.1,300,4200,3431850
NIFTY03NOV2217900CE.NFO,28/10/2022,09:30:26,82.8,82.8,200,82.95,200,2800,3431850
NIFTY03NOV2217900CE.NFO,28/10/2022,09:30:27,82.85,82.7,250,82.9,500,1900,3431850
NIFTY03NOV2217900CE.NFO,28/10/2022,09:30:28,82.6,82.45,450,82.65,100,1550,3431850
NIFTY03NOV2217900CE.NFO,28/10/2022,09:30:29,82.5,82.3,150,82.45,300,4450,3431850
NIFTY03NOV2217900CE.NFO,28/10/2022,09:30:30,82.45,82.2,800,82.4,750,3550,3431850
NIFTY03NOV2217900CE.NFO,28/10/2022,09:30:31,82.4,82.2,800,82.4,1100,7500,3431850
NIFTY03NOV2217900CE.NFO,28/10/2022,09:30:32,82.25,82.05,1050,82.25,2800,10050,3431850
NIFTY03NOV2217900CE.NFO,28/10/2022,09:30:33,81.9,81.75,550,81.95,400,15800,3431850
NIFTY03NOV2217900CE.NFO,28/10/2022,09:30:34,81.45,81.4,300,81.6,100,4950,3431850
NIFTY03NOV2217900CE.NFO,28/10/2022,09:30:35,81.4,81.45,150,81.6,500,11900,3431850
NIFTY03NOV2217900CE.NFO,28/10/2022,09:30:36,81.2,81.25,450,81.4,100,9850,3431850
NIFTY03NOV2217900CE.NFO,28/10/2022,09:30:37,81.35,81.2,950,81.45,3400,2750,3431850
NIFTY03NOV2217900CE.NFO,28/10/2022,09:30:38,81,81.05,400,81.2,400,6350,3431850
NIFTY03NOV2217900CE.NFO,28/10/2022,09:30:39,81.3,81.15,150,81.25,100,3800,3431850
NIFTY03NOV2217900CE.NFO,28/10/2022,09:30:40,81.8,81.75,650,81.85,250,5300,3431850
NIFTY03NOV2217900CE.NFO,28/10/2022,09:30:42,81.65,81.6,1100,81.7,150,5350,3431850
NIFTY03NOV2217900CE.NFO,28/10/2022,09:30:43,82.2,82,1150,82.2,800,7050,3431850
NIFTY03NOV2217900CE.NFO,28/10/2022,09:30:44,82.15,81.9,750,82,100,2150,3431850
NIFTY03NOV2217900CE.NFO,28/10/2022,09:30:45,82.55,82.6,800,82.75,350,3650,3431850
NIFTY03NOV2217900CE.NFO,28/10/2022,09:30:46,82.3,82.35,100,82.5,50,5150,3431850
NIFTY03NOV2217900CE.NFO,28/10/2022,09:30:47,82.7,82.65,200,82.85,600,4900,3431850
NIFTY03NOV2217900CE.NFO,28/10/2022,09:30:48,82.65,82.7,550,82.85,400,3800,3431850
NIFTY03NOV2217900CE.NFO,28/10/2022,09:30:50,82.5,82.35,1100,82.55,100,1550,3431850
NIFTY03NOV2217900CE.NFO,28/10/2022,09:30:51,83.4,83.5,50,83.65,50,8700,3431850
NIFTY03NOV2217900CE.NFO,28/10/2022,09:30:52,83.55,83.55,100,83.7,150,5550,3431850
NIFTY03NOV2217900CE.NFO,28/10/2022,09:30:53,83.55,83.35,500,83.5,100,5100,3431850
NIFTY03NOV2217900CE.NFO,28/10/2022,09:30:54,83.5,83.4,150,83.5,50,1450,3431850
NIFTY03NOV2217900CE.NFO,28/10/2022,09:30:55,83.6,83.65,500,83.75,100,2400,3431850
NIFTY03NOV2217900CE.NFO,28/10/2022,09:30:56,83.5,83.45,100,83.6,900,2500,3431850
NIFTY03NOV2217900CE.NFO,28/10/2022,09:30:57,83.55,83.5,500,83.65,100,3550,3431850
NIFTY03NOV2217900CE.NFO,28/10/2022,09:30:58,83.65,83.65,100,83.8,400,2750,3431850
NIFTY03NOV2217900CE.NFO,28/10/2022,09:30:59,83.85,83.8,1650,83.9,400,1600,3431850
NIFTY03NOV2217900CE.NFO,28/10/2022,09:31:00,84,84,550,84.15,450,3550,3431850
NIFTY03NOV2217900CE.NFO,28/10/2022,09:31:01,83.75,83.75,100,83.9,150,3300,3431850
NIFTY03NOV2217900CE.NFO,28/10/2022,09:31:02,83.4,83.4,100,83.55,150,3700,3431850
NIFTY03NOV2217900CE.NFO,28/10/2022,09:31:03,83,82.85,400,83,150,6450,3431850
NIFTY03NOV2217900CE.NFO,28/10/2022,09:31:04,83,82.95,650,83,950,3400,3431850
NIFTY03NOV2217900CE.NFO,28/10/2022,09:31:05,82.55,82.5,400,82.6,150,2800,3431850
NIFTY03NOV2217900CE.NFO,28/10/2022,09:31:06,82.35,82.4,350,82.55,100,2500,3431850
NIFTY03NOV2217900CE.NFO,28/10/2022,09:31:08,82.45,82.45,100,82.6,200,4350,3431850
NIFTY03NOV2217900CE.NFO,28/10/2022,09:31:09,82.55,82.45,1200,82.55,50,1400,3431850
NIFTY03NOV2217900CE.NFO,28/10/2022,09:31:10,82.55,82.35,150,82.5,100,950,3431850
NIFTY03NOV2217900CE.NFO,28/10/2022,09:31:11,82.45,82.4,100,82.5,250,2750,3431850
NIFTY03NOV2217900CE.NFO,28/10/2022,09:31:12,82.6,82.65,50,82.75,50,2350,3431850
NIFTY03NOV2217900CE.NFO,28/10/2022,09:31:13,82.7,82.55,150,82.7,200,2100,3431850
NIFTY03NOV2217900CE.NFO,28/10/2022,09:31:14,82.75,82.6,100,82.75,300,750,3431850
NIFTY03NOV2217900CE.NFO,28/10/2022,09:31:15,83.6,83.5,350,83.65,350,6050,3431850
NIFTY03NOV2217900CE.NFO,28/10/2022,09:31:16,83.7,83.55,100,83.7,450,1850,3431850
NIFTY03NOV2217900CE.NFO,28/10/2022,09:31:18,83.65,83.6,100,83.75,150,2400,3431850
NIFTY03NOV2217900CE.NFO,28/10/2022,09:31:19,83.3,83.25,250,83.45,450,1950,3431850
NIFTY03NOV2217900CE.NFO,28/10/2022,09:31:20,83.15,83.25,100,83.4,400,3900,3431850
NIFTY03NOV2217900CE.NFO,28/10/2022,09:31:21,83.4,83.35,100,83.5,200,3150,3431850
NIFTY03NOV2217900CE.NFO,28/10/2022,09:31:22,83.6,83.45,100,83.6,200,700,3431850
NIFTY03NOV2217900CE.NFO,28/10/2022,09:31:23,83.35,83.25,700,83.45,300,2300,3431850
NIFTY03NOV2217900CE.NFO,28/10/2022,09:31:24,83.7,83.45,100,83.6,350,3650,3431850
NIFTY03NOV2217900CE.NFO,28/10/2022,09:31:26,83.8,83.75,100,83.9,100,1750,3431850
NIFTY03NOV2217900CE.NFO,28/10/2022,09:31:27,84.45,84.2,1450,84.4,450,5350,3431850
NIFTY03NOV2217900CE.NFO,28/10/2022,09:31:28,84.45,84.3,100,84.45,400,2250,3431850
NIFTY03NOV2217900CE.NFO,28/10/2022,09:31:29,84.4,84.3,100,84.45,550,8000,3431850
NIFTY03NOV2217900CE.NFO,28/10/2022,09:31:30,84.75,84.55,250,84.75,200,6850,3431850
NIFTY03NOV2217900CE.NFO,28/10/2022,09:31:31,84.15,84,1000,84.15,350,3050,3431850
NIFTY03NOV2217900CE.NFO,28/10/2022,09:31:32,83.85,83.9,100,84.05,150,5200,3431850
NIFTY03NOV2217900CE.NFO,28/10/2022,09:31:34,83.85,83.9,100,84.05,100,2750,3431850
NIFTY03NOV2217900CE.NFO,28/10/2022,09:31:34,84,84,250,84.2,500,750,3431850
NIFTY03NOV2217900CE.NFO,28/10/2022,09:31:36,84.45,84.4,100,84.5,650,1300,3431850
NIFTY03NOV2217900CE.NFO,28/10/2022,09:31:37,85,84.95,150,85,7850,7200,3431850
NIFTY03NOV2217900CE.NFO,28/10/2022,09:31:38,85.75,85.55,50,85.7,100,15150,3431850
NIFTY03NOV2217900CE.NFO,28/10/2022,09:31:39,85.55,85.4,50,85.55,100,5700,3431850
NIFTY03NOV2217900CE.NFO,28/10/2022,09:31:40,85.05,85,500,85.15,100,5750,3431850
NIFTY03NOV2217900CE.NFO,28/10/2022,09:31:42,85,84.95,100,85.15,700,9900,3431850
NIFTY03NOV2217900CE.NFO,28/10/2022,09:31:43,84.65,84.6,450,84.8,100,2750,3431850
NIFTY03NOV2217900CE.NFO,28/10/2022,09:31:44,84.65,84.65,200,84.8,100,2850,3431850
NIFTY03NOV2217900CE.NFO,28/10/2022,09:31:45,84.8,84.75,100,84.9,600,5100,3431850
NIFTY03NOV2217900CE.NFO,28/10/2022,09:31:46,84.05,84.1,400,84.25,250,3750,3431850
NIFTY03NOV2217900CE.NFO,28/10/2022,09:31:47,84.2,84.3,250,84.45,100,2150,3431850
NIFTY03NOV2217900CE.NFO,28/10/2022,09:31:48,84.05,84.05,50,84.2,200,5350,3431850
NIFTY03NOV2217900CE.NFO,28/10/2022,09:31:49,84.35,84.1,250,84.25,100,1450,3431850
NIFTY03NOV2217900CE.NFO,28/10/2022,09:31:50,84.5,84.35,150,84.55,700,2150,3431850
NIFTY03NOV2217900CE.NFO,28/10/2022,09:31:52,84.5,84.35,100,84.5,100,6500,3431850
NIFTY03NOV2217900CE.NFO,28/10/2022,09:31:53,84.3,84.15,900,84.35,550,5900,3431850
NIFTY03NOV2217900CE.NFO,28/10/2022,09:31:54,84.3,84.1,100,84.25,50,3200,3431850
NIFTY03NOV2217900CE.NFO,28/10/2022,09:31:55,84.3,84.2,1000,84.4,500,4650,3431850
NIFTY03NOV2217900CE.NFO,28/10/2022,09:31:56,84.3,84.1,600,84.25,100,2750,3431850
NIFTY03NOV2217900CE.NFO,28/10/2022,09:31:57,84.45,84.35,100,84.45,200,2650,3431850
NIFTY03NOV2217900CE.NFO,28/10/2022,09:31:59,84.3,84.15,650,84.3,100,2350,3431850
NIFTY03NOV2217900CE.NFO,28/10/2022,09:32:00,84.1,84.05,50,84.15,200,1400,3431850
NIFTY03NOV2217900CE.NFO,28/10/2022,09:32:01,84.1,84.05,50,84.15,300,650,3431850
NIFTY03NOV2217900CE.NFO,28/10/2022,09:32:02,83.7,83.75,50,83.85,150,5300,3431850
NIFTY03NOV2217900CE.NFO,28/10/2022,09:32:03,84,84,950,84.2,800,1950,3431850
NIFTY03NOV2217900CE.NFO,28/10/2022,09:32:04,84.45,84.5,250,84.65,150,1600,3431850
NIFTY03NOV2217900CE.NFO,28/10/2022,09:32:05,84.1,84.15,650,84.3,100,2600,3431850
NIFTY03NOV2217900CE.NFO,28/10/2022,09:32:06,83.75,83.6,550,83.75,50,2750,3431850
NIFTY03NOV2217900CE.NFO,28/10/2022,09:32:07,84.1,83.9,250,84.05,550,2350,3431850
NIFTY03NOV2217900CE.NFO,28/10/2022,09:32:08,84.35,84.2,50,84.35,550,700,3431850
NIFTY03NOV2217900CE.NFO,28/10/2022,09:32:09,84.1,83.9,100,84.05,150,900,3431850
NIFTY03NOV2217900CE.NFO,28/10/2022,09:32:10,84.15,83.9,600,84.1,500,2050,3431850
NIFTY03NOV2217900CE.NFO,28/10/2022,09:32:12,84.1,84.05,350,84.25,500,2150,3514650
NIFTY03NOV2217900CE.NFO,28/10/2022,09:32:13,84.2,84.05,100,84.2,450,1100,3514650
NIFTY03NOV2217900CE.NFO,28/10/2022,09:32:14,83.65,83.5,100,83.55,100,1200,3514650
NIFTY03NOV2217900CE.NFO,28/10/2022,09:32:15,83.45,83.25,100,83.45,400,2900,3514650
NIFTY03NOV2217900CE.NFO,28/10/2022,09:32:16,83.15,83,5400,83.2,1450,2300,3514650
NIFTY03NOV2217900CE.NFO,28/10/2022,09:32:18,83.4,83.45,200,83.6,350,8350,3514650
NIFTY03NOV2217900CE.NFO,28/10/2022,09:32:19,83.45,83.4,100,83.55,400,850,3514650
NIFTY03NOV2217900CE.NFO,28/10/2022,09:32:20,83.25,83.15,100,83.3,100,1350,3514650
NIFTY03NOV2217900CE.NFO,28/10/2022,09:32:21,83.5,83.35,200,83.55,300,4550,3514650
NIFTY03NOV2217900CE.NFO,28/10/2022,09:32:22,83,82.75,200,82.9,100,2400,3514650
NIFTY03NOV2217900CE.NFO,28/10/2022,09:32:23,83.1,83.1,150,83.25,1000,1450,3514650
NIFTY03NOV2217900CE.NFO,28/10/2022,09:32:24,83.3,83.25,100,83.4,50,1300,3514650
NIFTY03NOV2217900CE.NFO,28/10/2022,09:32:26,83.75,83.6,150,83.75,200,1250,3514650
NIFTY03NOV2217900CE.NFO,28/10/2022,09:32:27,83.8,83.8,150,83.85,600,2500,3514650
NIFTY03NOV2217900CE.NFO,28/10/2022,09:32:28,84.3,84.05,600,84.25,100,4800,3514650
NIFTY03NOV2217900CE.NFO,28/10/2022,09:32:29,83.4,83.35,100,83.5,150,4400,3514650
NIFTY03NOV2217900CE.NFO,28/10/2022,09:32:30,83.4,83.3,100,83.4,100,3000,3514650
NIFTY03NOV2217900CE.NFO,28/10/2022,09:32:31,83.35,83.4,50,83.5,100,1150,3514650
NIFTY03NOV2217900CE.NFO,28/10/2022,09:32:32,83.35,83.2,650,83.35,150,650,3514650
NIFTY03NOV2217900CE.NFO,28/10/2022,09:32:34,83.15,83.15,150,83.35,300,700,3514650
NIFTY03NOV2217900CE.NFO,28/10/2022,09:32:35,83.15,83.15,100,83.3,250,800,3514650
NIFTY03NOV2217900CE.NFO,28/10/2022,09:32:36,82.95,83,250,83.15,50,2450,3514650
NIFTY03NOV2217900CE.NFO,28/10/2022,09:32:37,83.55,83.6,700,83.75,50,1950,3514650
NIFTY03NOV2217900CE.NFO,28/10/2022,09:32:38,83.85,83.65,100,83.8,50,1050,3514650
NIFTY03NOV2217900CE.NFO,28/10/2022,09:32:39,83.95,83.85,100,84,200,1900,3514650
NIFTY03NOV2217900CE.NFO,28/10/2022,09:32:41,84.25,84.1,150,84.25,100,1350,3514650
NIFTY03NOV2217900CE.NFO,28/10/2022,09:32:42,84.7,84.65,300,84.75,50,3100,3514650
NIFTY03NOV2217900CE.NFO,28/10/2022,09:32:43,84.3,84.3,100,84.45,150,850,3514650
NIFTY03NOV2217900CE.NFO,28/10/2022,09:32:44,84.35,84.35,200,84.5,250,500,3514650
NIFTY03NOV2217900CE.NFO,28/10/2022,09:32:45,85,84.95,950,85,8750,4300,3514650
NIFTY03NOV2217900CE.NFO,28/10/2022,09:32:46,84.6,84.5,100,84.65,150,4300,3514650
NIFTY03NOV2217900CE.NFO,28/10/2022,09:32:47,84.55,84.45,100,84.6,800,3700,3514650
NIFTY03NOV2217900CE.NFO,28/10/2022,09:32:48,84.45,84.3,150,84.5,500,4100,3514650
NIFTY03NOV2217900CE.NFO,28/10/2022,09:32:49,84.65,84.6,100,84.75,250,2250,3514650
NIFTY03NOV2217900CE.NFO,28/10/2022,09:32:50,84.45,84.25,550,84.45,350,1650,3514650
NIFTY03NOV2217900CE.NFO,28/10/2022,09:32:51,84.55,84.4,250,84.55,100,3250,3514650
NIFTY03NOV2217900CE.NFO,28/10/2022,09:32:52,84.5,84.45,100,84.5,150,1650,3514650
NIFTY03NOV2217900CE.NFO,28/10/2022,09:32:53,84.55,84.3,150,84.45,300,1350,3514650
NIFTY03NOV2217900CE.NFO,28/10/2022,09:32:55,84.25,84.1,100,84.3,550,3400,3514650
NIFTY03NOV2217900CE.NFO,28/10/2022,09:32:55,84.15,84.15,450,84.3,100,600,3514650
NIFTY03NOV2217900CE.NFO,28/10/2022,09:32:57,84.3,83.95,100,84.05,550,4300,3514650
NIFTY03NOV2217900CE.NFO,28/10/2022,09:32:58,84.4,84.35,1800,84.4,300,1100,3514650
NIFTY03NOV2217900CE.NFO,28/10/2022,09:32:59,84.65,84.6,150,84.7,200,250,3514650
NIFTY03NOV2217900CE.NFO,28/10/2022,09:33:00,84.9,84.75,350,84.9,50,7050,3514650
NIFTY03NOV2217900CE.NFO,28/10/2022,09:33:00,84.8,84.8,50,84.85,400,350,3514650
NIFTY03NOV2217900CE.NFO,28/10/2022,09:33:01,84.7,84.6,100,84.7,550,12450,3514650
NIFTY03NOV2217900CE.NFO,28/10/2022,09:33:02,84.6,84.5,100,84.6,450,3100,3514650
NIFTY03NOV2217900CE.NFO,28/10/2022,09:33:03,84.7,84.65,150,84.85,600,3250,3514650
NIFTY03NOV2217900CE.NFO,28/10/2022,09:33:04,84.8,84.7,1050,84.9,200,2100,3514650
NIFTY03NOV2217900CE.NFO,28/10/2022,09:33:06,85,84.9,50,85,3850,1600,3514650
NIFTY03NOV2217900CE.NFO,28/10/2022,09:33:07,85,84.95,600,85,2950,2050,3514650
NIFTY03NOV2217900CE.NFO,28/10/2022,09:33:08,85.1,85,300,85.15,750,11050,3514650
NIFTY03NOV2217900CE.NFO,28/10/2022,09:33:09,85.6,85.45,200,85.55,200,4500,3514650
NIFTY03NOV2217900CE.NFO,28/10/2022,09:33:10,85.4,85.5,50,85.6,50,10500,3514650
NIFTY03NOV2217900CE.NFO,28/10/2022,09:33:11,85.55,85.45,50,85.55,450,3850,3514650
NIFTY03NOV2217900CE.NFO,28/10/2022,09:33:12,85.2,85.2,50,85.35,450,3750,3514650
NIFTY03NOV2217900CE.NFO,28/10/2022,09:33:13,85.55,85.35,350,85.5,200,6100,3514650
NIFTY03NOV2217900CE.NFO,28/10/2022,09:33:15,85.5,85.35,500,85.5,250,6850,3514650
NIFTY03NOV2217900CE.NFO,28/10/2022,09:33:16,85.35,85.4,500,85.55,150,6950,3514650
NIFTY03NOV2217900CE.NFO,28/10/2022,09:33:17,85.55,85.45,100,85.55,550,4600,3514650
NIFTY03NOV2217900CE.NFO,28/10/2022,09:33:18,85.6,85.55,100,85.7,300,8500,3514650
NIFTY03NOV2217900CE.NFO,28/10/2022,09:33:18,85.55,85.5,250,85.65,550,800,3514650
NIFTY03NOV2217900CE.NFO,28/10/2022,09:33:19,85.7,85.4,100,85.55,400,6250,3514650
NIFTY03NOV2217900CE.NFO,28/10/2022,09:33:20,85.6,85.5,100,85.65,250,1100,3514650
NIFTY03NOV2217900CE.NFO,28/10/2022,09:33:21,85.8,85.75,100,85.8,150,1100,3514650
NIFTY03NOV2217900CE.NFO,28/10/2022,09:33:22,85.7,85.65,150,85.8,500,4900,3514650
NIFTY03NOV2217900CE.NFO,28/10/2022,09:33:23,85.75,85.6,100,85.75,500,3050,3514650
NIFTY03NOV2217900CE.NFO,28/10/2022,09:33:24,85.95,85.75,1800,85.85,200,3050,3514650
NIFTY03NOV2217900CE.NFO,28/10/2022,09:33:26,85.8,85.75,200,85.9,550,4500,3514650
NIFTY03NOV2217900CE.NFO,28/10/2022,09:33:26,85.8,85.7,300,85.85,150,100,3514650
NIFTY03NOV2217900CE.NFO,28/10/2022,09:33:27,85.95,85.95,150,86,150,14400,3514650
NIFTY03NOV2217900CE.NFO,28/10/2022,09:33:28,86,85.9,50,86,200,3450,3514650
NIFTY03NOV2217900CE.NFO,28/10/2022,09:33:29,86.1,86.1,350,86.25,150,4300,3514650
NIFTY03NOV2217900CE.NFO,28/10/2022,09:33:30,86.4,86.3,100,86.4,500,9600,3514650
NIFTY03NOV2217900CE.NFO,28/10/2022,09:33:32,86.25,86.3,200,86.4,150,1500,3514650
NIFTY03NOV2217900CE.NFO,28/10/2022,09:33:33,85.95,86,400,86.15,400,9450,3514650
NIFTY03NOV2217900CE.NFO,28/10/2022,09:33:33,85.9,85.75,350,85.9,150,3900,3514650
NIFTY03NOV2217900CE.NFO,28/10/2022,09:33:34,85.8,85.65,300,85.7,50,8800,3514650
NIFTY03NOV2217900CE.NFO,28/10/2022,09:33:36,85.8,85.6,100,85.75,300,8050,3514650
NIFTY03NOV2217900CE.NFO,28/10/2022,09:33:37,85.55,85.65,100,85.75,50,5500,3514650
NIFTY03NOV2217900CE.NFO,28/10/2022,09:33:38,85.55,85.4,350,85.55,50,3600,3514650
NIFTY03NOV2217900CE.NFO,28/10/2022,09:33:38,85.95,86,100,86.05,50,1650,3514650
NIFTY03NOV2217900CE.NFO,28/10/2022,09:33:39,86.1,86.05,400,86.2,2100,4200,3514650
NIFTY03NOV2217900CE.NFO,28/10/2022,09:33:41,86,85.85,150,86,450,750,3514650
NIFTY03NOV2217900CE.NFO,28/10/2022,09:33:42,85.85,85.85,850,86.05,450,3050,3514650
NIFTY03NOV2217900CE.NFO,28/10/2022,09:33:43,85.9,85.75,150,85.85,150,3400,3514650
NIFTY03NOV2217900CE.NFO,28/10/2022,09:33:44,85.9,85.95,150,86,1300,4000,3514650
NIFTY03NOV2217900CE.NFO,28/10/2022,09:33:45,86.1,86.05,700,86.2,1800,3750,3514650
NIFTY03NOV2217900CE.NFO,28/10/2022,09:33:46,86.4,86.3,700,86.45,450,6450,3514650
NIFTY03NOV2217900CE.NFO,28/10/2022,09:33:47,86.4,86.15,100,86.4,1100,6850,3514650
NIFTY03NOV2217900CE.NFO,28/10/2022,09:33:48,86.3,86.25,400,86.3,300,2500,3514650
NIFTY03NOV2217900CE.NFO,28/10/2022,09:33:49,86.8,86.55,500,86.65,100,10800,3514650
NIFTY03NOV2217900CE.NFO,28/10/2022,09:33:50,86.4,86.4,450,86.6,300,2800,3514650
NIFTY03NOV2217900CE.NFO,28/10/2022,09:33:52,86.5,86.4,1050,86.45,2750,1400,3514650
NIFTY03NOV2217900CE.NFO,28/10/2022,09:33:53,86.5,86.45,100,86.55,100,4300,3514650
NIFTY03NOV2217900CE.NFO,28/10/2022,09:33:54,86.4,86.25,100,86.4,100,5200,3514650
NIFTY03NOV2217900CE.NFO,28/10/2022,09:33:55,86.4,86.45,100,86.6,100,5300,3514650
NIFTY03NOV2217900CE.NFO,28/10/2022,09:33:56,86.5,86.45,50,86.65,300,4700,3514650
NIFTY03NOV2217900CE.NFO,28/10/2022,09:33:57,86.65,86.55,300,86.7,500,1250,3514650
NIFTY03NOV2217900CE.NFO,28/10/2022,09:33:58,86.5,86.55,350,86.7,50,5400,3514650
NIFTY03NOV2217900CE.NFO,28/10/2022,09:33:59,86.75,86.6,100,86.8,900,7050,3514650
NIFTY03NOV2217900CE.NFO,28/10/2022,09:34:00,86.95,86.85,500,86.95,350,9900,3514650
NIFTY03NOV2217900CE.NFO,28/10/2022,09:34:01,87,86.95,150,87,5000,6600,3514650
NIFTY03NOV2217900CE.NFO,28/10/2022,09:34:02,87,87,1800,87.15,350,12700,3514650
NIFTY03NOV2217900CE.NFO,28/10/2022,09:34:03,87.3,87.15,50,87.3,350,6850,3514650
NIFTY03NOV2217900CE.NFO,28/10/2022,09:34:04,87.5,87.3,50,87.5,500,5900,3514650
NIFTY03NOV2217900CE.NFO,28/10/2022,09:34:05,87.2,87.2,350,87.4,350,7900,3514650
NIFTY03NOV2217900CE.NFO,28/10/2022,09:34:06,87.3,87.3,700,87.45,100,6650,3514650
NIFTY03NOV2217900CE.NFO,28/10/2022,09:34:08,87.75,87.6,100,87.75,600,10550,3514650
NIFTY03NOV2217900CE.NFO,28/10/2022,09:34:09,87.8,87.75,50,87.85,300,8750,3514650
NIFTY03NOV2217900CE.NFO,28/10/2022,09:34:10,87.9,87.8,100,87.9,150,9750,3514650
NIFTY03NOV2217900CE.NFO,28/10/2022,09:34:11,87.45,87.25,100,87.4,200,10500,3514650
NIFTY03NOV2217900CE.NFO,28/10/2022,09:34:12,87.1,87.1,250,87.3,100,7600,3514650
NIFTY03NOV2217900CE.NFO,28/10/2022,09:34:13,87.45,87.45,250,87.65,50,9050,3514650
NIFTY03NOV2217900CE.NFO,28/10/2022,09:34:14,87.75,87.75,50,87.85,50,6600,3514650
NIFTY03NOV2217900CE.NFO,28/10/2022,09:34:15,87.9,87.85,650,88,6350,9350,3514650
NIFTY03NOV2217900CE.NFO,28/10/2022,09:34:17,88.45,88.25,200,88.45,600,18450,3514650
NIFTY03NOV2217900CE.NFO,28/10/2022,09:34:17,88.75,88.25,200,88.45,600,0,3514650
NIFTY03NOV2217900CE.NFO,28/10/2022,09:34:18,88.5,88.5,350,88.65,150,3750,3514650
NIFTY03NOV2217900CE.NFO,28/10/2022,09:34:19,89,88.9,100,89.05,850,19300,3514650
NIFTY03NOV2217900CE.NFO,28/10/2022,09:34:19,89.25,88.9,100,89.05,850,0,3514650
NIFTY03NOV2217900CE.NFO,28/10/2022,09:34:20,89.35,89.2,600,89.35,50,8850,3514650
NIFTY03NOV2217900CE.NFO,28/10/2022,09:34:20,89.35,89.2,600,89.35,50,0,3514650
NIFTY03NOV2217900CE.NFO,28/10/2022,09:34:21,89.55,89.45,450,89.6,50,20650,3514650
NIFTY03NOV2217900CE.NFO,28/10/2022,09:34:21,89.75,89.45,450,89.6,50,0,3514650
NIFTY03NOV2217900CE.NFO,28/10/2022,09:34:22,89.75,89.7,100,89.75,200,14550,3514650
NIFTY03NOV2217900CE.NFO,28/10/2022,09:34:23,89.85,89.7,200,89.9,550,12650,3514650
NIFTY03NOV2217900CE.NFO,28/10/2022,09:34:23,89.9,89.7,200,89.9,550,0,3514650
NIFTY03NOV2217900CE.NFO,28/10/2022,09:34:24,89.75,89.75,50,89.9,450,13350,3514650
NIFTY03NOV2217900CE.NFO,28/10/2022,09:34:25,90,89.95,200,90,13450,26300,3514650
NIFTY03NOV2217900CE.NFO,28/10/2022,09:34:25,90,89.95,200,90,13450,0,3514650
NIFTY03NOV2217900CE.NFO,28/10/2022,09:34:26,89.85,89.9,200,90,8650,10500,3514650
NIFTY03NOV2217900CE.NFO,28/10/2022,09:34:27,89.9,89.85,100,89.9,1450,20400,3514650
NIFTY03NOV2217900CE.NFO,28/10/2022,09:34:27,90.4,89.85,100,89.9,1450,0,3514650
NIFTY03NOV2217900CE.NFO,28/10/2022,09:34:28,89.45,89.3,200,89.5,600,11550,3514650
NIFTY03NOV2217900CE.NFO,28/10/2022,09:34:29,89.75,89.6,850,89.75,50,11400,3514650
NIFTY03NOV2217900CE.NFO,28/10/2022,09:34:31,89.4,89.2,100,89.4,3550,7100,3514650
NIFTY03NOV2217900CE.NFO,28/10/2022,09:34:32,89.3,89.1,450,89.3,300,12700,3514650
NIFTY03NOV2217900CE.NFO,28/10/2022,09:34:33,88.8,88.65,150,88.8,2050,20650,3514650
NIFTY03NOV2217900CE.NFO,28/10/2022,09:34:33,88.6,88.6,500,88.75,100,450,3514650
NIFTY03NOV2217900CE.NFO,28/10/2022,09:34:34,88.6,88.55,300,88.75,50,5750,3514650
NIFTY03NOV2217900CE.NFO,28/10/2022,09:34:35,88.5,88.65,550,88.8,250,10800,3514650
NIFTY03NOV2217900CE.NFO,28/10/2022,09:34:36,88.7,88.6,50,88.7,150,6000,3514650
NIFTY03NOV2217900CE.NFO,28/10/2022,09:34:37,88.45,88.25,450,88.45,500,4450,3514650
NIFTY03NOV2217900CE.NFO,28/10/2022,09:34:38,88.5,88.5,50,88.65,200,15200,3514650
NIFTY03NOV2217900CE.NFO,28/10/2022,09:34:39,88.85,88.9,250,89,300,2900,3514650
NIFTY03NOV2217900CE.NFO,28/10/2022,09:34:41,89.4,89.25,200,89.4,600,4400,3514650
NIFTY03NOV2217900CE.NFO,28/10/2022,09:34:42,88.95,89,300,89.15,300,9600,3514650
NIFTY03NOV2217900CE.NFO,28/10/2022,09:34:43,89.05,88.95,250,89.1,100,6200,3514650
NIFTY03NOV2217900CE.NFO,28/10/2022,09:34:44,89.45,89.25,750,89.45,500,5550,3514650
NIFTY03NOV2217900CE.NFO,28/10/2022,09:34:45,89.05,88.95,100,89.1,1000,10300,3514650
NIFTY03NOV2217900CE.NFO,28/10/2022,09:34:46,89.15,89.25,100,89.4,100,4200,3514650
NIFTY03NOV2217900CE.NFO,28/10/2022,09:34:47,89.35,89.35,100,89.55,300,2200,3514650
NIFTY03NOV2217900CE.NFO,28/10/2022,09:34:47,89.6,89.45,150,89.65,500,300,3514650
NIFTY03NOV2217900CE.NFO,28/10/2022,09:34:48,88.75,88.7,1350,88.85,50,9000,3514650
NIFTY03NOV2217900CE.NFO,28/10/2022,09:34:49,89,88.95,600,89.15,550,1150,3514650
NIFTY03NOV2217900CE.NFO,28/10/2022,09:34:50,89.1,89,50,89.15,250,6850,3514650
NIFTY03NOV2217900CE.NFO,28/10/2022,09:34:51,89,88.85,450,89,400,5500,3514650
NIFTY03NOV2217900CE.NFO,28/10/2022,09:34:52,88.85,88.85,800,89.05,50,3350,3514650
NIFTY03NOV2217900CE.NFO,28/10/2022,09:34:54,88.65,88.65,300,88.75,100,7250,3514650
NIFTY03NOV2217900CE.NFO,28/10/2022,09:34:55,88.8,88.65,150,88.85,300,7000,3514650
NIFTY03NOV2217900CE.NFO,28/10/2022,09:34:55,88.85,88.85,250,89,550,700,3514650
NIFTY03NOV2217900CE.NFO,28/10/2022,09:34:56,88.5,88.45,350,88.6,1650,4150,3514650
NIFTY03NOV2217900CE.NFO,28/10/2022,09:34:57,88.7,88.7,200,88.85,150,4050,3514650
NIFTY03NOV2217900CE.NFO,28/10/2022,09:34:58,88.9,88.9,200,89.05,500,4200,3514650
NIFTY03NOV2217900CE.NFO,28/10/2022,09:35:00,88.7,88.7,100,88.9,200,9550,3514650
NIFTY03NOV2217900CE.NFO,28/10/2022,09:35:01,88.85,88.65,50,88.75,100,10200,3514650
NIFTY03NOV2217900CE.NFO,28/10/2022,09:35:02,88.6,88.6,750,88.7,200,5350,3514650
NIFTY03NOV2217900CE.NFO,28/10/2022,09:35:03,88.25,88.2,900,88.4,200,6250,3514650
NIFTY03NOV2217900CE.NFO,28/10/2022,09:35:03,88.5,88.3,400,88.5,400,650,3514650
NIFTY03NOV2217900CE.NFO,28/10/2022,09:35:05,87.9,87.9,450,88.05,50,19950,3514650
NIFTY03NOV2217900CE.NFO,28/10/2022,09:35:06,87.85,87.75,100,87.85,450,4850,3514650
NIFTY03NOV2217900CE.NFO,28/10/2022,09:35:07,87.75,87.75,200,87.9,50,3450,3514650
NIFTY03NOV2217900CE.NFO,28/10/2022,09:35:08,87.95,87.85,50,87.95,400,3300,3514650
NIFTY03NOV2217900CE.NFO,28/10/2022,09:35:09,87.7,87.7,250,87.8,400,3800,3514650
NIFTY03NOV2217900CE.NFO,28/10/2022,09:35:10,87.75,87.6,100,87.75,200,6150,3514650
NIFTY03NOV2217900CE.NFO,28/10/2022,09:35:11,87.9,87.7,50,87.9,400,5350,3514650
NIFTY03NOV2217900CE.NFO,28/10/2022,09:35:12,87.8,87.85,100,87.95,100,2850,3514650
NIFTY03NOV2217900CE.NFO,28/10/2022,09:35:13,87.55,87.5,250,87.65,500,1950,3602150
NIFTY03NOV2217900CE.NFO,28/10/2022,09:35:14,87.8,87.65,150,87.8,100,1900,3602150
NIFTY03NOV2217900CE.NFO,28/10/2022,09:35:15,87.55,87.5,700,87.65,50,1500,3602150
NIFTY03NOV2217900CE.NFO,28/10/2022,09:35:16,87.75,87.8,250,87.95,200,4000,3602150
NIFTY03NOV2217900CE.NFO,28/10/2022,09:35:16,87.75,87.75,1550,87.95,450,5800,3602150
NIFTY03NOV2217900CE.NFO,28/10/2022,09:35:17,87.65,87.65,250,87.8,50,8750,3602150
NIFTY03NOV2217900CE.NFO,28/10/2022,09:35:18,88,87.95,100,88.1,400,2650,3602150
NIFTY03NOV2217900CE.NFO,28/10/2022,09:35:19,87.8,87.85,550,87.95,50,3350,3602150
NIFTY03NOV2217900CE.NFO,28/10/2022,09:35:21,88.45,88.2,600,88.35,650,5900,3602150
NIFTY03NOV2217900CE.NFO,28/10/2022,09:35:22,88.3,88.1,700,88.3,450,3600,3602150
NIFTY03NOV2217900CE.NFO,28/10/2022,09:35:22,88.2,88.2,950,88.4,1500,1300,3602150
NIFTY03NOV2217900CE.NFO,28/10/2022,09:35:23,88.45,88.35,400,88.45,750,2100,3602150
NIFTY03NOV2217900CE.NFO,28/10/2022,09:35:24,88.9,88.75,200,88.9,1000,3700,3602150
NIFTY03NOV2217900CE.NFO,28/10/2022,09:35:25,88.9,88.75,400,88.9,1700,5600,3602150
NIFTY03NOV2217900CE.NFO,28/10/2022,09:35:26,88.75,88.8,100,88.85,100,2800,3602150
NIFTY03NOV2217900CE.NFO,28/10/2022,09:35:28,89.35,89.35,200,89.45,400,11000,3602150
NIFTY03NOV2217900CE.NFO,28/10/2022,09:35:29,89.25,89.25,450,89.4,600,3150,3602150
NIFTY03NOV2217900CE.NFO,28/10/2022,09:35:30,89.1,89.05,200,89.2,550,5900,3602150
NIFTY03NOV2217900CE.NFO,28/10/2022,09:35:31,89.45,89.4,200,89.5,200,3550,3602150
NIFTY03NOV2217900CE.NFO,28/10/2022,09:35:32,89.55,89.45,250,89.5,50,2350,3602150
NIFTY03NOV2217900CE.NFO,28/10/2022,09:35:33,89.1,89.1,100,89.2,50,4900,3602150
NIFTY03NOV2217900CE.NFO,28/10/2022,09:35:34,88.6,88.6,600,88.75,150,2500,3602150
NIFTY03NOV2217900CE.NFO,28/10/2022,09:35:35,88.7,88.65,150,88.75,50,2150,3602150
NIFTY03NOV2217900CE.NFO,28/10/2022,09:35:36,88.75,88.7,400,88.85,250,3500,3602150
NIFTY03NOV2217900CE.NFO,28/10/2022,09:35:37,88.3,88.2,900,88.3,50,3050,3602150
NIFTY03NOV2217900CE.NFO,28/10/2022,09:35:39,88,87.95,50,88,600,8650,3602150
NIFTY03NOV2217900CE.NFO,28/10/2022,09:35:39,87.8,87.8,50,87.95,650,3000,3602150
NIFTY03NOV2217900CE.NFO,28/10/2022,09:35:40,87.8,87.7,150,87.85,350,3500,3602150
NIFTY03NOV2217900CE.NFO,28/10/2022,09:35:41,87.65,87.65,150,87.8,450,1100,3602150
NIFTY03NOV2217900CE.NFO,28/10/2022,09:35:42,87.7,87.55,400,87.7,100,4900,3602150
NIFTY03NOV2217900CE.NFO,28/10/2022,09:35:43,87.85,87.7,250,87.85,400,8400,3602150
NIFTY03NOV2217900CE.NFO,28/10/2022,09:35:45,87.6,87.55,750,87.75,700,3200,3602150
NIFTY03NOV2217900CE.NFO,28/10/2022,09:35:46,87.6,87.55,650,87.7,150,2550,3602150
NIFTY03NOV2217900CE.NFO,28/10/2022,09:35:46,87.75,87.7,1050,87.9,150,1750,3602150
NIFTY03NOV2217900CE.NFO,28/10/2022,09:35:47,87.65,87.6,100,87.75,550,2500,3602150
NIFTY03NOV2217900CE.NFO,28/10/2022,09:35:48,87.9,88,1350,88.05,50,4300,3602150
NIFTY03NOV2217900CE.NFO,28/10/2022,09:35:49,87.75,87.75,500,87.95,850,1950,3602150
NIFTY03NOV2217900CE.NFO,28/10/2022,09:35:51,87.9,87.9,150,88.05,200,5050,3602150
NIFTY03NOV2217900CE.NFO,28/10/2022,09:35:52,87.8,87.8,600,87.95,200,1950,3602150
NIFTY03NOV2217900CE.NFO,28/10/2022,09:35:53,88.1,88,900,88.15,550,3750,3602150
NIFTY03NOV2217900CE.NFO,28/10/2022,09:35:54,88.1,88.05,50,88.2,300,1850,3602150
NIFTY03NOV2217900CE.NFO,28/10/2022,09:35:55,88.05,87.9,450,88.1,650,1150,3602150
NIFTY03NOV2217900CE.NFO,28/10/2022,09:35:56,88.5,88.3,1150,88.5,1100,4400,3602150
NIFTY03NOV2217900CE.NFO,28/10/2022,09:35:57,88.15,88.2,250,88.3,50,2000,3602150
NIFTY03NOV2217900CE.NFO,28/10/2022,09:35:58,88.25,88.3,550,88.45,50,2200,3602150
NIFTY03NOV2217900CE.NFO,28/10/2022,09:35:58,88.2,88.25,250,88.4,50,1200,3602150
NIFTY03NOV2217900CE.NFO,28/10/2022,09:36:00,87.5,87.5,400,87.6,650,5800,3602150
NIFTY03NOV2217900CE.NFO,28/10/2022,09:36:01,87.85,87.8,200,87.9,50,3550,3602150
NIFTY03NOV2217900CE.NFO,28/10/2022,09:36:02,87.8,87.7,400,87.9,700,5850,3602150
NIFTY03NOV2217900CE.NFO,28/10/2022,09:36:03,87.7,87.6,200,87.75,500,1700,3602150
NIFTY03NOV2217900CE.NFO,28/10/2022,09:36:04,87.1,87.05,950,87.15,50,9200,3602150
NIFTY03NOV2217900CE.NFO,28/10/2022,09:36:05,86.8,86.6,500,86.8,1700,14200,3602150
