Ticker,Date,Time,LTP,BuyPrice,BuyQty,SellPrice,SellQty,LTQ,OpenInterest
NIFTY03NOV2217900PE.NFO,28/10/2022,09:15:00,205.3,204.1,250,209.85,250,550,264750
NIFTY03NOV2217900PE.NFO,28/10/2022,09:15:00,205.3,204.1,250,209.85,250,0,264750
NIFTY03NOV2217900PE.NFO,28/10/2022,09:15:00,208.3,204.1,250,209.85,250,0,264750
NIFTY03NOV2217900PE.NFO,28/10/2022,09:15:00,204.15,204.1,250,209.85,250,0,264750
NIFTY03NOV2217900PE.NFO,28/10/2022,09:15:02,206.75,205.95,50,209.3,250,4050,264750
NIFTY03NOV2217900PE.NFO,28/10/2022,09:15:02,211.9,205.95,50,209.3,250,0,264750
NIFTY03NOV2217900PE.NFO,28/10/2022,09:15:02,202.4,205.95,50,209.3,250,0,264750
NIFTY03NOV2217900PE.NFO,28/10/2022,09:15:03,214,206.7,200,208.55,200,4450,264750
NIFTY03NOV2217900PE.NFO,28/10/2022,09:15:03,214,206.7,200,208.55,200,0,264750
NIFTY03NOV2217900PE.NFO,28/10/2022,09:15:03,202.1,206.7,200,208.55,200,0,264750
NIFTY03NOV2217900PE.NFO,28/10/2022,09:15:04,206.15,205.85,50,206.05,50,5400,264750
NIFTY03NOV2217900PE.NFO,28/10/2022,09:15:05,204.8,204.8,100,207.2,200,3350,264750
NIFTY03NOV2217900PE.NFO,28/10/2022,09:15:07,205.2,206.05,50,207.35,250,7650,264750
NIFTY03NOV2217900PE.NFO,28/10/2022,09:15:07,200.8,206.05,50,207.35,250,0,264750
NIFTY03NOV2217900PE.NFO,28/10/2022,09:15:08,201,200.25,250,201.9,200,19700,264750
NIFTY03NOV2217900PE.NFO,28/10/2022,09:15:08,199.1,200.25,250,201.9,200,0,264750
NIFTY03NOV2217900PE.NFO,28/10/2022,09:15:09,196.8,195.85,250,196.8,450,5050,264750
NIFTY03NOV2217900PE.NFO,28/10/2022,09:15:09,196.15,195.85,250,196.8,450,0,264750
NIFTY03NOV2217900PE.NFO,28/10/2022,09:15:10,195.7,193.3,100,194.55,350,4600,264750
NIFTY03NOV2217900PE.NFO,28/10/2022,09:15:10,193.45,193.3,100,194.55,350,0,264750
NIFTY03NOV2217900PE.NFO,28/10/2022,09:15:11,190.55,190.3,350,191.75,250,1800,264750
NIFTY03NOV2217900PE.NFO,28/10/2022,09:15:11,190.55,190.3,350,191.75,250,0,264750
NIFTY03NOV2217900PE.NFO,28/10/2022,09:15:12,192.65,192.65,50,193.45,200,10650,264750
NIFTY03NOV2217900PE.NFO,28/10/2022,09:15:12,189.1,192.65,50,193.45,200,0,264750
NIFTY03NOV2217900PE.NFO,28/10/2022,09:15:14,195.3,195.3,50,195.85,200,4900,264750
NIFTY03NOV2217900PE.NFO,28/10/2022,09:15:15,195,194.45,200,195,100,2550,264750
NIFTY03NOV2217900PE.NFO,28/10/2022,09:15:16,196.25,196.35,300,196.9,50,3350,264750
NIFTY03NOV2217900PE.NFO,28/10/2022,09:15:17,193.3,193.2,200,194,250,10800,264750
NIFTY03NOV2217900PE.NFO,28/10/2022,09:15:19,198.1,197.65,50,198.2,100,10850,264750
NIFTY03NOV2217900PE.NFO,28/10/2022,09:15:20,205.1,204.85,50,206.15,50,11200,264750
NIFTY03NOV2217900PE.NFO,28/10/2022,09:15:21,206.25,205.65,100,206.2,50,7050,264750
NIFTY03NOV2217900PE.NFO,28/10/2022,09:15:22,201.4,201.4,50,202.6,300,10300,264750
NIFTY03NOV2217900PE.NFO,28/10/2022,09:15:23,196.7,196.6,550,197.6,700,12600,264750
NIFTY03NOV2217900PE.NFO,28/10/2022,09:15:24,198.4,198.15,50,199,100,15200,264750
NIFTY03NOV2217900PE.NFO,28/10/2022,09:15:25,196.7,196.2,600,196.75,50,13650,264750
NIFTY03NOV2217900PE.NFO,28/10/2022,09:15:26,195.45,195.85,100,196.25,50,5200,264750
NIFTY03NOV2217900PE.NFO,28/10/2022,09:15:27,196.85,196.9,100,197.3,200,12250,264750
NIFTY03NOV2217900PE.NFO,28/10/2022,09:15:28,197.15,197.2,200,197.65,100,11050,264750
NIFTY03NOV2217900PE.NFO,28/10/2022,09:15:29,196.65,196.45,50,196.95,500,8600,264750
NIFTY03NOV2217900PE.NFO,28/10/2022,09:15:30,197.7,197.1,450,197.8,200,1500,264750
NIFTY03NOV2217900PE.NFO,28/10/2022,09:15:31,199.7,199.6,200,200.3,200,6300,264750
NIFTY03NOV2217900PE.NFO,28/10/2022,09:15:32,199,199.1,300,199.8,200,9800,264750
NIFTY03NOV2217900PE.NFO,28/10/2022,09:15:33,198.65,199,200,199.55,150,1850,264750
NIFTY03NOV2217900PE.NFO,28/10/2022,09:15:34,200.5,200.1,200,200.9,200,200,264750
NIFTY03NOV2217900PE.NFO,28/10/2022,09:15:35,203,203,200,203.7,100,3550,264750
NIFTY03NOV2217900PE.NFO,28/10/2022,09:15:36,201.4,200.95,200,201.6,200,5350,264750
NIFTY03NOV2217900PE.NFO,28/10/2022,09:15:37,199.55,199.2,200,199.9,50,1750,264750
NIFTY03NOV2217900PE.NFO,28/10/2022,09:15:38,199.7,199.2,200,199.75,200,1100,264750
NIFTY03NOV2217900PE.NFO,28/10/2022,09:15:39,199.6,199,400,199.6,50,1450,264750
NIFTY03NOV2217900PE.NFO,28/10/2022,09:15:40,199.3,199.25,150,199.65,100,1650,264750
NIFTY03NOV2217900PE.NFO,28/10/2022,09:15:41,198.85,198.8,150,199.3,450,7850,264750
NIFTY03NOV2217900PE.NFO,28/10/2022,09:15:42,198.5,197.9,200,198.45,50,4750,264750
NIFTY03NOV2217900PE.NFO,28/10/2022,09:15:43,197.5,197.6,200,198.2,100,1150,264750
NIFTY03NOV2217900PE.NFO,28/10/2022,09:15:44,197.6,197.6,600,198.3,200,2250,264750
NIFTY03NOV2217900PE.NFO,28/10/2022,09:15:46,195.85,196,200,196.6,250,4200,264750
NIFTY03NOV2217900PE.NFO,28/10/2022,09:15:47,195.7,195.8,200,196.4,200,1450,264750
NIFTY03NOV2217900PE.NFO,28/10/2022,09:15:48,195.3,194.6,250,195.25,50,9950,264750
NIFTY03NOV2217900PE.NFO,28/10/2022,09:15:49,195.1,194.6,250,195.2,200,1950,264750
NIFTY03NOV2217900PE.NFO,28/10/2022,09:15:49,196.5,196.5,550,197.3,300,3800,264750
NIFTY03NOV2217900PE.NFO,28/10/2022,09:15:50,197.55,197.1,200,197.8,200,2050,264750
NIFTY03NOV2217900PE.NFO,28/10/2022,09:15:52,197,196.1,400,196.4,50,7000,264750
NIFTY03NOV2217900PE.NFO,28/10/2022,09:15:53,195.3,195.3,150,195.9,200,6100,264750
NIFTY03NOV2217900PE.NFO,28/10/2022,09:15:54,195,195,3200,195.5,300,1050,264750
NIFTY03NOV2217900PE.NFO,28/10/2022,09:15:55,195.5,195,3000,195.45,200,1850,264750
NIFTY03NOV2217900PE.NFO,28/10/2022,09:15:55,194.95,194.6,200,194.85,100,6050,264750
NIFTY03NOV2217900PE.NFO,28/10/2022,09:15:56,194.6,194,300,194.55,50,2250,264750
NIFTY03NOV2217900PE.NFO,28/10/2022,09:15:57,193.8,193.75,900,193.95,200,5250,264750
NIFTY03NOV2217900PE.NFO,28/10/2022,09:15:59,191.1,190.9,50,191.25,50,10500,264750
NIFTY03NOV2217900PE.NFO,28/10/2022,09:16:00,191.75,191.7,100,192,150,1800,264750
NIFTY03NOV2217900PE.NFO,28/10/2022,09:16:00,192,191.9,50,192.3,50,7350,264750
NIFTY03NOV2217900PE.NFO,28/10/2022,09:16:01,193.15,192.45,150,193.15,150,12700,264750
NIFTY03NOV2217900PE.NFO,28/10/2022,09:16:03,190.8,190.6,50,190.85,50,8150,264750
NIFTY03NOV2217900PE.NFO,28/10/2022,09:16:04,190,189.7,200,189.95,50,5000,264750
NIFTY03NOV2217900PE.NFO,28/10/2022,09:16:05,189.2,189.3,50,189.75,100,3900,264750
NIFTY03NOV2217900PE.NFO,28/10/2022,09:16:06,188.65,188.7,150,189.05,50,6800,264750
NIFTY03NOV2217900PE.NFO,28/10/2022,09:16:06,188.6,188.7,150,189.05,50,0,264750
NIFTY03NOV2217900PE.NFO,28/10/2022,09:16:07,189.1,188.45,50,188.85,50,5500,264750
NIFTY03NOV2217900PE.NFO,28/10/2022,09:16:08,188,187.75,150,188.1,100,7300,264750
NIFTY03NOV2217900PE.NFO,28/10/2022,09:16:08,187.5,187.75,150,188.1,100,0,264750
NIFTY03NOV2217900PE.NFO,28/10/2022,09:16:09,189.7,189.5,50,189.75,50,13350,264750
NIFTY03NOV2217900PE.NFO,28/10/2022,09:16:09,186.95,189.5,50,189.75,50,0,264750
NIFTY03NOV2217900PE.NFO,28/10/2022,09:16:10,187,186.95,150,187.3,50,4400,264750
NIFTY03NOV2217900PE.NFO,28/10/2022,09:16:11,187.3,187.3,150,187.5,200,5000,264750
NIFTY03NOV2217900PE.NFO,28/10/2022,09:16:12,188,187.9,50,188.25,50,3700,264750
NIFTY03NOV2217900PE.NFO,28/10/2022,09:16:13,187.7,187.65,150,188,50,3250,264750
NIFTY03NOV2217900PE.NFO,28/10/2022,09:16:14,187.5,187.3,50,187.6,100,3900,264750
NIFTY03NOV2217900PE.NFO,28/10/2022,09:16:14,186.8,187.3,50,187.6,100,0,264750
NIFTY03NOV2217900PE.NFO,28/10/2022,09:16:15,190.15,190.1,200,190.15,50,6000,264750
NIFTY03NOV2217900PE.NFO,28/10/2022,09:16:15,188.45,188,200,188.35,50,7650,264750
NIFTY03NOV2217900PE.NFO,28/10/2022,09:16:17,187.15,187.05,150,187.35,50,9200,264750
NIFTY03NOV2217900PE.NFO,28/10/2022,09:16:17,186.2,187.05,150,187.35,50,0,264750
NIFTY03NOV2217900PE.NFO,28/10/2022,09:16:17,187.1,187.05,200,187.3,100,4900,264750
NIFTY03NOV2217900PE.NFO,28/10/2022,09:16:19,186.8,186.3,150,186.6,50,3100,264750
NIFTY03NOV2217900PE.NFO,28/10/2022,09:16:20,187.05,187.05,100,187.35,250,3450,264750
NIFTY03NOV2217900PE.NFO,28/10/2022,09:16:20,186.15,187.05,100,187.35,250,0,264750
NIFTY03NOV2217900PE.NFO,28/10/2022,09:16:21,187,187,500,187.4,50,2000,264750
NIFTY03NOV2217900PE.NFO,28/10/2022,09:16:22,188.35,188.25,50,188.5,50,5850,264750
NIFTY03NOV2217900PE.NFO,28/10/2022,09:16:23,187.9,187.55,50,187.9,50,3350,264750
NIFTY03NOV2217900PE.NFO,28/10/2022,09:16:24,188.1,188.05,50,188.4,50,1700,264750
NIFTY03NOV2217900PE.NFO,28/10/2022,09:16:25,188.6,187.9,50,188.1,50,1100,264750
NIFTY03NOV2217900PE.NFO,28/10/2022,09:16:26,190.2,190.8,50,191.15,50,2950,264750
NIFTY03NOV2217900PE.NFO,28/10/2022,09:16:27,190.85,190.65,50,190.95,150,450,264750
NIFTY03NOV2217900PE.NFO,28/10/2022,09:16:27,188.65,189.15,50,189.55,50,1500,264750
NIFTY03NOV2217900PE.NFO,28/10/2022,09:16:28,189.65,189.25,50,189.65,50,1900,264750
NIFTY03NOV2217900PE.NFO,28/10/2022,09:16:29,189.45,188.8,50,189.3,600,450,264750
NIFTY03NOV2217900PE.NFO,28/10/2022,09:16:31,190.1,189.85,50,190.2,100,1450,264750
NIFTY03NOV2217900PE.NFO,28/10/2022,09:16:32,190.45,190.2,50,190.5,50,1950,264750
NIFTY03NOV2217900PE.NFO,28/10/2022,09:16:33,190,189.6,50,189.8,50,900,264750
NIFTY03NOV2217900PE.NFO,28/10/2022,09:16:34,188.9,188.5,250,188.8,50,2700,264750
NIFTY03NOV2217900PE.NFO,28/10/2022,09:16:35,189.15,189.15,100,189.45,100,3500,264750
NIFTY03NOV2217900PE.NFO,28/10/2022,09:16:36,188.7,188.9,50,189.3,50,500,264750
NIFTY03NOV2217900PE.NFO,28/10/2022,09:16:36,188.75,188.2,600,188.75,50,1400,264750
NIFTY03NOV2217900PE.NFO,28/10/2022,09:16:37,188.6,188.35,50,188.65,50,2300,264750
NIFTY03NOV2217900PE.NFO,28/10/2022,09:16:38,188.2,187.85,50,188.15,150,2450,264750
NIFTY03NOV2217900PE.NFO,28/10/2022,09:16:39,187.2,187.15,100,187.25,450,2200,264750
NIFTY03NOV2217900PE.NFO,28/10/2022,09:16:41,188.25,187.9,100,188.3,550,3050,264750
NIFTY03NOV2217900PE.NFO,28/10/2022,09:16:42,190.1,189.75,50,190.1,200,7300,264750
NIFTY03NOV2217900PE.NFO,28/10/2022,09:16:43,190.25,189.9,50,190.25,50,3150,264750
NIFTY03NOV2217900PE.NFO,28/10/2022,09:16:44,190.25,190,150,190.3,50,700,264750
NIFTY03NOV2217900PE.NFO,28/10/2022,09:16:45,190.3,189.9,50,190.3,250,3650,264750
NIFTY03NOV2217900PE.NFO,28/10/2022,09:16:46,190.05,190,800,190.5,600,250,264750
NIFTY03NOV2217900PE.NFO,28/10/2022,09:16:47,189.85,188.9,50,189.4,50,300,264750
NIFTY03NOV2217900PE.NFO,28/10/2022,09:16:48,187.7,187.6,100,187.9,200,550,264750
NIFTY03NOV2217900PE.NFO,28/10/2022,09:16:49,187.85,187.05,50,187.4,50,4900,264750
NIFTY03NOV2217900PE.NFO,28/10/2022,09:16:50,186.55,186.15,50,186.45,50,2800,264750
NIFTY03NOV2217900PE.NFO,28/10/2022,09:16:51,185.8,185.8,50,186.1,50,1950,264750
NIFTY03NOV2217900PE.NFO,28/10/2022,09:16:51,185.8,185.8,50,186.1,50,0,264750
NIFTY03NOV2217900PE.NFO,28/10/2022,09:16:52,187.7,187.4,50,187.65,50,1900,264750
NIFTY03NOV2217900PE.NFO,28/10/2022,09:16:53,186.7,186.9,50,187.15,50,1650,264750
NIFTY03NOV2217900PE.NFO,28/10/2022,09:16:54,186.9,187.25,50,187.35,100,350,264750
NIFTY03NOV2217900PE.NFO,28/10/2022,09:16:55,186.5,186.25,50,186.55,50,900,264750
NIFTY03NOV2217900PE.NFO,28/10/2022,09:16:56,186,185.5,150,185.9,300,1050,264750
NIFTY03NOV2217900PE.NFO,28/10/2022,09:16:57,185.35,185.15,100,185.5,50,2350,264750
NIFTY03NOV2217900PE.NFO,28/10/2022,09:16:57,185.3,185.15,100,185.5,50,0,264750
NIFTY03NOV2217900PE.NFO,28/10/2022,09:16:58,185.75,185.7,50,185.95,50,1400,264750
NIFTY03NOV2217900PE.NFO,28/10/2022,09:16:59,186.05,185.75,50,186,200,1750,264750
NIFTY03NOV2217900PE.NFO,28/10/2022,09:17:00,185.1,185.05,50,185.45,100,1600,264750
NIFTY03NOV2217900PE.NFO,28/10/2022,09:17:00,185.1,185.05,50,185.45,100,0,264750
NIFTY03NOV2217900PE.NFO,28/10/2022,09:17:01,184.95,184.55,50,184.9,150,7250,264750
NIFTY03NOV2217900PE.NFO,28/10/2022,09:17:01,184.3,184.55,50,184.9,150,0,264750
NIFTY03NOV2217900PE.NFO,28/10/2022,09:17:02,184.7,184.05,50,184.4,500,4200,264750
NIFTY03NOV2217900PE.NFO,28/10/2022,09:17:03,184.25,183.95,50,184.25,100,4500,264750
NIFTY03NOV2217900PE.NFO,28/10/2022,09:17:03,183.55,183.95,50,184.25,100,0,264750
NIFTY03NOV2217900PE.NFO,28/10/2022,09:17:04,184.95,185.05,100,185.4,200,3550,264750
NIFTY03NOV2217900PE.NFO,28/10/2022,09:17:05,185,184.7,50,185,100,4250,264750
NIFTY03NOV2217900PE.NFO,28/10/2022,09:17:06,184,183.9,100,184.2,250,1550,264750
NIFTY03NOV2217900PE.NFO,28/10/2022,09:17:07,184.9,184.25,50,184.7,50,1050,264750
NIFTY03NOV2217900PE.NFO,28/10/2022,09:17:08,184.8,184.45,200,184.75,50,850,264750
NIFTY03NOV2217900PE.NFO,28/10/2022,09:17:09,184.1,183.8,50,184.2,550,1250,264750
NIFTY03NOV2217900PE.NFO,28/10/2022,09:17:10,184.9,184.85,50,185.25,50,1600,409650
NIFTY03NOV2217900PE.NFO,28/10/2022,09:17:10,185.15,185,600,185.3,200,1300,409650
NIFTY03NOV2217900PE.NFO,28/10/2022,09:17:11,185,184.35,50,184.75,50,1600,409650
NIFTY03NOV2217900PE.NFO,28/10/2022,09:17:13,183.65,183.65,50,183.85,100,2550,409650
NIFTY03NOV2217900PE.NFO,28/10/2022,09:17:13,183.75,183.5,50,183.8,550,1050,409650
NIFTY03NOV2217900PE.NFO,28/10/2022,09:17:15,184.35,184.05,100,184.4,350,1400,409650
NIFTY03NOV2217900PE.NFO,28/10/2022,09:17:16,185,185.15,50,185.4,200,1100,409650
NIFTY03NOV2217900PE.NFO,28/10/2022,09:17:17,185.85,185.75,50,186.1,50,3100,409650
NIFTY03NOV2217900PE.NFO,28/10/2022,09:17:18,185.4,185.1,50,185.45,200,1300,409650
NIFTY03NOV2217900PE.NFO,28/10/2022,09:17:18,185.25,184.85,50,185.2,500,600,409650
NIFTY03NOV2217900PE.NFO,28/10/2022,09:17:19,186,185.9,50,186.35,200,650,409650
NIFTY03NOV2217900PE.NFO,28/10/2022,09:17:20,186.2,185.6,50,185.9,200,1900,409650
NIFTY03NOV2217900PE.NFO,28/10/2022,09:17:22,187.1,187.25,50,187.5,200,650,409650
NIFTY03NOV2217900PE.NFO,28/10/2022,09:17:23,186.9,187.05,50,187.3,100,6350,409650
NIFTY03NOV2217900PE.NFO,28/10/2022,09:17:24,187.55,187.55,50,187.9,100,450,409650
NIFTY03NOV2217900PE.NFO,28/10/2022,09:17:24,187.1,187.15,50,187.45,50,900,409650
NIFTY03NOV2217900PE.NFO,28/10/2022,09:17:25,187.95,187.65,50,188.05,150,450,409650
NIFTY03NOV2217900PE.NFO,28/10/2022,09:17:26,187.25,186.9,50,187.1,150,1650,409650
NIFTY03NOV2217900PE.NFO,28/10/2022,09:17:28,186.15,185.85,50,186.15,50,1450,409650
NIFTY03NOV2217900PE.NFO,28/10/2022,09:17:29,184.75,184.75,50,184.95,50,4550,409650
NIFTY03NOV2217900PE.NFO,28/10/2022,09:17:30,184.65,184.5,100,184.8,50,2800,409650
NIFTY03NOV2217900PE.NFO,28/10/2022,09:17:31,185.7,185.7,50,185.9,100,5100,409650
NIFTY03NOV2217900PE.NFO,28/10/2022,09:17:31,185.85,185.75,50,186,100,850,409650
NIFTY03NOV2217900PE.NFO,28/10/2022,09:17:32,185.4,185.3,200,185.5,100,4350,409650
NIFTY03NOV2217900PE.NFO,28/10/2022,09:17:34,186.85,186.6,150,186.95,100,4200,409650
NIFTY03NOV2217900PE.NFO,28/10/2022,09:17:34,187.05,187,50,187.1,100,1200,409650
NIFTY03NOV2217900PE.NFO,28/10/2022,09:17:35,186.9,186.85,100,187.15,150,1400,409650
NIFTY03NOV2217900PE.NFO,28/10/2022,09:17:37,186.8,186.65,100,187,150,5150,409650
NIFTY03NOV2217900PE.NFO,28/10/2022,09:17:37,186.85,186.7,100,186.95,50,450,409650
NIFTY03NOV2217900PE.NFO,28/10/2022,09:17:38,186.95,186.65,50,186.95,100,3050,409650
NIFTY03NOV2217900PE.NFO,28/10/2022,09:17:40,186.6,186.5,50,186.9,50,1650,409650
NIFTY03NOV2217900PE.NFO,28/10/2022,09:17:41,186.5,186.2,50,186.45,50,1650,409650
NIFTY03NOV2217900PE.NFO,28/10/2022,09:17:42,186.1,186.25,100,186.6,100,1800,409650
NIFTY03NOV2217900PE.NFO,28/10/2022,09:17:43,186.5,186.75,50,186.85,50,4500,409650
NIFTY03NOV2217900PE.NFO,28/10/2022,09:17:43,185.85,185.5,100,185.85,100,550,409650
NIFTY03NOV2217900PE.NFO,28/10/2022,09:17:45,185.4,185.6,300,185.75,50,3700,409650
NIFTY03NOV2217900PE.NFO,28/10/2022,09:17:46,187.4,187.4,100,187.65,100,4550,409650
NIFTY03NOV2217900PE.NFO,28/10/2022,09:17:47,186.8,186.75,50,187.05,100,3950,409650
NIFTY03NOV2217900PE.NFO,28/10/2022,09:17:47,188.75,188.8,450,189,50,2450,409650
NIFTY03NOV2217900PE.NFO,28/10/2022,09:17:49,190,189.8,50,190.05,100,6600,409650
NIFTY03NOV2217900PE.NFO,28/10/2022,09:17:50,189.7,189.45,100,189.8,50,2050,409650
NIFTY03NOV2217900PE.NFO,28/10/2022,09:17:50,190,190,250,190.25,100,2100,409650
NIFTY03NOV2217900PE.NFO,28/10/2022,09:17:51,190.1,190.1,400,190.5,50,600,409650
NIFTY03NOV2217900PE.NFO,28/10/2022,09:17:53,190.7,190.7,350,191,100,1750,409650
NIFTY03NOV2217900PE.NFO,28/10/2022,09:17:54,190.8,190.9,200,191.2,150,2750,409650
NIFTY03NOV2217900PE.NFO,28/10/2022,09:17:55,190.55,190.35,100,190.6,50,4150,409650
NIFTY03NOV2217900PE.NFO,28/10/2022,09:17:56,190.05,189.9,100,190.3,50,3050,409650
NIFTY03NOV2217900PE.NFO,28/10/2022,09:17:57,189,188.8,150,189,50,6300,409650
NIFTY03NOV2217900PE.NFO,28/10/2022,09:17:58,188.6,188.3,150,188.65,50,2750,409650
NIFTY03NOV2217900PE.NFO,28/10/2022,09:17:59,189.3,188.9,100,189.3,100,750,409650
NIFTY03NOV2217900PE.NFO,28/10/2022,09:18:00,188.4,188.35,50,188.55,100,2450,409650
NIFTY03NOV2217900PE.NFO,28/10/2022,09:18:01,189.05,188.75,50,189.1,350,2950,409650
NIFTY03NOV2217900PE.NFO,28/10/2022,09:18:02,187.7,187.75,500,188.1,50,2650,409650
NIFTY03NOV2217900PE.NFO,28/10/2022,09:18:03,188.1,188.05,50,188.4,100,600,409650
NIFTY03NOV2217900PE.NFO,28/10/2022,09:18:04,188.3,188.7,50,189.05,50,12150,409650
NIFTY03NOV2217900PE.NFO,28/10/2022,09:18:05,188,188,100,188.25,150,5400,409650
NIFTY03NOV2217900PE.NFO,28/10/2022,09:18:06,188.8,188.5,150,188.75,50,2500,409650
NIFTY03NOV2217900PE.NFO,28/10/2022,09:18:07,189.3,188.9,100,189.25,150,4150,409650
NIFTY03NOV2217900PE.NFO,28/10/2022,09:18:08,189.35,189.1,250,189.5,50,1350,409650
NIFTY03NOV2217900PE.NFO,28/10/2022,09:18:09,188.7,189,200,189.35,50,1200,409650
NIFTY03NOV2217900PE.NFO,28/10/2022,09:18:10,188.7,188.5,200,188.75,50,850,409650
NIFTY03NOV2217900PE.NFO,28/10/2022,09:18:11,189.95,189.25,50,189.65,50,1800,409650
NIFTY03NOV2217900PE.NFO,28/10/2022,09:18:12,190.1,190.1,50,190.3,100,5200,409650
NIFTY03NOV2217900PE.NFO,28/10/2022,09:18:13,190.45,190.45,150,190.8,50,3400,409650
NIFTY03NOV2217900PE.NFO,28/10/2022,09:18:14,189.9,189.85,200,190.2,100,1650,409650
NIFTY03NOV2217900PE.NFO,28/10/2022,09:18:15,191.1,190.75,50,191.05,500,1500,409650
NIFTY03NOV2217900PE.NFO,28/10/2022,09:18:16,191.7,191.7,200,192.05,150,3350,409650
NIFTY03NOV2217900PE.NFO,28/10/2022,09:18:17,191.2,190.4,250,190.7,100,3250,409650
NIFTY03NOV2217900PE.NFO,28/10/2022,09:18:18,190.85,190.6,200,190.8,50,2450,409650
NIFTY03NOV2217900PE.NFO,28/10/2022,09:18:19,191.25,190.95,200,191.3,400,1050,409650
NIFTY03NOV2217900PE.NFO,28/10/2022,09:18:20,190.75,190.5,50,190.75,300,950,409650
NIFTY03NOV2217900PE.NFO,28/10/2022,09:18:21,190.05,189.9,50,190.2,600,1200,409650
NIFTY03NOV2217900PE.NFO,28/10/2022,09:18:22,189.6,189.2,150,189.45,50,1200,409650
NIFTY03NOV2217900PE.NFO,28/10/2022,09:18:23,189.75,189.8,200,190,200,650,409650
NIFTY03NOV2217900PE.NFO,28/10/2022,09:18:24,189.5,189.2,150,189.5,50,2450,409650
NIFTY03NOV2217900PE.NFO,28/10/2022,09:18:25,189.25,188.55,500,188.9,100,1750,409650
NIFTY03NOV2217900PE.NFO,28/10/2022,09:18:26,188.6,188.4,650,188.7,400,1650,409650
NIFTY03NOV2217900PE.NFO,28/10/2022,09:18:27,188,187.7,50,188.1,100,2900,409650
NIFTY03NOV2217900PE.NFO,28/10/2022,09:18:28,187.9,188.1,50,188.45,100,650,409650
NIFTY03NOV2217900PE.NFO,28/10/2022,09:18:29,188.7,189,100,189.35,50,600,409650
NIFTY03NOV2217900PE.NFO,28/10/2022,09:18:30,188.7,188.5,300,188.75,50,0,409650
NIFTY03NOV2217900PE.NFO,28/10/2022,09:18:31,187.7,187.6,50,187.9,250,2650,409650
NIFTY03NOV2217900PE.NFO,28/10/2022,09:18:32,186.95,186.8,300,187.1,150,1450,409650
NIFTY03NOV2217900PE.NFO,28/10/2022,09:18:33,186.2,186.15,100,186.45,100,650,409650
NIFTY03NOV2217900PE.NFO,28/10/2022,09:18:34,186.05,186.05,100,186.35,100,3550,409650
NIFTY03NOV2217900PE.NFO,28/10/2022,09:18:34,186.65,186.1,150,186.45,150,100,409650
NIFTY03NOV2217900PE.NFO,28/10/2022,09:18:36,186.35,185.85,150,186.05,100,2600,409650
NIFTY03NOV2217900PE.NFO,28/10/2022,09:18:37,186.1,186.1,50,186.3,100,450,409650
NIFTY03NOV2217900PE.NFO,28/10/2022,09:18:38,186.1,186,1200,186.15,200,2700,409650
NIFTY03NOV2217900PE.NFO,28/10/2022,09:18:39,184.9,184.9,200,185.15,50,5900,409650
NIFTY03NOV2217900PE.NFO,28/10/2022,09:18:40,184.35,184.35,500,184.75,100,850,409650
NIFTY03NOV2217900PE.NFO,28/10/2022,09:18:40,184.9,184.75,100,185,50,450,409650
NIFTY03NOV2217900PE.NFO,28/10/2022,09:18:42,184,184,250,184.3,450,700,409650
NIFTY03NOV2217900PE.NFO,28/10/2022,09:18:43,184.5,184.5,50,184.75,100,4050,409650
NIFTY03NOV2217900PE.NFO,28/10/2022,09:18:44,184.25,184.3,50,184.5,50,2000,409650
NIFTY03NOV2217900PE.NFO,28/10/2022,09:18:45,183.95,183.75,50,183.95,150,2650,409650
NIFTY03NOV2217900PE.NFO,28/10/2022,09:18:46,182.95,182.85,100,182.95,1650,7000,409650
NIFTY03NOV2217900PE.NFO,28/10/2022,09:18:46,182.75,182.85,100,182.95,1650,0,409650
NIFTY03NOV2217900PE.NFO,28/10/2022,09:18:46,182.95,182.95,200,183.25,150,1650,409650
NIFTY03NOV2217900PE.NFO,28/10/2022,09:18:47,182.85,182.55,100,182.7,50,1000,409650
NIFTY03NOV2217900PE.NFO,28/10/2022,09:18:49,182.7,182.55,100,182.75,50,2600,409650
NIFTY03NOV2217900PE.NFO,28/10/2022,09:18:49,182.45,182.55,100,182.75,50,0,409650
NIFTY03NOV2217900PE.NFO,28/10/2022,09:18:50,183.75,183.7,50,183.95,350,3800,409650
NIFTY03NOV2217900PE.NFO,28/10/2022,09:18:50,182.3,183.7,50,183.95,350,0,409650
NIFTY03NOV2217900PE.NFO,28/10/2022,09:18:51,182.3,182.25,350,182.45,50,2250,409650
NIFTY03NOV2217900PE.NFO,28/10/2022,09:18:51,182.25,182.25,350,182.45,50,0,409650
NIFTY03NOV2217900PE.NFO,28/10/2022,09:18:52,181.7,181.7,250,181.9,50,2450,409650
NIFTY03NOV2217900PE.NFO,28/10/2022,09:18:52,181.7,181.7,250,181.9,50,0,409650
NIFTY03NOV2217900PE.NFO,28/10/2022,09:18:53,181.9,181.65,500,181.95,50,1600,409650
NIFTY03NOV2217900PE.NFO,28/10/2022,09:18:53,181.6,181.65,500,181.95,50,0,409650
NIFTY03NOV2217900PE.NFO,28/10/2022,09:18:54,182.35,182.1,100,182.4,100,5000,409650
NIFTY03NOV2217900PE.NFO,28/10/2022,09:18:55,180.9,181,50,181.15,250,9400,409650
NIFTY03NOV2217900PE.NFO,28/10/2022,09:18:55,179.75,181,50,181.15,250,0,409650
NIFTY03NOV2217900PE.NFO,28/10/2022,09:18:56,181,180.95,100,181.2,200,450,409650
NIFTY03NOV2217900PE.NFO,28/10/2022,09:18:57,181.05,181.4,150,181.75,100,650,409650
NIFTY03NOV2217900PE.NFO,28/10/2022,09:18:58,183.35,183.3,50,183.6,150,1900,409650
NIFTY03NOV2217900PE.NFO,28/10/2022,09:18:59,182.35,182.25,50,182.45,100,2050,409650
NIFTY03NOV2217900PE.NFO,28/10/2022,09:19:00,181.95,181.9,50,182.1,100,700,409650
NIFTY03NOV2217900PE.NFO,28/10/2022,09:19:01,180.75,180.85,100,181.15,100,2400,409650
NIFTY03NOV2217900PE.NFO,28/10/2022,09:19:02,180.9,180.55,100,180.95,150,3750,409650
NIFTY03NOV2217900PE.NFO,28/10/2022,09:19:03,179.55,179.35,200,179.55,50,2450,409650
NIFTY03NOV2217900PE.NFO,28/10/2022,09:19:03,179.4,179.35,200,179.55,50,0,409650
NIFTY03NOV2217900PE.NFO,28/10/2022,09:19:04,178.35,178.05,150,178.35,150,8950,409650
NIFTY03NOV2217900PE.NFO,28/10/2022,09:19:04,178,178.05,150,178.35,150,0,409650
NIFTY03NOV2217900PE.NFO,28/10/2022,09:19:05,179.7,179.6,300,179.8,250,4550,409650
NIFTY03NOV2217900PE.NFO,28/10/2022,09:19:06,180.1,179.8,150,180.05,50,2150,409650
NIFTY03NOV2217900PE.NFO,28/10/2022,09:19:07,178.65,178.35,50,178.5,100,1250,409650
NIFTY03NOV2217900PE.NFO,28/10/2022,09:19:08,178.4,178.6,100,178.8,50,1050,409650
NIFTY03NOV2217900PE.NFO,28/10/2022,09:19:09,180.6,181.05,50,181.45,100,6050,409650
NIFTY03NOV2217900PE.NFO,28/10/2022,09:19:11,183.85,183.8,50,184,100,1600,409650
NIFTY03NOV2217900PE.NFO,28/10/2022,09:19:12,183.15,182.85,50,183.1,150,2350,409650
NIFTY03NOV2217900PE.NFO,28/10/2022,09:19:13,182.6,182.4,50,182.7,100,1400,409650
NIFTY03NOV2217900PE.NFO,28/10/2022,09:19:14,183.8,183.45,150,183.7,100,3200,409650
NIFTY03NOV2217900PE.NFO,28/10/2022,09:19:15,185.55,185.85,150,186.05,500,3650,409650
NIFTY03NOV2217900PE.NFO,28/10/2022,09:19:16,184.5,184.05,50,184.35,100,2750,409650
NIFTY03NOV2217900PE.NFO,28/10/2022,09:19:17,184,183.8,50,184.1,350,250,409650
NIFTY03NOV2217900PE.NFO,28/10/2022,09:19:18,183.8,183.35,100,183.75,300,550,409650
NIFTY03NOV2217900PE.NFO,28/10/2022,09:19:18,183.8,183.75,50,184.1,1200,0,409650
NIFTY03NOV2217900PE.NFO,28/10/2022,09:19:20,184.5,184.35,100,184.65,100,3150,409650
NIFTY03NOV2217900PE.NFO,28/10/2022,09:19:21,183.25,183.2,50,183.45,250,1300,409650
NIFTY03NOV2217900PE.NFO,28/10/2022,09:19:22,182.7,182.5,150,182.9,100,1550,409650
NIFTY03NOV2217900PE.NFO,28/10/2022,09:19:23,181.85,181.75,150,182.05,200,2450,409650
NIFTY03NOV2217900PE.NFO,28/10/2022,09:19:24,182.2,181.95,100,182.25,50,700,409650
NIFTY03NOV2217900PE.NFO,28/10/2022,09:19:24,182.1,181.4,100,181.7,150,1000,409650
NIFTY03NOV2217900PE.NFO,28/10/2022,09:19:25,182.3,181.85,50,182.05,200,3400,409650
NIFTY03NOV2217900PE.NFO,28/10/2022,09:19:27,181.75,181.4,150,181.7,100,1200,409650
NIFTY03NOV2217900PE.NFO,28/10/2022,09:19:28,183.35,183.2,100,183.45,150,1800,409650
NIFTY03NOV2217900PE.NFO,28/10/2022,09:19:29,183.3,183.35,50,183.6,150,600,409650
NIFTY03NOV2217900PE.NFO,28/10/2022,09:19:30,184.3,183.45,50,183.75,150,1400,409650
NIFTY03NOV2217900PE.NFO,28/10/2022,09:19:31,184.85,184.2,200,184.5,100,100,409650
NIFTY03NOV2217900PE.NFO,28/10/2022,09:19:32,185,185.15,150,185.5,200,1300,409650
NIFTY03NOV2217900PE.NFO,28/10/2022,09:19:33,185.6,185,150,185.25,100,450,409650
NIFTY03NOV2217900PE.NFO,28/10/2022,09:19:35,184.55,184.4,50,184.6,200,1650,409650
NIFTY03NOV2217900PE.NFO,28/10/2022,09:19:36,185.6,185.1,100,185.5,250,800,409650
NIFTY03NOV2217900PE.NFO,28/10/2022,09:19:37,184.85,184.55,100,184.8,400,3000,409650
NIFTY03NOV2217900PE.NFO,28/10/2022,09:19:38,185.45,185.15,150,185.35,150,650,409650
NIFTY03NOV2217900PE.NFO,28/10/2022,09:19:39,185.5,185.4,100,185.65,50,500,409650
NIFTY03NOV2217900PE.NFO,28/10/2022,09:19:40,185.55,185.55,50,185.85,300,3550,409650
NIFTY03NOV2217900PE.NFO,28/10/2022,09:19:40,185.55,185.75,50,186.05,100,0,409650
NIFTY03NOV2217900PE.NFO,28/10/2022,09:19:42,185.4,185.35,50,185.6,150,6250,409650
NIFTY03NOV2217900PE.NFO,28/10/2022,09:19:43,184.95,184.45,50,184.6,50,1150,409650
NIFTY03NOV2217900PE.NFO,28/10/2022,09:19:44,184.85,184.75,50,185,150,1100,409650
NIFTY03NOV2217900PE.NFO,28/10/2022,09:19:45,184.8,184.75,50,185,600,850,409650
NIFTY03NOV2217900PE.NFO,28/10/2022,09:19:46,184.2,183.85,50,184.1,100,900,409650
NIFTY03NOV2217900PE.NFO,28/10/2022,09:19:47,184.4,183.95,50,184.15,150,50,409650
NIFTY03NOV2217900PE.NFO,28/10/2022,09:19:48,185,184.05,100,184.3,150,1450,409650
NIFTY03NOV2217900PE.NFO,28/10/2022,09:19:49,184,183.5,100,183.8,250,1700,409650
NIFTY03NOV2217900PE.NFO,28/10/2022,09:19:50,182.95,183.25,100,183.55,50,10000,409650
NIFTY03NOV2217900PE.NFO,28/10/2022,09:19:51,183.1,182.85,1250,183.2,300,2050,409650
NIFTY03NOV2217900PE.NFO,28/10/2022,09:19:52,182.05,182.1,100,182.25,50,5050,409650
NIFTY03NOV2217900PE.NFO,28/10/2022,09:19:53,183.3,183.05,100,183.4,250,200,409650
NIFTY03NOV2217900PE.NFO,28/10/2022,09:19:54,182.8,183.25,100,183.5,50,200,409650
NIFTY03NOV2217900PE.NFO,28/10/2022,09:19:55,183,182.5,100,182.9,300,450,409650
NIFTY03NOV2217900PE.NFO,28/10/2022,09:19:56,182.95,183.15,100,183.5,150,200,409650
NIFTY03NOV2217900PE.NFO,28/10/2022,09:19:57,183.7,183.45,100,183.7,150,50,409650
NIFTY03NOV2217900PE.NFO,28/10/2022,09:19:57,183.35,183.15,100,183.4,50,50,409650
NIFTY03NOV2217900PE.NFO,28/10/2022,09:19:58,183.65,183.15,1250,183.5,100,750,409650
NIFTY03NOV2217900PE.NFO,28/10/2022,09:20:00,183.65,183.55,50,183.85,150,2500,409650
NIFTY03NOV2217900PE.NFO,28/10/2022,09:20:01,183.7,183.65,100,183.95,200,4550,409650
NIFTY03NOV2217900PE.NFO,28/10/2022,09:20:02,183.55,183.5,250,183.75,150,3300,409650
NIFTY03NOV2217900PE.NFO,28/10/2022,09:20:03,183.55,183.4,200,183.75,200,900,409650
NIFTY03NOV2217900PE.NFO,28/10/2022,09:20:04,183.2,183.1,50,183.45,100,1350,409650
NIFTY03NOV2217900PE.NFO,28/10/2022,09:20:05,184.25,184.2,200,184.35,100,3350,409650
NIFTY03NOV2217900PE.NFO,28/10/2022,09:20:06,185,184.9,100,185,400,2650,409650
NIFTY03NOV2217900PE.NFO,28/10/2022,09:20:07,186,186.05,200,186.2,150,4100,409650
NIFTY03NOV2217900PE.NFO,28/10/2022,09:20:08,187.2,186.9,150,187.2,650,3150,409650
NIFTY03NOV2217900PE.NFO,28/10/2022,09:20:09,185.3,185.35,50,185.65,100,600,409650
NIFTY03NOV2217900PE.NFO,28/10/2022,09:20:10,185.4,185.3,150,185.5,100,1150,489150
NIFTY03NOV2217900PE.NFO,28/10/2022,09:20:11,184.65,184.1,100,184.4,50,1300,489150
NIFTY03NOV2217900PE.NFO,28/10/2022,09:20:13,182.15,181.9,100,182.15,50,8100,489150
NIFTY03NOV2217900PE.NFO,28/10/2022,09:20:14,182.3,182.2,100,182.35,100,8100,489150
NIFTY03NOV2217900PE.NFO,28/10/2022,09:20:15,182.85,182.7,100,183,250,1050,489150
NIFTY03NOV2217900PE.NFO,28/10/2022,09:20:16,183.55,183.2,250,183.4,100,600,489150
NIFTY03NOV2217900PE.NFO,28/10/2022,09:20:17,184.1,184.35,100,184.45,50,5150,489150
NIFTY03NOV2217900PE.NFO,28/10/2022,09:20:18,184.1,183.5,150,183.9,200,0,489150
NIFTY03NOV2217900PE.NFO,28/10/2022,09:20:19,183.45,183.8,100,184.05,500,1550,489150
NIFTY03NOV2217900PE.NFO,28/10/2022,09:20:20,184,183.7,200,184,150,700,489150
NIFTY03NOV2217900PE.NFO,28/10/2022,09:20:21,183.35,183.25,150,183.55,100,650,489150
NIFTY03NOV2217900PE.NFO,28/10/2022,09:20:22,182.75,183.15,300,183.5,100,100,489150
NIFTY03NOV2217900PE.NFO,28/10/2022,09:20:23,183.3,183.15,200,183.6,1050,350,489150
NIFTY03NOV2217900PE.NFO,28/10/2022,09:20:24,183.1,182.6,500,182.95,100,150,489150
NIFTY03NOV2217900PE.NFO,28/10/2022,09:20:25,181.75,181.65,100,182,500,5150,489150
NIFTY03NOV2217900PE.NFO,28/10/2022,09:20:26,182,181.65,50,181.95,50,300,489150
NIFTY03NOV2217900PE.NFO,28/10/2022,09:20:27,181.6,182,100,182.4,300,900,489150
NIFTY03NOV2217900PE.NFO,28/10/2022,09:20:28,181.8,182,200,182.3,200,1300,489150
NIFTY03NOV2217900PE.NFO,28/10/2022,09:20:29,181.5,181.9,100,182.15,150,350,489150
NIFTY03NOV2217900PE.NFO,28/10/2022,09:20:30,181.9,181.65,150,181.95,50,1500,489150
NIFTY03NOV2217900PE.NFO,28/10/2022,09:20:31,182.1,182.05,200,182.3,550,1000,489150
NIFTY03NOV2217900PE.NFO,28/10/2022,09:20:32,182.15,181.9,50,182.2,300,400,489150
NIFTY03NOV2217900PE.NFO,28/10/2022,09:20:33,180.55,180.2,50,180.45,100,1300,489150
NIFTY03NOV2217900PE.NFO,28/10/2022,09:20:34,181.1,180.8,150,181.1,50,500,489150
NIFTY03NOV2217900PE.NFO,28/10/2022,09:20:35,181.95,181.85,200,182.15,1100,2200,489150
NIFTY03NOV2217900PE.NFO,28/10/2022,09:20:36,182.3,182.1,200,182.3,200,3650,489150
NIFTY03NOV2217900PE.NFO,28/10/2022,09:20:37,183.05,183.05,50,183.3,550,650,489150
NIFTY03NOV2217900PE.NFO,28/10/2022,09:20:38,182.8,182.85,100,183.1,200,2350,489150
NIFTY03NOV2217900PE.NFO,28/10/2022,09:20:39,182.8,182.6,250,182.9,200,800,489150
NIFTY03NOV2217900PE.NFO,28/10/2022,09:20:40,184.1,184,100,184.3,100,1950,489150
NIFTY03NOV2217900PE.NFO,28/10/2022,09:20:41,184,183.85,250,184.1,200,6000,489150
NIFTY03NOV2217900PE.NFO,28/10/2022,09:20:42,184,183.6,100,183.9,250,0,489150
NIFTY03NOV2217900PE.NFO,28/10/2022,09:20:43,183.9,183.6,150,183.95,150,1800,489150
NIFTY03NOV2217900PE.NFO,28/10/2022,09:20:44,182.75,182.5,100,182.75,50,650,489150
NIFTY03NOV2217900PE.NFO,28/10/2022,09:20:45,182.1,181.7,100,182.05,100,2200,489150
NIFTY03NOV2217900PE.NFO,28/10/2022,09:20:46,182.4,182.85,200,183.15,200,100,489150
NIFTY03NOV2217900PE.NFO,28/10/2022,09:20:47,183.35,183.35,200,183.65,150,1350,489150
NIFTY03NOV2217900PE.NFO,28/10/2022,09:20:48,183.45,182.6,300,182.9,100,1550,489150
NIFTY03NOV2217900PE.NFO,28/10/2022,09:20:49,183.25,183,50,183.35,350,150,489150
NIFTY03NOV2217900PE.NFO,28/10/2022,09:20:50,183.3,183.05,200,183.35,350,1750,489150
NIFTY03NOV2217900PE.NFO,28/10/2022,09:20:51,184.05,183.5,150,183.75,150,2900,489150
NIFTY03NOV2217900PE.NFO,28/10/2022,09:20:52,182.65,182.55,150,182.85,100,1350,489150
NIFTY03NOV2217900PE.NFO,28/10/2022,09:20:53,182,182.5,350,182.75,150,7300,489150
NIFTY03NOV2217900PE.NFO,28/10/2022,09:20:54,183.25,183,350,183.4,250,1100,489150
NIFTY03NOV2217900PE.NFO,28/10/2022,09:20:55,183.5,182.9,50,183.15,50,1000,489150
NIFTY03NOV2217900PE.NFO,28/10/2022,09:20:56,183.35,182.55,200,182.9,800,1250,489150
NIFTY03NOV2217900PE.NFO,28/10/2022,09:20:57,183.35,182.55,50,182.9,200,0,489150
NIFTY03NOV2217900PE.NFO,28/10/2022,09:20:58,183,182.35,150,182.7,200,1700,489150
NIFTY03NOV2217900PE.NFO,28/10/2022,09:20:59,181.05,181.1,100,181.5,350,2800,489150
NIFTY03NOV2217900PE.NFO,28/10/2022,09:21:00,180.95,180.85,100,181.1,200,2650,489150
NIFTY03NOV2217900PE.NFO,28/10/2022,09:21:01,180,179.5,150,179.85,250,7250,489150
NIFTY03NOV2217900PE.NFO,28/10/2022,09:21:02,179,179,750,179.15,150,2150,489150
NIFTY03NOV2217900PE.NFO,28/10/2022,09:21:03,181.85,181.6,200,182,300,1750,489150
NIFTY03NOV2217900PE.NFO,28/10/2022,09:21:04,181.6,181.35,150,181.65,150,1650,489150
NIFTY03NOV2217900PE.NFO,28/10/2022,09:21:05,182.2,182.15,150,182.5,200,1200,489150
NIFTY03NOV2217900PE.NFO,28/10/2022,09:21:06,183.65,183.35,100,183.7,350,2500,489150
NIFTY03NOV2217900PE.NFO,28/10/2022,09:21:07,183.75,183.65,50,183.85,50,100,489150
NIFTY03NOV2217900PE.NFO,28/10/2022,09:21:08,183.25,183.3,150,183.5,200,450,489150
NIFTY03NOV2217900PE.NFO,28/10/2022,09:21:09,182.2,182.55,50,182.8,200,550,489150
NIFTY03NOV2217900PE.NFO,28/10/2022,09:21:10,183.15,182.9,150,183.3,1250,1300,489150
NIFTY03NOV2217900PE.NFO,28/10/2022,09:21:11,183.65,183.55,150,183.8,200,1200,489150
NIFTY03NOV2217900PE.NFO,28/10/2022,09:21:12,183.8,183.65,150,183.95,50,1650,489150
NIFTY03NOV2217900PE.NFO,28/10/2022,09:21:13,184.2,183.7,100,184.1,300,1600,489150
NIFTY03NOV2217900PE.NFO,28/10/2022,09:21:14,182.2,181.75,350,182.1,200,4950,489150
NIFTY03NOV2217900PE.NFO,28/10/2022,09:21:15,182.05,182.1,150,182.4,250,3800,489150
NIFTY03NOV2217900PE.NFO,28/10/2022,09:21:16,181.75,181.45,150,181.75,100,2050,489150
NIFTY03NOV2217900PE.NFO,28/10/2022,09:21:17,181.5,181.85,150,182,150,3750,489150
NIFTY03NOV2217900PE.NFO,28/10/2022,09:21:18,181,180.9,150,181.25,200,1600,489150
NIFTY03NOV2217900PE.NFO,28/10/2022,09:21:19,181.05,181.1,150,181.3,100,200,489150
NIFTY03NOV2217900PE.NFO,28/10/2022,09:21:20,181.9,181.75,150,181.9,100,800,489150
NIFTY03NOV2217900PE.NFO,28/10/2022,09:21:21,181.65,181.7,350,182,100,1200,489150
NIFTY03NOV2217900PE.NFO,28/10/2022,09:21:22,181.8,181.6,50,181.8,100,3750,489150
NIFTY03NOV2217900PE.NFO,28/10/2022,09:21:23,181.8,181.6,500,181.95,150,450,489150
NIFTY03NOV2217900PE.NFO,28/10/2022,09:21:24,181.6,181.1,50,181.4,200,1100,489150
NIFTY03NOV2217900PE.NFO,28/10/2022,09:21:25,181.6,181.4,50,181.55,50,300,489150
NIFTY03NOV2217900PE.NFO,28/10/2022,09:21:26,181.3,181.35,200,181.5,100,1400,489150
NIFTY03NOV2217900PE.NFO,28/10/2022,09:21:27,181.55,181.45,150,181.7,100,150,489150
NIFTY03NOV2217900PE.NFO,28/10/2022,09:21:28,180.95,180.8,50,181,150,450,489150
NIFTY03NOV2217900PE.NFO,28/10/2022,09:21:29,180.7,180.5,50,180.75,150,100,489150
NIFTY03NOV2217900PE.NFO,28/10/2022,09:21:30,180.65,180.65,50,180.9,100,350,489150
NIFTY03NOV2217900PE.NFO,28/10/2022,09:21:31,181.3,180.9,50,181.2,100,1600,489150
NIFTY03NOV2217900PE.NFO,28/10/2022,09:21:32,181.1,181,50,181.35,100,1100,489150
NIFTY03NOV2217900PE.NFO,28/10/2022,09:21:33,181.6,181.5,150,181.8,50,350,489150
NIFTY03NOV2217900PE.NFO,28/10/2022,09:21:34,182.25,182.1,150,182.35,50,500,489150
NIFTY03NOV2217900PE.NFO,28/10/2022,09:21:35,181.8,181.7,250,181.95,150,100,489150
NIFTY03NOV2217900PE.NFO,28/10/2022,09:21:36,182.1,181.9,50,182.15,50,150,489150
NIFTY03NOV2217900PE.NFO,28/10/2022,09:21:37,182.95,182.75,150,182.95,150,700,489150
NIFTY03NOV2217900PE.NFO,28/10/2022,09:21:38,183.05,182.95,150,183.35,200,350,489150
NIFTY03NOV2217900PE.NFO,28/10/2022,09:21:39,183.05,183.2,50,183.45,100,0,489150
NIFTY03NOV2217900PE.NFO,28/10/2022,09:21:40,183.25,183,50,183.25,100,50,489150
NIFTY03NOV2217900PE.NFO,28/10/2022,09:21:41,183.3,183.15,100,183.4,150,50,489150
NIFTY03NOV2217900PE.NFO,28/10/2022,09:21:42,183.1,182.9,50,183.05,250,350,489150
NIFTY03NOV2217900PE.NFO,28/10/2022,09:21:43,182.4,182.4,50,182.7,100,1450,489150
NIFTY03NOV2217900PE.NFO,28/10/2022,09:21:44,183.95,183.5,50,183.8,200,2550,489150
NIFTY03NOV2217900PE.NFO,28/10/2022,09:21:45,183.75,183.7,250,184,1800,500,489150
NIFTY03NOV2217900PE.NFO,28/10/2022,09:21:46,183.85,183.75,100,184.05,150,1200,489150
NIFTY03NOV2217900PE.NFO,28/10/2022,09:21:47,183.65,183.65,100,183.95,200,400,489150
NIFTY03NOV2217900PE.NFO,28/10/2022,09:21:48,183.75,183.45,100,183.8,150,100,489150
NIFTY03NOV2217900PE.NFO,28/10/2022,09:21:49,183,182.8,200,183.1,200,350,489150
NIFTY03NOV2217900PE.NFO,28/10/2022,09:21:50,183.8,183.85,100,184,50,1550,489150
NIFTY03NOV2217900PE.NFO,28/10/2022,09:21:51,183.9,183.55,100,183.9,400,350,489150
NIFTY03NOV2217900PE.NFO,28/10/2022,09:21:52,183.7,183.7,200,183.9,300,1900,489150
NIFTY03NOV2217900PE.NFO,28/10/2022,09:21:53,184,183.55,200,183.8,200,350,489150
NIFTY03NOV2217900PE.NFO,28/10/2022,09:21:54,183.8,183.2,150,183.55,50,3350,489150
NIFTY03NOV2217900PE.NFO,28/10/2022,09:21:55,184.05,183.95,200,184.25,50,350,489150
NIFTY03NOV2217900PE.NFO,28/10/2022,09:21:56,183.75,183.9,100,184.3,350,350,489150
NIFTY03NOV2217900PE.NFO,28/10/2022,09:21:57,184,183.5,300,183.9,400,1650,489150
NIFTY03NOV2217900PE.NFO,28/10/2022,09:21:58,184.55,184.15,100,184.5,100,900,489150
NIFTY03NOV2217900PE.NFO,28/10/2022,09:21:59,183.2,183.25,250,183.4,200,350,489150
NIFTY03NOV2217900PE.NFO,28/10/2022,09:22:00,184.3,183.95,200,184.2,300,600,489150
NIFTY03NOV2217900PE.NFO,28/10/2022,09:22:02,184.55,184.5,150,184.75,100,7250,489150
NIFTY03NOV2217900PE.NFO,28/10/2022,09:22:03,184,183.8,100,184.1,100,200,489150
NIFTY03NOV2217900PE.NFO,28/10/2022,09:22:04,184.15,183.7,250,183.95,200,150,489150
NIFTY03NOV2217900PE.NFO,28/10/2022,09:22:05,185,184.95,50,185.2,200,1400,489150
NIFTY03NOV2217900PE.NFO,28/10/2022,09:22:06,184.85,184.65,50,184.95,150,50,489150
NIFTY03NOV2217900PE.NFO,28/10/2022,09:22:07,184.8,184.65,100,185,50,1950,489150
NIFTY03NOV2217900PE.NFO,28/10/2022,09:22:08,185,184.8,400,185.15,200,150,489150
NIFTY03NOV2217900PE.NFO,28/10/2022,09:22:09,185,185.1,50,185.45,150,450,489150
NIFTY03NOV2217900PE.NFO,28/10/2022,09:22:10,186,185.7,150,186,1250,4400,489150
NIFTY03NOV2217900PE.NFO,28/10/2022,09:22:11,185.9,185.55,250,185.9,150,50,489150
NIFTY03NOV2217900PE.NFO,28/10/2022,09:22:12,185.75,185.65,100,185.8,50,2500,489150
NIFTY03NOV2217900PE.NFO,28/10/2022,09:22:13,185.75,186.05,50,186.35,150,400,489150
NIFTY03NOV2217900PE.NFO,28/10/2022,09:22:14,185.85,186.05,100,186.4,450,150,489150
NIFTY03NOV2217900PE.NFO,28/10/2022,09:22:15,185.45,185.1,150,185.45,100,1000,489150
NIFTY03NOV2217900PE.NFO,28/10/2022,09:22:16,185.65,185.5,50,185.8,100,100,489150
NIFTY03NOV2217900PE.NFO,28/10/2022,09:22:17,184.6,184.3,50,184.6,200,6250,489150
NIFTY03NOV2217900PE.NFO,28/10/2022,09:22:18,184,183.55,50,183.85,200,3650,489150
NIFTY03NOV2217900PE.NFO,28/10/2022,09:22:20,183.9,183.65,150,183.9,350,50,489150
NIFTY03NOV2217900PE.NFO,28/10/2022,09:22:20,182.9,182.85,150,183.15,100,400,489150
NIFTY03NOV2217900PE.NFO,28/10/2022,09:22:21,183.4,183.1,150,183.4,150,1250,489150
NIFTY03NOV2217900PE.NFO,28/10/2022,09:22:22,184.05,183.25,50,183.35,200,1500,489150
NIFTY03NOV2217900PE.NFO,28/10/2022,09:22:23,182.65,182.55,150,182.75,100,600,489150
NIFTY03NOV2217900PE.NFO,28/10/2022,09:22:24,182.35,182,1100,182.3,300,550,489150
NIFTY03NOV2217900PE.NFO,28/10/2022,09:22:25,182.6,182.2,150,182.6,200,1100,489150
NIFTY03NOV2217900PE.NFO,28/10/2022,09:22:26,183,183.25,100,183.55,50,600,489150
NIFTY03NOV2217900PE.NFO,28/10/2022,09:22:27,183.5,183.8,150,184.1,200,50,489150
NIFTY03NOV2217900PE.NFO,28/10/2022,09:22:28,184,183.5,100,183.75,250,150,489150
NIFTY03NOV2217900PE.NFO,28/10/2022,09:22:29,183.75,183.85,250,184.2,750,450,489150
NIFTY03NOV2217900PE.NFO,28/10/2022,09:22:31,183.65,183.9,200,184.15,100,600,489150
NIFTY03NOV2217900PE.NFO,28/10/2022,09:22:31,183.65,183.9,100,184.2,200,0,489150
NIFTY03NOV2217900PE.NFO,28/10/2022,09:22:32,184.25,184.25,150,184.55,100,100,489150
NIFTY03NOV2217900PE.NFO,28/10/2022,09:22:33,185.55,185.25,100,185.65,150,2600,489150
NIFTY03NOV2217900PE.NFO,28/10/2022,09:22:34,184.15,184.05,50,184.45,350,400,489150
NIFTY03NOV2217900PE.NFO,28/10/2022,09:22:35,185,184.65,200,185,150,450,489150
NIFTY03NOV2217900PE.NFO,28/10/2022,09:22:36,185,184.85,200,185.2,100,350,489150
NIFTY03NOV2217900PE.NFO,28/10/2022,09:22:37,185.3,184.85,150,185.1,100,150,489150
NIFTY03NOV2217900PE.NFO,28/10/2022,09:22:38,184,183.55,150,183.8,100,1050,489150
NIFTY03NOV2217900PE.NFO,28/10/2022,09:22:39,183.5,183.5,1150,183.7,200,950,489150
NIFTY03NOV2217900PE.NFO,28/10/2022,09:22:40,183.6,183.9,150,184.15,100,1700,489150
NIFTY03NOV2217900PE.NFO,28/10/2022,09:22:41,183.2,183.2,50,183.55,100,2850,489150
NIFTY03NOV2217900PE.NFO,28/10/2022,09:22:42,183.3,183.2,200,183.55,100,1250,489150
NIFTY03NOV2217900PE.NFO,28/10/2022,09:22:43,183.45,183.25,50,183.55,100,100,489150
NIFTY03NOV2217900PE.NFO,28/10/2022,09:22:44,183.15,183.05,200,183.4,150,200,489150
NIFTY03NOV2217900PE.NFO,28/10/2022,09:22:45,182.85,183.2,100,183.55,200,1150,489150
NIFTY03NOV2217900PE.NFO,28/10/2022,09:22:46,184.05,183.7,300,184.05,150,300,489150
NIFTY03NOV2217900PE.NFO,28/10/2022,09:22:47,183.55,183.25,100,183.6,550,150,489150
NIFTY03NOV2217900PE.NFO,28/10/2022,09:22:48,184.1,183.75,50,184.1,100,150,489150
NIFTY03NOV2217900PE.NFO,28/10/2022,09:22:49,184.45,184.2,100,184.4,200,200,489150
NIFTY03NOV2217900PE.NFO,28/10/2022,09:22:50,182.55,182.4,1500,182.65,200,400,489150
NIFTY03NOV2217900PE.NFO,28/10/2022,09:22:51,182.2,182.1,200,182.35,250,50,489150
NIFTY03NOV2217900PE.NFO,28/10/2022,09:22:52,181.75,182.05,50,182.35,100,5750,489150
NIFTY03NOV2217900PE.NFO,28/10/2022,09:22:53,181.75,181.75,100,181.95,100,0,489150
NIFTY03NOV2217900PE.NFO,28/10/2022,09:22:54,183,182.35,200,182.65,150,500,489150
NIFTY03NOV2217900PE.NFO,28/10/2022,09:22:55,182.9,182.35,800,182.75,200,400,489150
NIFTY03NOV2217900PE.NFO,28/10/2022,09:22:56,182.7,182.9,100,183.15,100,300,489150
NIFTY03NOV2217900PE.NFO,28/10/2022,09:22:57,182.85,182.6,50,182.9,100,650,489150
NIFTY03NOV2217900PE.NFO,28/10/2022,09:22:58,183.05,183.05,200,183.35,50,300,489150
NIFTY03NOV2217900PE.NFO,28/10/2022,09:22:59,183.6,183.2,50,183.5,150,500,489150
NIFTY03NOV2217900PE.NFO,28/10/2022,09:23:00,182.85,182.75,50,183,150,2300,489150
NIFTY03NOV2217900PE.NFO,28/10/2022,09:23:01,183.5,183.25,150,183.45,150,2550,489150
NIFTY03NOV2217900PE.NFO,28/10/2022,09:23:03,181.6,181.25,600,181.6,150,3400,489150
NIFTY03NOV2217900PE.NFO,28/10/2022,09:23:03,181.6,181.35,150,181.65,50,0,489150
NIFTY03NOV2217900PE.NFO,28/10/2022,09:23:04,181.5,181.05,150,181.3,100,2950,489150
NIFTY03NOV2217900PE.NFO,28/10/2022,09:23:05,181.3,181.1,50,181.3,50,100,489150
NIFTY03NOV2217900PE.NFO,28/10/2022,09:23:06,180.05,180,3500,180.25,150,4200,489150
NIFTY03NOV2217900PE.NFO,28/10/2022,09:23:07,179.6,179.15,100,179.5,250,7200,489150
NIFTY03NOV2217900PE.NFO,28/10/2022,09:23:08,180.4,180,250,180.25,50,200,489150
NIFTY03NOV2217900PE.NFO,28/10/2022,09:23:09,180.45,180.2,100,180.5,100,800,489150
NIFTY03NOV2217900PE.NFO,28/10/2022,09:23:10,180,179.75,50,180,200,4000,575850
NIFTY03NOV2217900PE.NFO,28/10/2022,09:23:11,180.15,179.85,100,180.15,50,550,575850
NIFTY03NOV2217900PE.NFO,28/10/2022,09:23:13,181.1,180.5,200,180.7,100,3750,575850
NIFTY03NOV2217900PE.NFO,28/10/2022,09:23:13,181.1,180.2,200,180.6,400,0,575850
NIFTY03NOV2217900PE.NFO,28/10/2022,09:23:14,179.95,179.8,50,179.95,50,400,575850
NIFTY03NOV2217900PE.NFO,28/10/2022,09:23:15,179.4,179.05,250,179.35,100,2200,575850
NIFTY03NOV2217900PE.NFO,28/10/2022,09:23:16,179.2,179,50,179.2,150,2450,575850
NIFTY03NOV2217900PE.NFO,28/10/2022,09:23:17,179.1,179.05,150,179.35,100,300,575850
NIFTY03NOV2217900PE.NFO,28/10/2022,09:23:18,178.8,178.45,50,178.7,50,3200,575850
NIFTY03NOV2217900PE.NFO,28/10/2022,09:23:19,180,179.9,250,180.2,200,5450,575850
NIFTY03NOV2217900PE.NFO,28/10/2022,09:23:20,180.25,180.15,100,180.35,50,1050,575850
NIFTY03NOV2217900PE.NFO,28/10/2022,09:23:21,179.95,179.6,150,179.8,100,6450,575850
NIFTY03NOV2217900PE.NFO,28/10/2022,09:23:22,179.85,179.55,50,179.8,50,150,575850
NIFTY03NOV2217900PE.NFO,28/10/2022,09:23:23,179.8,179.45,150,179.8,200,200,575850
NIFTY03NOV2217900PE.NFO,28/10/2022,09:23:24,179.65,179.45,50,179.7,100,100,575850
NIFTY03NOV2217900PE.NFO,28/10/2022,09:23:25,179.6,179.35,150,179.65,250,750,575850
NIFTY03NOV2217900PE.NFO,28/10/2022,09:23:26,180.45,180.6,150,180.9,50,1400,575850
NIFTY03NOV2217900PE.NFO,28/10/2022,09:23:27,180.15,179.9,150,180.2,100,2950,575850
NIFTY03NOV2217900PE.NFO,28/10/2022,09:23:28,181.05,180.55,50,180.75,100,150,575850
NIFTY03NOV2217900PE.NFO,28/10/2022,09:23:29,180.55,180.4,50,180.65,50,50,575850
NIFTY03NOV2217900PE.NFO,28/10/2022,09:23:30,180.55,180.25,200,180.65,150,350,575850
NIFTY03NOV2217900PE.NFO,28/10/2022,09:23:31,179.6,179.55,50,179.7,50,3350,575850
NIFTY03NOV2217900PE.NFO,28/10/2022,09:23:32,179.85,179.9,50,180.2,100,50,575850
NIFTY03NOV2217900PE.NFO,28/10/2022,09:23:33,179.8,179.7,100,180,200,250,575850
NIFTY03NOV2217900PE.NFO,28/10/2022,09:23:35,180.8,180.2,100,180.5,300,750,575850
NIFTY03NOV2217900PE.NFO,28/10/2022,09:23:35,180.6,180.5,150,180.65,50,300,575850
NIFTY03NOV2217900PE.NFO,28/10/2022,09:23:36,180.8,180.25,150,180.6,150,2750,575850
NIFTY03NOV2217900PE.NFO,28/10/2022,09:23:37,180.05,180.2,50,180.4,50,650,575850
NIFTY03NOV2217900PE.NFO,28/10/2022,09:23:39,180.4,180.6,150,180.95,150,50,575850
NIFTY03NOV2217900PE.NFO,28/10/2022,09:23:39,180.4,180.55,50,180.8,100,0,575850
NIFTY03NOV2217900PE.NFO,28/10/2022,09:23:40,180.2,180.15,100,180.35,50,300,575850
NIFTY03NOV2217900PE.NFO,28/10/2022,09:23:41,181.05,181,100,181.35,200,2050,575850
NIFTY03NOV2217900PE.NFO,28/10/2022,09:23:42,180.6,180.65,50,180.95,100,500,575850
NIFTY03NOV2217900PE.NFO,28/10/2022,09:23:43,180.15,180.15,50,180.45,100,300,575850
NIFTY03NOV2217900PE.NFO,28/10/2022,09:23:45,180.85,180.2,150,180.55,50,350,575850
NIFTY03NOV2217900PE.NFO,28/10/2022,09:23:45,180.85,180.75,100,181,50,0,575850
NIFTY03NOV2217900PE.NFO,28/10/2022,09:23:46,181.1,180.8,100,181.15,250,1550,575850
NIFTY03NOV2217900PE.NFO,28/10/2022,09:23:47,180.95,180.95,100,181.25,50,1900,575850
NIFTY03NOV2217900PE.NFO,28/10/2022,09:23:48,181.1,180.8,150,181.15,200,2650,575850
NIFTY03NOV2217900PE.NFO,28/10/2022,09:23:50,181.5,181.15,100,181.4,300,600,575850
NIFTY03NOV2217900PE.NFO,28/10/2022,09:23:50,181,180.75,250,181.1,50,200,575850
NIFTY03NOV2217900PE.NFO,28/10/2022,09:23:51,181,180.55,50,180.8,150,0,575850
NIFTY03NOV2217900PE.NFO,28/10/2022,09:23:52,179.95,179.55,50,179.75,50,2050,575850
NIFTY03NOV2217900PE.NFO,28/10/2022,09:23:53,179.15,179.15,100,179.2,50,450,575850
NIFTY03NOV2217900PE.NFO,28/10/2022,09:23:54,179.1,179.05,100,179.3,200,300,575850
NIFTY03NOV2217900PE.NFO,28/10/2022,09:23:56,179.5,179.4,100,179.65,50,7050,575850
NIFTY03NOV2217900PE.NFO,28/10/2022,09:23:56,179.5,179.3,150,179.6,250,0,575850
NIFTY03NOV2217900PE.NFO,28/10/2022,09:23:57,179.75,179.55,300,179.9,300,600,575850
NIFTY03NOV2217900PE.NFO,28/10/2022,09:23:58,179.85,179.2,50,179.55,250,1150,575850
NIFTY03NOV2217900PE.NFO,28/10/2022,09:23:59,179.25,179.25,50,179.5,200,550,575850
NIFTY03NOV2217900PE.NFO,28/10/2022,09:24:00,178,177.85,100,178.15,200,6350,575850
NIFTY03NOV2217900PE.NFO,28/10/2022,09:24:01,178.3,178.45,100,178.8,100,500,575850
NIFTY03NOV2217900PE.NFO,28/10/2022,09:24:01,177.9,178.45,100,178.8,100,0,575850
NIFTY03NOV2217900PE.NFO,28/10/2022,09:24:02,178.25,178.65,50,178.95,100,400,575850
NIFTY03NOV2217900PE.NFO,28/10/2022,09:24:04,178.6,178.7,100,179.05,100,1200,575850
NIFTY03NOV2217900PE.NFO,28/10/2022,09:24:04,177.6,178.7,100,179.05,100,0,575850
NIFTY03NOV2217900PE.NFO,28/10/2022,09:24:04,178.6,178.4,50,178.65,250,0,575850
NIFTY03NOV2217900PE.NFO,28/10/2022,09:24:05,177.4,177.7,100,178,700,1050,575850
NIFTY03NOV2217900PE.NFO,28/10/2022,09:24:05,177.35,177.7,100,178,700,0,575850
NIFTY03NOV2217900PE.NFO,28/10/2022,09:24:06,177.7,177.6,650,177.95,50,800,575850
NIFTY03NOV2217900PE.NFO,28/10/2022,09:24:08,177.9,177.85,50,178.1,200,2450,575850
NIFTY03NOV2217900PE.NFO,28/10/2022,09:24:08,177.1,177.85,50,178.1,200,0,575850
NIFTY03NOV2217900PE.NFO,28/10/2022,09:24:08,178,178,50,178.25,100,950,575850
NIFTY03NOV2217900PE.NFO,28/10/2022,09:24:10,178.05,177.7,50,178,250,900,575850
NIFTY03NOV2217900PE.NFO,28/10/2022,09:24:10,177.55,177.4,50,177.75,200,100,575850
NIFTY03NOV2217900PE.NFO,28/10/2022,09:24:11,177.45,177.35,50,177.75,50,200,575850
NIFTY03NOV2217900PE.NFO,28/10/2022,09:24:12,178.3,177.95,100,178.25,100,600,575850
NIFTY03NOV2217900PE.NFO,28/10/2022,09:24:13,178.35,178.05,50,178.35,100,1150,575850
NIFTY03NOV2217900PE.NFO,28/10/2022,09:24:15,177.3,177.2,50,177.5,150,450,575850
NIFTY03NOV2217900PE.NFO,28/10/2022,09:24:15,177.25,176.85,50,177.2,250,2850,575850
NIFTY03NOV2217900PE.NFO,28/10/2022,09:24:15,176.85,176.85,50,177.2,250,0,575850
NIFTY03NOV2217900PE.NFO,28/10/2022,09:24:16,177.85,178,100,178.35,100,850,575850
NIFTY03NOV2217900PE.NFO,28/10/2022,09:24:17,178.65,178.35,50,178.55,50,700,575850
NIFTY03NOV2217900PE.NFO,28/10/2022,09:24:19,179.55,179.5,50,179.8,250,1050,575850
NIFTY03NOV2217900PE.NFO,28/10/2022,09:24:19,179.5,179.3,50,179.55,100,50,575850
NIFTY03NOV2217900PE.NFO,28/10/2022,09:24:20,179.35,179.35,50,179.5,100,500,575850
NIFTY03NOV2217900PE.NFO,28/10/2022,09:24:21,179.2,179.2,50,179.45,100,600,575850
NIFTY03NOV2217900PE.NFO,28/10/2022,09:24:22,179.5,179.15,300,179.55,100,150,575850
NIFTY03NOV2217900PE.NFO,28/10/2022,09:24:24,179,179,100,179.35,100,3800,575850
NIFTY03NOV2217900PE.NFO,28/10/2022,09:24:24,179,179.2,300,179.55,50,0,575850
NIFTY03NOV2217900PE.NFO,28/10/2022,09:24:25,178.75,178.5,100,178.8,200,1900,575850
NIFTY03NOV2217900PE.NFO,28/10/2022,09:24:26,179.45,179.05,100,179.3,200,550,575850
NIFTY03NOV2217900PE.NFO,28/10/2022,09:24:28,178.85,178.95,50,179.25,50,1150,575850
NIFTY03NOV2217900PE.NFO,28/10/2022,09:24:28,178.85,178.9,100,178.95,50,250,575850
NIFTY03NOV2217900PE.NFO,28/10/2022,09:24:29,179.15,178.95,50,179.15,100,200,575850
NIFTY03NOV2217900PE.NFO,28/10/2022,09:24:30,179.1,178.9,150,179.2,300,700,575850
NIFTY03NOV2217900PE.NFO,28/10/2022,09:24:31,178.8,178.75,250,179.1,100,150,575850
NIFTY03NOV2217900PE.NFO,28/10/2022,09:24:32,179.35,179.3,250,179.6,50,450,575850
NIFTY03NOV2217900PE.NFO,28/10/2022,09:24:33,179.4,178.85,50,179.1,250,1150,575850
NIFTY03NOV2217900PE.NFO,28/10/2022,09:24:34,178.25,178.15,50,178.5,50,2000,575850
NIFTY03NOV2217900PE.NFO,28/10/2022,09:24:36,178.45,177.75,100,178.1,100,2600,575850
NIFTY03NOV2217900PE.NFO,28/10/2022,09:24:37,178.45,178.3,100,178.55,150,0,575850
NIFTY03NOV2217900PE.NFO,28/10/2022,09:24:38,178.1,178.1,500,178.35,100,1000,575850
NIFTY03NOV2217900PE.NFO,28/10/2022,09:24:39,178.15,178.1,50,178.25,250,50,575850
NIFTY03NOV2217900PE.NFO,28/10/2022,09:24:39,178.6,178.25,200,178.55,100,1000,575850
NIFTY03NOV2217900PE.NFO,28/10/2022,09:24:40,178.7,178.55,150,178.95,300,1150,575850
NIFTY03NOV2217900PE.NFO,28/10/2022,09:24:41,178.15,178.15,50,178.35,200,3500,575850
NIFTY03NOV2217900PE.NFO,28/10/2022,09:24:43,178.7,178.05,100,178.3,100,400,575850
NIFTY03NOV2217900PE.NFO,28/10/2022,09:24:44,178.6,178.6,50,178.9,150,200,575850
NIFTY03NOV2217900PE.NFO,28/10/2022,09:24:45,177.9,177.7,1550,178.1,100,1550,575850
NIFTY03NOV2217900PE.NFO,28/10/2022,09:24:45,177.9,177.85,50,178.15,100,0,575850
NIFTY03NOV2217900PE.NFO,28/10/2022,09:24:46,177.75,178,300,178.1,50,50,575850
NIFTY03NOV2217900PE.NFO,28/10/2022,09:24:47,178.8,178.45,500,178.8,200,450,575850
NIFTY03NOV2217900PE.NFO,28/10/2022,09:24:49,178.1,178.3,50,178.45,50,200,575850
NIFTY03NOV2217900PE.NFO,28/10/2022,09:24:50,177.9,177.8,50,178.1,150,550,575850
NIFTY03NOV2217900PE.NFO,28/10/2022,09:24:51,177.4,177.25,100,177.5,50,1300,575850
NIFTY03NOV2217900PE.NFO,28/10/2022,09:24:52,176.55,176.55,100,176.8,200,2150,575850
NIFTY03NOV2217900PE.NFO,28/10/2022,09:24:52,176.55,176.55,100,176.8,200,0,575850
NIFTY03NOV2217900PE.NFO,28/10/2022,09:24:52,176.55,176.55,100,176.8,50,0,575850
NIFTY03NOV2217900PE.NFO,28/10/2022,09:24:53,177.45,177.1,50,177.35,50,2100,575850
NIFTY03NOV2217900PE.NFO,28/10/2022,09:24:53,176.4,177.1,50,177.35,50,0,575850
NIFTY03NOV2217900PE.NFO,28/10/2022,09:24:54,177.75,177.7,150,178,150,1000,575850
NIFTY03NOV2217900PE.NFO,28/10/2022,09:24:55,177.2,177.25,50,177.55,50,1350,575850
NIFTY03NOV2217900PE.NFO,28/10/2022,09:24:57,177.55,177.25,50,177.6,100,100,575850
NIFTY03NOV2217900PE.NFO,28/10/2022,09:24:58,177.9,177.55,50,177.85,200,1300,575850
NIFTY03NOV2217900PE.NFO,28/10/2022,09:24:59,176.8,176.8,50,177.1,100,650,575850
NIFTY03NOV2217900PE.NFO,28/10/2022,09:24:59,176.8,176.7,1200,177.05,150,400,575850
NIFTY03NOV2217900PE.NFO,28/10/2022,09:25:00,175.3,175.35,200,175.7,150,7100,575850
NIFTY03NOV2217900PE.NFO,28/10/2022,09:25:00,175.1,175.35,200,175.7,150,0,575850
NIFTY03NOV2217900PE.NFO,28/10/2022,09:25:01,175.8,175.9,50,176.1,200,1250,575850
NIFTY03NOV2217900PE.NFO,28/10/2022,09:25:03,176.1,175.8,50,176.15,150,800,575850
NIFTY03NOV2217900PE.NFO,28/10/2022,09:25:03,176.45,176.3,50,176.65,200,550,575850
NIFTY03NOV2217900PE.NFO,28/10/2022,09:25:04,176.9,176.95,100,177.3,200,1450,575850
NIFTY03NOV2217900PE.NFO,28/10/2022,09:25:06,178,177.7,100,178.05,100,1100,575850
NIFTY03NOV2217900PE.NFO,28/10/2022,09:25:07,177.65,177.3,200,177.65,150,400,575850
NIFTY03NOV2217900PE.NFO,28/10/2022,09:25:07,177.65,177.6,50,177.65,50,0,575850
NIFTY03NOV2217900PE.NFO,28/10/2022,09:25:08,178.4,177.7,150,178,50,1600,575850
NIFTY03NOV2217900PE.NFO,28/10/2022,09:25:09,179,178.95,50,179.2,800,2000,575850
NIFTY03NOV2217900PE.NFO,28/10/2022,09:25:11,178.3,177.95,200,178.25,150,3900,575850
NIFTY03NOV2217900PE.NFO,28/10/2022,09:25:12,178.6,178.4,50,178.75,200,1250,575850
NIFTY03NOV2217900PE.NFO,28/10/2022,09:25:13,178.85,178.65,50,179.05,100,1050,575850
NIFTY03NOV2217900PE.NFO,28/10/2022,09:25:14,178.5,178.9,200,179.25,50,1650,575850
NIFTY03NOV2217900PE.NFO,28/10/2022,09:25:15,179.05,178.8,250,179.1,50,150,575850
NIFTY03NOV2217900PE.NFO,28/10/2022,09:25:15,179,179.1,150,179.4,250,550,575850
NIFTY03NOV2217900PE.NFO,28/10/2022,09:25:16,178.95,179.05,50,179.4,50,2050,575850
NIFTY03NOV2217900PE.NFO,28/10/2022,09:25:17,179.6,179.7,50,180,1800,150,575850
NIFTY03NOV2217900PE.NFO,28/10/2022,09:25:19,180.75,180.65,50,180.95,100,2750,575850
NIFTY03NOV2217900PE.NFO,28/10/2022,09:25:20,180.55,180,750,180.3,400,3350,575850
NIFTY03NOV2217900PE.NFO,28/10/2022,09:25:20,180.05,180.2,100,180.55,100,1000,575850
NIFTY03NOV2217900PE.NFO,28/10/2022,09:25:21,179.6,179.25,150,179.5,200,1150,575850
NIFTY03NOV2217900PE.NFO,28/10/2022,09:25:22,179.7,179.9,100,180.15,50,250,575850
NIFTY03NOV2217900PE.NFO,28/10/2022,09:25:23,180.95,180.4,600,180.7,150,3250,575850
NIFTY03NOV2217900PE.NFO,28/10/2022,09:25:24,180.75,180.3,50,180.5,550,50,575850
NIFTY03NOV2217900PE.NFO,28/10/2022,09:25:25,181.05,181,50,181.3,150,250,575850
NIFTY03NOV2217900PE.NFO,28/10/2022,09:25:27,180.65,180.55,100,180.9,200,1100,575850
NIFTY03NOV2217900PE.NFO,28/10/2022,09:25:28,180.7,180.6,650,180.9,150,1250,575850
NIFTY03NOV2217900PE.NFO,28/10/2022,09:25:28,180.3,180,1450,180.35,150,650,575850
NIFTY03NOV2217900PE.NFO,28/10/2022,09:25:29,180.6,180.2,50,180.45,150,450,575850
NIFTY03NOV2217900PE.NFO,28/10/2022,09:25:30,180.5,180.7,50,181.1,950,750,575850
NIFTY03NOV2217900PE.NFO,28/10/2022,09:25:32,181.05,181.2,50,181.55,50,350,575850
NIFTY03NOV2217900PE.NFO,28/10/2022,09:25:33,181.1,181.35,100,181.65,50,1000,575850
NIFTY03NOV2217900PE.NFO,28/10/2022,09:25:34,181.75,180.9,50,181.15,50,100,575850
NIFTY03NOV2217900PE.NFO,28/10/2022,09:25:35,181.4,181.05,50,181.35,100,1350,575850
NIFTY03NOV2217900PE.NFO,28/10/2022,09:25:36,180.75,180.3,50,180.5,50,250,575850
NIFTY03NOV2217900PE.NFO,28/10/2022,09:25:37,181.6,181.2,50,181.5,100,1150,575850
NIFTY03NOV2217900PE.NFO,28/10/2022,09:25:38,180.5,180.1,50,180.45,100,550,575850
NIFTY03NOV2217900PE.NFO,28/10/2022,09:25:39,180.7,180.3,100,180.55,50,500,575850
NIFTY03NOV2217900PE.NFO,28/10/2022,09:25:39,180.75,181.05,100,181.4,150,50,575850
NIFTY03NOV2217900PE.NFO,28/10/2022,09:25:40,181.1,180.8,200,181.2,350,50,575850
NIFTY03NOV2217900PE.NFO,28/10/2022,09:25:41,181.25,181.1,100,181.5,250,850,575850
NIFTY03NOV2217900PE.NFO,28/10/2022,09:25:42,180.75,180.6,50,180.9,150,1200,575850
NIFTY03NOV2217900PE.NFO,28/10/2022,09:25:43,181,180.8,100,181.15,50,4650,575850
NIFTY03NOV2217900PE.NFO,28/10/2022,09:25:45,181.1,180.95,200,181.25,100,200,575850
NIFTY03NOV2217900PE.NFO,28/10/2022,09:25:45,181.1,181.35,50,181.7,350,0,575850
NIFTY03NOV2217900PE.NFO,28/10/2022,09:25:46,181.7,180.5,50,180.8,150,50,575850
NIFTY03NOV2217900PE.NFO,28/10/2022,09:25:48,180.35,180.4,600,180.75,50,200,575850
NIFTY03NOV2217900PE.NFO,28/10/2022,09:25:49,180,179.25,100,179.6,100,1800,575850
NIFTY03NOV2217900PE.NFO,28/10/2022,09:25:50,180.15,179.5,50,179.8,50,200,575850
NIFTY03NOV2217900PE.NFO,28/10/2022,09:25:50,180.15,179.9,400,180.3,200,0,575850
NIFTY03NOV2217900PE.NFO,28/10/2022,09:25:51,179.4,179.65,150,180,50,50,575850
NIFTY03NOV2217900PE.NFO,28/10/2022,09:25:52,179.75,179.25,100,179.55,50,100,575850
NIFTY03NOV2217900PE.NFO,28/10/2022,09:25:54,179.3,179,50,179.35,50,3450,575850
NIFTY03NOV2217900PE.NFO,28/10/2022,09:25:55,180,179.85,250,180.2,150,50,575850
NIFTY03NOV2217900PE.NFO,28/10/2022,09:25:55,180,180.05,50,180.35,150,0,575850
NIFTY03NOV2217900PE.NFO,28/10/2022,09:25:56,180.1,179.65,50,180,450,1050,575850
NIFTY03NOV2217900PE.NFO,28/10/2022,09:25:57,178.7,178.75,50,179.05,100,450,575850
NIFTY03NOV2217900PE.NFO,28/10/2022,09:25:58,179.4,179.4,250,179.65,300,500,575850
NIFTY03NOV2217900PE.NFO,28/10/2022,09:26:00,179,179,50,179.35,150,1700,575850
NIFTY03NOV2217900PE.NFO,28/10/2022,09:26:01,178.75,179,150,179.35,50,1050,575850
NIFTY03NOV2217900PE.NFO,28/10/2022,09:26:01,178.75,179.15,150,179.5,100,0,575850
NIFTY03NOV2217900PE.NFO,28/10/2022,09:26:02,179.1,178.7,150,179.15,150,300,575850
NIFTY03NOV2217900PE.NFO,28/10/2022,09:26:03,179.1,178.9,150,179.25,100,50,575850
NIFTY03NOV2217900PE.NFO,28/10/2022,09:26:05,180.3,179.95,50,180.25,50,1050,575850
NIFTY03NOV2217900PE.NFO,28/10/2022,09:26:06,180.45,180.35,50,180.7,200,50,575850
NIFTY03NOV2217900PE.NFO,28/10/2022,09:26:07,180.8,180.8,50,181.1,200,2350,575850
NIFTY03NOV2217900PE.NFO,28/10/2022,09:26:07,181.2,181.1,100,181.25,50,250,575850
NIFTY03NOV2217900PE.NFO,28/10/2022,09:26:08,181.7,181.1,150,181.4,200,350,575850
NIFTY03NOV2217900PE.NFO,28/10/2022,09:26:09,180.7,180.7,50,181,250,1650,575850
NIFTY03NOV2217900PE.NFO,28/10/2022,09:26:10,181,180.45,300,180.8,350,250,640500
NIFTY03NOV2217900PE.NFO,28/10/2022,09:26:11,181.2,180.7,50,181.05,50,1400,640500
NIFTY03NOV2217900PE.NFO,28/10/2022,09:26:12,181.2,180.65,50,181,250,150,640500
NIFTY03NOV2217900PE.NFO,28/10/2022,09:26:14,181.25,180.95,150,181.35,350,100,640500
NIFTY03NOV2217900PE.NFO,28/10/2022,09:26:15,180.95,180.45,50,180.85,100,50,640500
NIFTY03NOV2217900PE.NFO,28/10/2022,09:26:16,180.9,180.2,50,180.6,850,500,640500
NIFTY03NOV2217900PE.NFO,28/10/2022,09:26:16,180.9,180.2,50,180.55,100,0,640500
NIFTY03NOV2217900PE.NFO,28/10/2022,09:26:17,180.6,180.4,500,180.7,50,150,640500
NIFTY03NOV2217900PE.NFO,28/10/2022,09:26:18,180.6,180.5,50,180.8,200,0,640500
NIFTY03NOV2217900PE.NFO,28/10/2022,09:26:19,180.55,180.55,200,180.8,200,200,640500
NIFTY03NOV2217900PE.NFO,28/10/2022,09:26:20,180.7,180.65,100,181,300,550,640500
NIFTY03NOV2217900PE.NFO,28/10/2022,09:26:22,181.25,181.1,350,181.35,100,2100,640500
NIFTY03NOV2217900PE.NFO,28/10/2022,09:26:23,181.15,180.85,300,181.2,350,550,640500
NIFTY03NOV2217900PE.NFO,28/10/2022,09:26:24,181.5,181.25,100,181.6,550,800,640500
NIFTY03NOV2217900PE.NFO,28/10/2022,09:26:24,181.15,181.1,200,181.5,100,150,640500
NIFTY03NOV2217900PE.NFO,28/10/2022,09:26:25,182.1,182.2,150,182.4,400,5250,640500
NIFTY03NOV2217900PE.NFO,28/10/2022,09:26:26,182.35,182.1,150,182.4,200,150,640500
NIFTY03NOV2217900PE.NFO,28/10/2022,09:26:27,182,182.05,200,182.35,100,1500,640500
NIFTY03NOV2217900PE.NFO,28/10/2022,09:26:29,182.65,182.25,50,182.6,300,1000,640500
NIFTY03NOV2217900PE.NFO,28/10/2022,09:26:30,181.95,181.75,200,182.1,650,500,640500
NIFTY03NOV2217900PE.NFO,28/10/2022,09:26:31,181.8,181.65,100,181.9,200,1100,640500
NIFTY03NOV2217900PE.NFO,28/10/2022,09:26:31,182.35,182.15,100,182.55,250,750,640500
NIFTY03NOV2217900PE.NFO,28/10/2022,09:26:32,182.2,182.15,50,182.35,50,950,640500
NIFTY03NOV2217900PE.NFO,28/10/2022,09:26:34,182.3,181.9,150,182.25,50,450,640500
NIFTY03NOV2217900PE.NFO,28/10/2022,09:26:35,181.8,181.8,50,182.15,100,700,640500
NIFTY03NOV2217900PE.NFO,28/10/2022,09:26:36,181.5,181.2,100,181.45,50,50,640500
NIFTY03NOV2217900PE.NFO,28/10/2022,09:26:37,180.8,180.3,100,180.55,200,1800,640500
NIFTY03NOV2217900PE.NFO,28/10/2022,09:26:37,180.8,180.8,50,181.1,200,600,640500
NIFTY03NOV2217900PE.NFO,28/10/2022,09:26:38,180.05,179.8,50,180.05,450,6050,640500
NIFTY03NOV2217900PE.NFO,28/10/2022,09:26:39,179.8,180.05,50,180.35,150,100,640500
NIFTY03NOV2217900PE.NFO,28/10/2022,09:26:41,180.6,180.4,150,180.75,100,1400,640500
NIFTY03NOV2217900PE.NFO,28/10/2022,09:26:42,180.45,180.3,250,180.65,100,200,640500
NIFTY03NOV2217900PE.NFO,28/10/2022,09:26:43,181,181.05,150,181.3,50,1100,640500
NIFTY03NOV2217900PE.NFO,28/10/2022,09:26:44,181,180.15,150,180.5,50,50,640500
NIFTY03NOV2217900PE.NFO,28/10/2022,09:26:44,180.65,180.45,150,180.8,600,150,640500
NIFTY03NOV2217900PE.NFO,28/10/2022,09:26:45,181.2,180.95,50,181.25,100,150,640500
NIFTY03NOV2217900PE.NFO,28/10/2022,09:26:47,181.2,180.1,300,180.35,50,50,640500
NIFTY03NOV2217900PE.NFO,28/10/2022,09:26:48,180.3,180.3,150,180.65,150,200,640500
NIFTY03NOV2217900PE.NFO,28/10/2022,09:26:49,180.05,179.8,1000,180.1,50,1300,640500
NIFTY03NOV2217900PE.NFO,28/10/2022,09:26:50,180.55,180.25,150,180.5,50,600,640500
NIFTY03NOV2217900PE.NFO,28/10/2022,09:26:50,180.55,180.25,150,180.55,200,0,640500
NIFTY03NOV2217900PE.NFO,28/10/2022,09:26:51,180.45,180.3,150,180.6,300,700,640500
NIFTY03NOV2217900PE.NFO,28/10/2022,09:26:52,180.75,180.25,300,180.5,300,3300,640500
NIFTY03NOV2217900PE.NFO,28/10/2022,09:26:54,180,179.85,150,180.1,250,150,640500
NIFTY03NOV2217900PE.NFO,28/10/2022,09:26:55,179.75,179.5,150,179.75,100,2550,640500
NIFTY03NOV2217900PE.NFO,28/10/2022,09:26:56,179.85,179.15,250,179.3,100,350,640500
NIFTY03NOV2217900PE.NFO,28/10/2022,09:26:57,178.45,178.3,250,178.6,200,850,640500
NIFTY03NOV2217900PE.NFO,28/10/2022,09:26:57,178,177.85,500,178.1,350,850,640500
NIFTY03NOV2217900PE.NFO,28/10/2022,09:26:58,177.7,177.8,150,178,200,400,640500
NIFTY03NOV2217900PE.NFO,28/10/2022,09:26:59,177.8,177.5,50,177.7,550,400,640500
NIFTY03NOV2217900PE.NFO,28/10/2022,09:27:01,177.65,177.1,150,177.4,250,600,640500
NIFTY03NOV2217900PE.NFO,28/10/2022,09:27:02,177,176.5,150,176.9,550,800,640500
NIFTY03NOV2217900PE.NFO,28/10/2022,09:27:03,176.85,176.05,150,176.4,200,200,640500
NIFTY03NOV2217900PE.NFO,28/10/2022,09:27:04,176.85,176.2,150,176.55,200,2600,640500
NIFTY03NOV2217900PE.NFO,28/10/2022,09:27:05,177.4,177.45,100,177.6,200,3250,640500
NIFTY03NOV2217900PE.NFO,28/10/2022,09:27:07,178.6,178.4,100,178.6,150,2550,640500
NIFTY03NOV2217900PE.NFO,28/10/2022,09:27:08,177.1,177.2,200,177.5,50,1000,640500
NIFTY03NOV2217900PE.NFO,28/10/2022,09:27:09,177,176.6,100,176.9,150,700,640500
NIFTY03NOV2217900PE.NFO,28/10/2022,09:27:10,176.65,176.15,1150,176.5,100,600,640500
NIFTY03NOV2217900PE.NFO,28/10/2022,09:27:11,176.9,177.1,50,177.4,50,150,640500
NIFTY03NOV2217900PE.NFO,28/10/2022,09:27:12,177.45,177.45,200,177.75,150,750,640500
NIFTY03NOV2217900PE.NFO,28/10/2022,09:27:12,176.85,177.15,150,177.5,350,450,640500
NIFTY03NOV2217900PE.NFO,28/10/2022,09:27:13,176.95,176.65,100,177,450,1700,640500
NIFTY03NOV2217900PE.NFO,28/10/2022,09:27:15,176.95,176.7,150,177.05,200,2150,640500
NIFTY03NOV2217900PE.NFO,28/10/2022,09:27:16,176.85,176.55,150,176.85,100,1550,640500
NIFTY03NOV2217900PE.NFO,28/10/2022,09:27:17,177.05,176.9,50,177.2,200,600,640500
NIFTY03NOV2217900PE.NFO,28/10/2022,09:27:18,177.2,176.85,50,177.2,350,900,640500
NIFTY03NOV2217900PE.NFO,28/10/2022,09:27:18,176.75,176.55,50,176.75,100,300,640500
NIFTY03NOV2217900PE.NFO,28/10/2022,09:27:20,176.7,176.65,500,177,100,750,640500
NIFTY03NOV2217900PE.NFO,28/10/2022,09:27:21,177.35,177.35,100,177.6,200,600,640500
NIFTY03NOV2217900PE.NFO,28/10/2022,09:27:22,177.35,177.05,50,177.3,150,0,640500
NIFTY03NOV2217900PE.NFO,28/10/2022,09:27:23,177.7,177.55,50,177.9,550,550,640500
NIFTY03NOV2217900PE.NFO,28/10/2022,09:27:24,177,177,50,177.1,350,850,640500
NIFTY03NOV2217900PE.NFO,28/10/2022,09:27:24,177,177,50,177.05,150,0,640500
NIFTY03NOV2217900PE.NFO,28/10/2022,09:27:26,176.9,177.35,100,177.55,250,650,640500
NIFTY03NOV2217900PE.NFO,28/10/2022,09:27:27,177.75,177.5,100,177.75,150,400,640500
NIFTY03NOV2217900PE.NFO,28/10/2022,09:27:28,177.5,177.4,50,177.65,150,50,640500
NIFTY03NOV2217900PE.NFO,28/10/2022,09:27:29,177,176.9,50,177.05,250,4400,640500
NIFTY03NOV2217900PE.NFO,28/10/2022,09:27:30,176.7,176.65,250,177,300,500,640500
NIFTY03NOV2217900PE.NFO,28/10/2022,09:27:30,176.7,176.45,150,176.8,150,0,640500
NIFTY03NOV2217900PE.NFO,28/10/2022,09:27:31,175.4,175.2,200,175.55,50,2750,640500
NIFTY03NOV2217900PE.NFO,28/10/2022,09:27:32,176.3,176.25,50,176.55,150,1650,640500
NIFTY03NOV2217900PE.NFO,28/10/2022,09:27:34,176.1,176.25,150,176.6,250,1500,640500
NIFTY03NOV2217900PE.NFO,28/10/2022,09:27:35,176.15,176.15,1000,176.45,150,850,640500
NIFTY03NOV2217900PE.NFO,28/10/2022,09:27:36,175.7,175.45,150,175.75,150,1350,640500
NIFTY03NOV2217900PE.NFO,28/10/2022,09:27:37,175.45,175.1,100,175.3,100,100,640500
NIFTY03NOV2217900PE.NFO,28/10/2022,09:27:37,175.05,175.1,200,175.35,100,100,640500
NIFTY03NOV2217900PE.NFO,28/10/2022,09:27:37,175.05,175.1,200,175.35,100,0,640500
NIFTY03NOV2217900PE.NFO,28/10/2022,09:27:38,175,174.85,200,175.25,50,7800,640500
NIFTY03NOV2217900PE.NFO,28/10/2022,09:27:38,174.8,174.85,200,175.25,50,0,640500
NIFTY03NOV2217900PE.NFO,28/10/2022,09:27:39,175.7,176.05,100,176.3,200,900,640500
NIFTY03NOV2217900PE.NFO,28/10/2022,09:27:41,175.5,175.35,150,175.65,100,1400,640500
NIFTY03NOV2217900PE.NFO,28/10/2022,09:27:42,175.4,175.35,50,175.5,400,450,640500
NIFTY03NOV2217900PE.NFO,28/10/2022,09:27:43,175.6,175.35,50,175.5,50,600,640500
NIFTY03NOV2217900PE.NFO,28/10/2022,09:27:44,175.15,175.05,1600,175.4,200,1650,640500
NIFTY03NOV2217900PE.NFO,28/10/2022,09:27:45,175.25,175.45,200,175.6,800,100,640500
NIFTY03NOV2217900PE.NFO,28/10/2022,09:27:46,175.6,175.65,150,175.95,300,800,640500
NIFTY03NOV2217900PE.NFO,28/10/2022,09:27:47,176.35,176.3,100,176.5,200,1650,640500
NIFTY03NOV2217900PE.NFO,28/10/2022,09:27:47,176.35,176.15,100,176.45,200,0,640500
NIFTY03NOV2217900PE.NFO,28/10/2022,09:27:48,176.75,176.75,100,177.05,300,450,640500
NIFTY03NOV2217900PE.NFO,28/10/2022,09:27:49,177.6,177.5,100,177.85,100,500,640500
NIFTY03NOV2217900PE.NFO,28/10/2022,09:27:51,178,177.8,100,178,250,1100,640500
NIFTY03NOV2217900PE.NFO,28/10/2022,09:27:52,177.35,177.5,50,177.6,100,800,640500
NIFTY03NOV2217900PE.NFO,28/10/2022,09:27:53,177.2,176.8,300,177.15,200,150,640500
NIFTY03NOV2217900PE.NFO,28/10/2022,09:27:53,177.2,176.9,50,177.2,150,150,640500
NIFTY03NOV2217900PE.NFO,28/10/2022,09:27:54,177.25,176.95,100,177.3,100,500,640500
NIFTY03NOV2217900PE.NFO,28/10/2022,09:27:55,176.85,176.5,200,176.8,300,800,640500
NIFTY03NOV2217900PE.NFO,28/10/2022,09:27:57,175.8,175.6,50,175.9,300,1800,640500
NIFTY03NOV2217900PE.NFO,28/10/2022,09:27:58,175.85,176.4,300,176.7,300,600,640500
NIFTY03NOV2217900PE.NFO,28/10/2022,09:27:59,176.9,177.3,100,177.55,150,250,640500
NIFTY03NOV2217900PE.NFO,28/10/2022,09:28:00,177.4,177.2,100,177.5,200,150,640500
NIFTY03NOV2217900PE.NFO,28/10/2022,09:28:01,177.75,177.65,100,177.85,150,1200,640500
NIFTY03NOV2217900PE.NFO,28/10/2022,09:28:01,177.85,177.85,100,178.1,200,550,640500
NIFTY03NOV2217900PE.NFO,28/10/2022,09:28:02,177.5,177.85,300,178.1,200,700,640500
NIFTY03NOV2217900PE.NFO,28/10/2022,09:28:04,178.3,177.95,100,178.2,200,2100,640500
NIFTY03NOV2217900PE.NFO,28/10/2022,09:28:05,178.9,178.85,700,179.2,200,3000,640500
NIFTY03NOV2217900PE.NFO,28/10/2022,09:28:06,179.3,178.45,100,178.8,400,600,640500
NIFTY03NOV2217900PE.NFO,28/10/2022,09:28:07,178.1,177.6,50,177.95,50,650,640500
NIFTY03NOV2217900PE.NFO,28/10/2022,09:28:07,177.2,177,50,177.15,100,2850,640500
NIFTY03NOV2217900PE.NFO,28/10/2022,09:28:09,177.35,177.35,350,177.65,200,700,640500
NIFTY03NOV2217900PE.NFO,28/10/2022,09:28:10,176.7,176.75,50,177.1,250,450,640500
NIFTY03NOV2217900PE.NFO,28/10/2022,09:28:11,177.1,176.65,50,176.95,50,750,640500
NIFTY03NOV2217900PE.NFO,28/10/2022,09:28:12,176.85,176.8,50,177.1,100,50,640500
NIFTY03NOV2217900PE.NFO,28/10/2022,09:28:12,176.85,176.85,300,177.25,250,0,640500
NIFTY03NOV2217900PE.NFO,28/10/2022,09:28:13,176.85,177.7,300,178,200,0,640500
NIFTY03NOV2217900PE.NFO,28/10/2022,09:28:15,177.75,177.1,50,177.4,200,100,640500
NIFTY03NOV2217900PE.NFO,28/10/2022,09:28:16,177.35,177.35,50,177.65,100,850,640500
NIFTY03NOV2217900PE.NFO,28/10/2022,09:28:17,177.65,177.6,150,177.95,200,50,640500
NIFTY03NOV2217900PE.NFO,28/10/2022,09:28:18,177.6,177.2,150,177.55,50,250,640500
NIFTY03NOV2217900PE.NFO,28/10/2022,09:28:19,177.3,177.1,50,177.2,100,600,640500
NIFTY03NOV2217900PE.NFO,28/10/2022,09:28:20,177.6,177.45,150,177.7,200,1700,640500
NIFTY03NOV2217900PE.NFO,28/10/2022,09:28:20,178.3,178.1,150,178.3,200,950,640500
NIFTY03NOV2217900PE.NFO,28/10/2022,09:28:21,178.8,178.55,150,178.8,100,1500,640500
NIFTY03NOV2217900PE.NFO,28/10/2022,09:28:22,179,178.75,150,179,200,1600,640500
NIFTY03NOV2217900PE.NFO,28/10/2022,09:28:24,179.15,179.1,150,179.4,350,2800,640500
NIFTY03NOV2217900PE.NFO,28/10/2022,09:28:25,179.5,179.75,150,179.95,50,5350,640500
NIFTY03NOV2217900PE.NFO,28/10/2022,09:28:26,181.2,180.95,150,181.2,50,3500,640500
NIFTY03NOV2217900PE.NFO,28/10/2022,09:28:26,180.95,180.85,100,181.1,200,50,640500
NIFTY03NOV2217900PE.NFO,28/10/2022,09:28:27,180.4,180,100,180.2,200,900,640500
NIFTY03NOV2217900PE.NFO,28/10/2022,09:28:28,180.3,180,50,180.25,250,3900,640500
NIFTY03NOV2217900PE.NFO,28/10/2022,09:28:30,180.05,180,150,180.15,100,350,640500
NIFTY03NOV2217900PE.NFO,28/10/2022,09:28:31,180.15,180.05,250,180.35,150,1400,640500
NIFTY03NOV2217900PE.NFO,28/10/2022,09:28:32,180.25,180.3,150,180.6,200,1150,640500
NIFTY03NOV2217900PE.NFO,28/10/2022,09:28:33,180.85,180.8,150,180.9,50,1400,640500
NIFTY03NOV2217900PE.NFO,28/10/2022,09:28:34,181.75,181.6,100,181.9,200,1600,640500
NIFTY03NOV2217900PE.NFO,28/10/2022,09:28:34,181.75,181.55,100,181.85,50,0,640500
NIFTY03NOV2217900PE.NFO,28/10/2022,09:28:35,181.4,181.1,50,181.4,150,400,640500
NIFTY03NOV2217900PE.NFO,28/10/2022,09:28:37,181.1,180.75,50,181.05,100,1950,640500
NIFTY03NOV2217900PE.NFO,28/10/2022,09:28:38,180.8,180.75,100,181.05,100,350,640500
NIFTY03NOV2217900PE.NFO,28/10/2022,09:28:39,181.05,181.15,150,181.3,50,750,640500
NIFTY03NOV2217900PE.NFO,28/10/2022,09:28:40,181.55,181.3,50,181.6,100,450,640500
NIFTY03NOV2217900PE.NFO,28/10/2022,09:28:41,181.7,181.45,100,181.7,200,450,640500
NIFTY03NOV2217900PE.NFO,28/10/2022,09:28:41,181.7,181.6,50,181.75,300,0,640500
NIFTY03NOV2217900PE.NFO,28/10/2022,09:28:42,181.7,181.35,150,181.7,200,3150,640500
NIFTY03NOV2217900PE.NFO,28/10/2022,09:28:44,181.4,181.7,100,181.95,100,1800,640500
NIFTY03NOV2217900PE.NFO,28/10/2022,09:28:44,181.6,181.6,50,181.8,300,200,640500
NIFTY03NOV2217900PE.NFO,28/10/2022,09:28:46,182,181.8,50,182,2400,1150,640500
NIFTY03NOV2217900PE.NFO,28/10/2022,09:28:47,182.5,182.45,100,182.6,150,2650,640500
NIFTY03NOV2217900PE.NFO,28/10/2022,09:28:48,182.3,182.2,100,182.5,250,1300,640500
NIFTY03NOV2217900PE.NFO,28/10/2022,09:28:49,182.35,182.5,150,182.75,50,400,640500
NIFTY03NOV2217900PE.NFO,28/10/2022,09:28:50,182.7,182.35,50,182.7,500,1200,640500
NIFTY03NOV2217900PE.NFO,28/10/2022,09:28:51,181.7,181.35,50,181.7,50,1600,640500
NIFTY03NOV2217900PE.NFO,28/10/2022,09:28:52,181.75,181.45,150,181.75,50,800,640500
NIFTY03NOV2217900PE.NFO,28/10/2022,09:28:52,181.8,181.8,150,182.1,50,200,640500
NIFTY03NOV2217900PE.NFO,28/10/2022,09:28:53,180.95,180.8,150,181.15,100,5450,640500
NIFTY03NOV2217900PE.NFO,28/10/2022,09:28:54,180.9,180.55,150,180.9,650,850,640500
NIFTY03NOV2217900PE.NFO,28/10/2022,09:28:56,181.2,181.25,50,181.65,300,800,640500
NIFTY03NOV2217900PE.NFO,28/10/2022,09:28:57,181.7,181.45,50,181.7,500,100,640500
NIFTY03NOV2217900PE.NFO,28/10/2022,09:28:58,181.5,181.35,50,181.6,700,200,640500
NIFTY03NOV2217900PE.NFO,28/10/2022,09:28:59,181.5,181.3,700,181.5,200,500,640500
NIFTY03NOV2217900PE.NFO,28/10/2022,09:29:00,181.1,180.9,50,181.05,100,3450,640500
NIFTY03NOV2217900PE.NFO,28/10/2022,09:29:01,181.05,181,50,181.3,300,150,640500
NIFTY03NOV2217900PE.NFO,28/10/2022,09:29:02,181.3,180.95,50,181.2,800,400,640500
NIFTY03NOV2217900PE.NFO,28/10/2022,09:29:03,181.5,181.25,50,181.6,1500,1850,640500
NIFTY03NOV2217900PE.NFO,28/10/2022,09:29:04,181.8,181.2,400,181.5,200,600,640500
NIFTY03NOV2217900PE.NFO,28/10/2022,09:29:04,181.35,181.15,100,181.45,150,100,640500
NIFTY03NOV2217900PE.NFO,28/10/2022,09:29:06,181.5,181.2,950,181.4,100,250,640500
NIFTY03NOV2217900PE.NFO,28/10/2022,09:29:07,181.35,181.3,50,181.5,100,1600,640500
NIFTY03NOV2217900PE.NFO,28/10/2022,09:29:08,181.5,181.25,50,181.5,200,2250,640500
NIFTY03NOV2217900PE.NFO,28/10/2022,09:29:09,181.85,181.5,50,181.75,50,1800,640500
NIFTY03NOV2217900PE.NFO,28/10/2022,09:29:10,181.8,181.7,50,182,1350,150,640500
NIFTY03NOV2217900PE.NFO,28/10/2022,09:29:11,181,180.95,500,181.3,150,1400,640500
NIFTY03NOV2217900PE.NFO,28/10/2022,09:29:12,181,181,500,181.2,200,0,681550
NIFTY03NOV2217900PE.NFO,28/10/2022,09:29:13,180.95,180.5,150,180.9,600,1900,681550
NIFTY03NOV2217900PE.NFO,28/10/2022,09:29:14,180.9,180.55,150,180.9,550,50,681550
NIFTY03NOV2217900PE.NFO,28/10/2022,09:29:15,180.85,180.35,200,180.75,50,2400,681550
NIFTY03NOV2217900PE.NFO,28/10/2022,09:29:16,180.1,180.05,300,180.35,100,300,681550
NIFTY03NOV2217900PE.NFO,28/10/2022,09:29:17,180.25,179.85,50,180.2,50,2250,681550
NIFTY03NOV2217900PE.NFO,28/10/2022,09:29:17,180.25,179.9,150,180.3,700,0,681550
NIFTY03NOV2217900PE.NFO,28/10/2022,09:29:19,180,180.2,1300,180.55,1000,150,681550
NIFTY03NOV2217900PE.NFO,28/10/2022,09:29:20,180.6,180.4,250,180.7,200,1550,681550
NIFTY03NOV2217900PE.NFO,28/10/2022,09:29:21,180.35,180.2,100,180.55,150,400,681550
NIFTY03NOV2217900PE.NFO,28/10/2022,09:29:22,180.4,180,200,180.2,550,400,681550
NIFTY03NOV2217900PE.NFO,28/10/2022,09:29:23,180,179.6,1250,179.95,50,500,681550
NIFTY03NOV2217900PE.NFO,28/10/2022,09:29:23,180,179.8,50,180,500,0,681550
NIFTY03NOV2217900PE.NFO,28/10/2022,09:29:25,180,179.65,50,180,850,550,681550
NIFTY03NOV2217900PE.NFO,28/10/2022,09:29:26,179.35,179.05,100,179.4,700,850,681550
NIFTY03NOV2217900PE.NFO,28/10/2022,09:29:27,178.75,178.85,100,179.15,50,450,681550
NIFTY03NOV2217900PE.NFO,28/10/2022,09:29:28,179.55,179.25,50,179.6,550,800,681550
NIFTY03NOV2217900PE.NFO,28/10/2022,09:29:29,179.8,179.45,150,179.8,200,300,681550
NIFTY03NOV2217900PE.NFO,28/10/2022,09:29:30,179.6,179.55,50,179.9,700,800,681550
NIFTY03NOV2217900PE.NFO,28/10/2022,09:29:31,179.4,179.35,1000,179.75,100,750,681550
NIFTY03NOV2217900PE.NFO,28/10/2022,09:29:32,180,179.6,1950,179.95,200,50,681550
NIFTY03NOV2217900PE.NFO,28/10/2022,09:29:32,180,179.75,400,180,900,0,681550
NIFTY03NOV2217900PE.NFO,28/10/2022,09:29:34,180.05,179.8,50,180,150,1250,681550
NIFTY03NOV2217900PE.NFO,28/10/2022,09:29:35,179.4,179.95,50,180.1,200,2500,681550
NIFTY03NOV2217900PE.NFO,28/10/2022,09:29:36,179.9,179.5,150,179.8,200,1400,681550
NIFTY03NOV2217900PE.NFO,28/10/2022,09:29:37,179,178.8,50,179.1,50,600,681550
NIFTY03NOV2217900PE.NFO,28/10/2022,09:29:38,179.55,179.55,150,179.6,200,1250,681550
NIFTY03NOV2217900PE.NFO,28/10/2022,09:29:38,180,179.75,50,180.05,150,500,681550
NIFTY03NOV2217900PE.NFO,28/10/2022,09:29:40,180.1,179.9,150,180.15,150,200,681550
NIFTY03NOV2217900PE.NFO,28/10/2022,09:29:41,180.1,179.6,1000,179.8,200,1100,681550
NIFTY03NOV2217900PE.NFO,28/10/2022,09:29:42,179.75,179.9,50,180.15,50,550,681550
NIFTY03NOV2217900PE.NFO,28/10/2022,09:29:44,179.8,179.7,150,180,200,450,681550
NIFTY03NOV2217900PE.NFO,28/10/2022,09:29:45,179.55,179.3,200,179.55,100,1050,681550
NIFTY03NOV2217900PE.NFO,28/10/2022,09:29:46,180,179.85,100,180,500,1850,681550
NIFTY03NOV2217900PE.NFO,28/10/2022,09:29:47,179.9,179.85,250,180,500,300,681550
NIFTY03NOV2217900PE.NFO,28/10/2022,09:29:48,179.9,179.7,50,179.95,150,600,681550
NIFTY03NOV2217900PE.NFO,28/10/2022,09:29:48,180.15,179.85,150,180.2,300,50,681550
NIFTY03NOV2217900PE.NFO,28/10/2022,09:29:49,180.7,180.7,50,180.85,50,1250,681550
NIFTY03NOV2217900PE.NFO,28/10/2022,09:29:50,180.4,180.35,100,180.65,50,600,681550
NIFTY03NOV2217900PE.NFO,28/10/2022,09:29:52,180.25,180.3,50,180.6,200,700,681550
NIFTY03NOV2217900PE.NFO,28/10/2022,09:29:53,180.55,180.7,50,180.85,250,3700,681550
NIFTY03NOV2217900PE.NFO,28/10/2022,09:29:54,180.75,180.6,350,180.8,50,50,681550
NIFTY03NOV2217900PE.NFO,28/10/2022,09:29:55,180.95,180.75,100,181,150,800,681550
NIFTY03NOV2217900PE.NFO,28/10/2022,09:29:56,181.1,181,150,181.35,150,750,681550
NIFTY03NOV2217900PE.NFO,28/10/2022,09:29:57,180.85,180.95,100,181.25,50,1450,681550
NIFTY03NOV2217900PE.NFO,28/10/2022,09:29:58,181.1,180.7,50,181,100,550,681550
NIFTY03NOV2217900PE.NFO,28/10/2022,09:29:59,180.6,180.6,200,180.95,250,200,681550
NIFTY03NOV2217900PE.NFO,28/10/2022,09:30:00,179.8,180,50,180.05,100,1400,681550
NIFTY03NOV2217900PE.NFO,28/10/2022,09:30:01,180.3,180.4,50,180.65,50,2050,681550
NIFTY03NOV2217900PE.NFO,28/10/2022,09:30:02,180.35,180.45,200,180.8,550,800,681550
NIFTY03NOV2217900PE.NFO,28/10/2022,09:30:03,181.4,181.15,50,181.4,550,450,681550
NIFTY03NOV2217900PE.NFO,28/10/2022,09:30:04,181,180.65,150,180.9,50,650,681550
NIFTY03NOV2217900PE.NFO,28/10/2022,09:30:05,181,180.75,150,181.05,50,0,681550
NIFTY03NOV2217900PE.NFO,28/10/2022,09:30:06,180.9,180.5,200,180.8,50,2450,681550
NIFTY03NOV2217900PE.NFO,28/10/2022,09:30:07,180.9,180.45,50,180.75,200,0,681550
NIFTY03NOV2217900PE.NFO,28/10/2022,09:30:08,180.7,180.35,250,180.7,350,500,681550
NIFTY03NOV2217900PE.NFO,28/10/2022,09:30:09,180.9,180.4,50,180.75,350,300,681550
NIFTY03NOV2217900PE.NFO,28/10/2022,09:30:10,180.35,180.1,50,180.4,50,600,681550
NIFTY03NOV2217900PE.NFO,28/10/2022,09:30:11,180.1,179.85,50,180.15,50,1050,681550
NIFTY03NOV2217900PE.NFO,28/10/2022,09:30:12,180.4,180.1,200,180.35,50,1100,681550
NIFTY03NOV2217900PE.NFO,28/10/2022,09:30:12,180.4,180.15,50,180.35,50,0,681550
NIFTY03NOV2217900PE.NFO,28/10/2022,09:30:13,180.55,180.2,50,180.35,50,550,681550
NIFTY03NOV2217900PE.NFO,28/10/2022,09:30:14,180.15,180.1,100,180.45,50,800,681550
NIFTY03NOV2217900PE.NFO,28/10/2022,09:30:16,180.35,180.2,50,180.5,200,50,681550
NIFTY03NOV2217900PE.NFO,28/10/2022,09:30:17,180.3,180.35,50,180.45,50,200,681550
NIFTY03NOV2217900PE.NFO,28/10/2022,09:30:18,181.3,181.2,600,181.45,50,1850,681550
NIFTY03NOV2217900PE.NFO,28/10/2022,09:30:19,181.4,181.5,50,181.8,150,650,681550
NIFTY03NOV2217900PE.NFO,28/10/2022,09:30:20,182.3,182.25,200,182.5,200,3050,681550
NIFTY03NOV2217900PE.NFO,28/10/2022,09:30:21,182.45,182.1,50,182.35,50,1300,681550
NIFTY03NOV2217900PE.NFO,28/10/2022,09:30:22,181.6,181.35,1000,181.6,100,950,681550
NIFTY03NOV2217900PE.NFO,28/10/2022,09:30:22,181.6,181.45,200,181.8,250,0,681550
NIFTY03NOV2217900PE.NFO,28/10/2022,09:30:24,181.6,182.05,150,182.4,200,0,681550
NIFTY03NOV2217900PE.NFO,28/10/2022,09:30:25,182.1,181.95,150,182.3,50,1350,681550
NIFTY03NOV2217900PE.NFO,28/10/2022,09:30:26,182.1,182.25,1000,182.55,50,0,681550
NIFTY03NOV2217900PE.NFO,28/10/2022,09:30:27,182.8,182.65,50,182.8,550,300,681550
NIFTY03NOV2217900PE.NFO,28/10/2022,09:30:28,183.1,183,100,183.35,150,2900,681550
NIFTY03NOV2217900PE.NFO,28/10/2022,09:30:29,183.2,183.15,100,183.55,100,400,681550
NIFTY03NOV2217900PE.NFO,28/10/2022,09:30:30,183.85,183.65,50,183.95,150,1250,681550
NIFTY03NOV2217900PE.NFO,28/10/2022,09:30:31,184,183.6,150,183.95,150,1100,681550
NIFTY03NOV2217900PE.NFO,28/10/2022,09:30:31,184,183.8,250,184,2250,100,681550
NIFTY03NOV2217900PE.NFO,28/10/2022,09:30:32,184,183.75,250,184,1900,400,681550
NIFTY03NOV2217900PE.NFO,28/10/2022,09:30:34,185,184.95,50,185.3,100,7650,681550
NIFTY03NOV2217900PE.NFO,28/10/2022,09:30:35,185.4,185.05,150,185.4,300,1700,681550
NIFTY03NOV2217900PE.NFO,28/10/2022,09:30:36,185.3,184.95,100,185.35,100,2300,681550
NIFTY03NOV2217900PE.NFO,28/10/2022,09:30:37,185.7,185.4,150,185.7,200,1150,681550
NIFTY03NOV2217900PE.NFO,28/10/2022,09:30:37,185.35,185.4,50,185.75,50,500,681550
NIFTY03NOV2217900PE.NFO,28/10/2022,09:30:38,186,185.6,250,185.95,100,1250,681550
NIFTY03NOV2217900PE.NFO,28/10/2022,09:30:40,185.9,185.55,950,185.9,200,3450,681550
NIFTY03NOV2217900PE.NFO,28/10/2022,09:30:41,184.75,184.4,50,184.75,50,3150,681550
NIFTY03NOV2217900PE.NFO,28/10/2022,09:30:42,184.5,184.45,200,184.8,750,1850,681550
NIFTY03NOV2217900PE.NFO,28/10/2022,09:30:43,183.8,183.95,150,184.3,150,2450,681550
NIFTY03NOV2217900PE.NFO,28/10/2022,09:30:44,184.75,184.2,100,184.55,100,250,681550
NIFTY03NOV2217900PE.NFO,28/10/2022,09:30:45,184.1,183.6,600,184,200,3350,681550
NIFTY03NOV2217900PE.NFO,28/10/2022,09:30:45,184.1,183.75,200,184.1,200,0,681550
NIFTY03NOV2217900PE.NFO,28/10/2022,09:30:46,184.7,184.05,100,184.45,50,550,681550
NIFTY03NOV2217900PE.NFO,28/10/2022,09:30:48,183.9,183.6,50,183.9,50,1500,681550
NIFTY03NOV2217900PE.NFO,28/10/2022,09:30:49,183.65,183.8,50,184,50,1500,681550
NIFTY03NOV2217900PE.NFO,28/10/2022,09:30:50,184.35,184,1000,184.25,50,2400,681550
NIFTY03NOV2217900PE.NFO,28/10/2022,09:30:51,182.9,182.65,50,183,250,1500,681550
NIFTY03NOV2217900PE.NFO,28/10/2022,09:30:52,182.45,182.1,50,182.3,350,850,681550
NIFTY03NOV2217900PE.NFO,28/10/2022,09:30:53,182.2,182.1,100,182.4,400,750,681550
NIFTY03NOV2217900PE.NFO,28/10/2022,09:30:54,182.75,182.45,50,182.7,200,900,681550
NIFTY03NOV2217900PE.NFO,28/10/2022,09:30:55,182.65,182,400,182.2,600,600,681550
NIFTY03NOV2217900PE.NFO,28/10/2022,09:30:56,182,182,500,182.15,50,450,681550
NIFTY03NOV2217900PE.NFO,28/10/2022,09:30:57,182.55,182,550,182.35,50,100,681550
NIFTY03NOV2217900PE.NFO,28/10/2022,09:30:58,182.45,182.1,50,182.4,200,950,681550
NIFTY03NOV2217900PE.NFO,28/10/2022,09:30:59,181.95,181.65,50,182,150,2700,681550
NIFTY03NOV2217900PE.NFO,28/10/2022,09:31:00,181.45,181.3,50,181.6,250,850,681550
NIFTY03NOV2217900PE.NFO,28/10/2022,09:31:01,181.85,181.9,50,182.25,50,200,681550
NIFTY03NOV2217900PE.NFO,28/10/2022,09:31:02,182.25,181.95,100,182.3,50,100,681550
NIFTY03NOV2217900PE.NFO,28/10/2022,09:31:03,183.9,183.25,50,183.6,200,2650,681550
NIFTY03NOV2217900PE.NFO,28/10/2022,09:31:04,183.6,183.25,200,183.6,500,900,681550
NIFTY03NOV2217900PE.NFO,28/10/2022,09:31:05,184.2,184.05,150,184.3,200,700,681550
NIFTY03NOV2217900PE.NFO,28/10/2022,09:31:06,184.3,184.1,200,184.4,200,650,681550
NIFTY03NOV2217900PE.NFO,28/10/2022,09:31:07,184.45,184.1,100,184.4,50,400,681550
NIFTY03NOV2217900PE.NFO,28/10/2022,09:31:08,184.4,184.15,50,184.4,50,350,681550
NIFTY03NOV2217900PE.NFO,28/10/2022,09:31:09,184.35,184.25,50,184.45,50,2200,681550
NIFTY03NOV2217900PE.NFO,28/10/2022,09:31:10,184.5,184.35,50,184.6,200,1550,681550
NIFTY03NOV2217900PE.NFO,28/10/2022,09:31:11,184.65,184.4,500,184.6,550,5750,681550
NIFTY03NOV2217900PE.NFO,28/10/2022,09:31:12,184.1,184.3,150,184.6,200,950,681550
NIFTY03NOV2217900PE.NFO,28/10/2022,09:31:13,184.1,184.3,50,184.45,150,4050,681550
NIFTY03NOV2217900PE.NFO,28/10/2022,09:31:14,184.3,183.9,50,184.2,300,400,681550
NIFTY03NOV2217900PE.NFO,28/10/2022,09:31:15,183.1,182.55,200,182.95,100,1000,681550
NIFTY03NOV2217900PE.NFO,28/10/2022,09:31:16,182.55,182.4,100,182.7,250,650,681550
NIFTY03NOV2217900PE.NFO,28/10/2022,09:31:17,182.6,182.5,100,182.85,150,50,681550
NIFTY03NOV2217900PE.NFO,28/10/2022,09:31:18,182.3,182.85,50,183.15,50,450,681550
NIFTY03NOV2217900PE.NFO,28/10/2022,09:31:19,182.3,182.85,150,183.2,300,0,681550
NIFTY03NOV2217900PE.NFO,28/10/2022,09:31:20,183.4,183.1,450,183.4,100,350,681550
NIFTY03NOV2217900PE.NFO,28/10/2022,09:31:21,183.4,182.9,50,183.2,50,0,681550
NIFTY03NOV2217900PE.NFO,28/10/2022,09:31:22,183.1,182.75,50,183.1,500,700,681550
NIFTY03NOV2217900PE.NFO,28/10/2022,09:31:23,182.7,183.15,50,183.55,150,600,681550
NIFTY03NOV2217900PE.NFO,28/10/2022,09:31:24,182.8,182.65,100,182.95,50,200,681550
NIFTY03NOV2217900PE.NFO,28/10/2022,09:31:25,182.55,182.2,150,182.55,150,250,681550
NIFTY03NOV2217900PE.NFO,28/10/2022,09:31:26,182.55,182.1,50,182.4,750,0,681550
NIFTY03NOV2217900PE.NFO,28/10/2022,09:31:27,181.3,181.1,100,181.4,150,1750,681550
NIFTY03NOV2217900PE.NFO,28/10/2022,09:31:28,181.45,181.25,50,181.55,200,150,681550
NIFTY03NOV2217900PE.NFO,28/10/2022,09:31:29,181.05,181,1700,181.1,200,300,681550
NIFTY03NOV2217900PE.NFO,28/10/2022,09:31:30,181.2,181.15,150,181.5,200,700,681550
NIFTY03NOV2217900PE.NFO,28/10/2022,09:31:31,182,182.2,50,182.55,150,3400,681550
NIFTY03NOV2217900PE.NFO,28/10/2022,09:31:32,182.3,182.2,50,182.55,150,50,681550
NIFTY03NOV2217900PE.NFO,28/10/2022,09:31:33,182.2,182.1,50,182.45,100,650,681550
NIFTY03NOV2217900PE.NFO,28/10/2022,09:31:34,182.15,181.55,700,181.9,200,200,681550
NIFTY03NOV2217900PE.NFO,28/10/2022,09:31:35,181.45,181.5,500,181.8,50,800,681550
NIFTY03NOV2217900PE.NFO,28/10/2022,09:31:36,180.8,180.5,50,180.8,100,2550,681550
NIFTY03NOV2217900PE.NFO,28/10/2022,09:31:37,180.4,180.05,200,180.4,200,1700,681550
NIFTY03NOV2217900PE.NFO,28/10/2022,09:31:38,179.65,179.6,200,179.85,50,6000,681550
NIFTY03NOV2217900PE.NFO,28/10/2022,09:31:39,180.25,179.9,200,180.3,600,250,681550
NIFTY03NOV2217900PE.NFO,28/10/2022,09:31:40,180.15,179.85,50,180.2,200,50,681550
NIFTY03NOV2217900PE.NFO,28/10/2022,09:31:41,180.05,180,1200,180.35,50,2150,681550
NIFTY03NOV2217900PE.NFO,28/10/2022,09:31:42,180.85,180.5,100,180.85,50,200,681550
NIFTY03NOV2217900PE.NFO,28/10/2022,09:31:43,181,180.5,200,180.9,200,1200,681550
NIFTY03NOV2217900PE.NFO,28/10/2022,09:31:44,180.6,180.55,50,180.85,250,1700,681550
NIFTY03NOV2217900PE.NFO,28/10/2022,09:31:45,181,180.75,50,181.1,300,50,681550
NIFTY03NOV2217900PE.NFO,28/10/2022,09:31:46,180.85,181.35,50,181.7,550,850,681550
NIFTY03NOV2217900PE.NFO,28/10/2022,09:31:47,182,181.6,1050,182,200,450,681550
NIFTY03NOV2217900PE.NFO,28/10/2022,09:31:48,182,182.05,50,182.4,200,0,681550
NIFTY03NOV2217900PE.NFO,28/10/2022,09:31:49,182.1,181.5,150,181.9,200,50,681550
NIFTY03NOV2217900PE.NFO,28/10/2022,09:31:50,181.8,181.2,150,181.5,200,450,681550
NIFTY03NOV2217900PE.NFO,28/10/2022,09:31:51,181.1,180.85,100,181.2,250,50,681550
NIFTY03NOV2217900PE.NFO,28/10/2022,09:31:52,181.4,181.15,50,181.5,300,550,681550
NIFTY03NOV2217900PE.NFO,28/10/2022,09:31:53,181.5,181.25,150,181.5,150,50,681550
NIFTY03NOV2217900PE.NFO,28/10/2022,09:31:54,181.5,181.2,600,181.5,200,0,681550
NIFTY03NOV2217900PE.NFO,28/10/2022,09:31:55,181.2,181.3,150,181.6,200,100,681550
NIFTY03NOV2217900PE.NFO,28/10/2022,09:31:56,181.55,181.1,400,181.4,250,50,681550
NIFTY03NOV2217900PE.NFO,28/10/2022,09:31:57,181.4,181.15,100,181.5,600,50,681550
NIFTY03NOV2217900PE.NFO,28/10/2022,09:31:58,181.6,181.4,400,181.7,200,200,681550
NIFTY03NOV2217900PE.NFO,28/10/2022,09:31:59,181.5,181.4,200,181.8,650,100,681550
NIFTY03NOV2217900PE.NFO,28/10/2022,09:32:00,181.5,181.45,50,181.8,550,0,681550
NIFTY03NOV2217900PE.NFO,28/10/2022,09:32:01,181.5,181.65,250,181.9,50,350,681550
NIFTY03NOV2217900PE.NFO,28/10/2022,09:32:02,181.75,181.5,50,181.65,250,1000,681550
NIFTY03NOV2217900PE.NFO,28/10/2022,09:32:03,180.6,180.85,100,181.2,900,3450,681550
NIFTY03NOV2217900PE.NFO,28/10/2022,09:32:04,181.2,180.75,450,181.1,200,50,681550
NIFTY03NOV2217900PE.NFO,28/10/2022,09:32:05,181.85,180.85,50,181.2,100,600,681550
NIFTY03NOV2217900PE.NFO,28/10/2022,09:32:06,182.3,182.15,50,182.3,50,800,681550
NIFTY03NOV2217900PE.NFO,28/10/2022,09:32:07,182.15,181.85,50,182.05,200,50,681550
NIFTY03NOV2217900PE.NFO,28/10/2022,09:32:08,181.45,181.3,550,181.65,50,150,681550
NIFTY03NOV2217900PE.NFO,28/10/2022,09:32:09,182,181.95,250,182.35,50,100,681550
NIFTY03NOV2217900PE.NFO,28/10/2022,09:32:10,182,181.75,50,182.1,250,0,681550
NIFTY03NOV2217900PE.NFO,28/10/2022,09:32:11,181.55,181.4,150,181.7,100,2300,681550
NIFTY03NOV2217900PE.NFO,28/10/2022,09:32:12,181.55,181.2,450,181.5,50,100,713950
NIFTY03NOV2217900PE.NFO,28/10/2022,09:32:13,181.55,181.2,300,181.55,150,200,713950
NIFTY03NOV2217900PE.NFO,28/10/2022,09:32:14,182.6,182.4,250,182.8,550,800,713950
NIFTY03NOV2217900PE.NFO,28/10/2022,09:32:15,182.5,182.55,50,182.75,50,100,713950
NIFTY03NOV2217900PE.NFO,28/10/2022,09:32:16,183,182.9,100,183,700,250,713950
NIFTY03NOV2217900PE.NFO,28/10/2022,09:32:17,183.1,182.9,300,183.25,100,1050,713950
NIFTY03NOV2217900PE.NFO,28/10/2022,09:32:18,183,182.5,100,182.55,150,250,713950
NIFTY03NOV2217900PE.NFO,28/10/2022,09:32:19,182.7,182.35,100,182.7,550,200,713950
NIFTY03NOV2217900PE.NFO,28/10/2022,09:32:20,182.4,182.2,50,182.55,50,900,713950
NIFTY03NOV2217900PE.NFO,28/10/2022,09:32:21,182.6,182.55,300,182.75,50,350,713950
NIFTY03NOV2217900PE.NFO,28/10/2022,09:32:22,182.6,182.45,500,182.6,1000,0,713950
NIFTY03NOV2217900PE.NFO,28/10/2022,09:32:23,183,183,200,183.4,200,1650,713950
NIFTY03NOV2217900PE.NFO,28/10/2022,09:32:24,182.7,182.5,100,182.8,100,50,713950
NIFTY03NOV2217900PE.NFO,28/10/2022,09:32:25,182.35,182.05,100,182.45,100,250,713950
NIFTY03NOV2217900PE.NFO,28/10/2022,09:32:26,182.35,182.15,100,182.45,50,0,713950
NIFTY03NOV2217900PE.NFO,28/10/2022,09:32:27,181.7,181.35,1150,181.75,100,150,713950
NIFTY03NOV2217900PE.NFO,28/10/2022,09:32:28,181.65,181.55,150,181.95,150,400,713950
NIFTY03NOV2217900PE.NFO,28/10/2022,09:32:29,182.75,182.35,200,182.7,100,750,713950
NIFTY03NOV2217900PE.NFO,28/10/2022,09:32:30,182.75,182.55,200,182.9,300,100,713950
NIFTY03NOV2217900PE.NFO,28/10/2022,09:32:31,182.8,182.4,1000,182.75,100,600,713950
NIFTY03NOV2217900PE.NFO,28/10/2022,09:32:32,182.05,182.5,50,182.85,150,1650,713950
NIFTY03NOV2217900PE.NFO,28/10/2022,09:32:33,182.95,182.75,100,183,150,300,713950
NIFTY03NOV2217900PE.NFO,28/10/2022,09:32:34,182.95,182.35,200,182.65,50,0,713950
NIFTY03NOV2217900PE.NFO,28/10/2022,09:32:35,183.2,183.1,100,183.35,150,500,713950
NIFTY03NOV2217900PE.NFO,28/10/2022,09:32:36,183.2,183.15,50,183.45,50,0,713950
NIFTY03NOV2217900PE.NFO,28/10/2022,09:32:37,182,181.95,50,182.1,50,250,713950
NIFTY03NOV2217900PE.NFO,28/10/2022,09:32:38,182.1,181.7,50,181.95,150,350,713950
NIFTY03NOV2217900PE.NFO,28/10/2022,09:32:39,181.85,181.3,100,181.6,100,300,713950
NIFTY03NOV2217900PE.NFO,28/10/2022,09:32:40,181,180.65,300,181,300,1250,713950
NIFTY03NOV2217900PE.NFO,28/10/2022,09:32:41,181.3,180.2,250,180.5,200,450,713950
NIFTY03NOV2217900PE.NFO,28/10/2022,09:32:42,180.8,180.75,1150,181.05,50,2400,713950
NIFTY03NOV2217900PE.NFO,28/10/2022,09:32:43,180.8,180.7,650,181.05,250,0,713950
NIFTY03NOV2217900PE.NFO,28/10/2022,09:32:44,180.6,180.65,250,180.95,50,150,713950
NIFTY03NOV2217900PE.NFO,28/10/2022,09:32:45,180,180.1,100,180.3,50,500,713950
NIFTY03NOV2217900PE.NFO,28/10/2022,09:32:46,180.85,180.7,1050,181.05,300,300,713950
NIFTY03NOV2217900PE.NFO,28/10/2022,09:32:47,180.85,180.6,1850,180.95,100,1250,713950
NIFTY03NOV2217900PE.NFO,28/10/2022,09:32:48,181.2,181,150,181.2,200,850,713950
NIFTY03NOV2217900PE.NFO,28/10/2022,09:32:49,180.55,180.55,1100,180.85,100,250,713950
NIFTY03NOV2217900PE.NFO,28/10/2022,09:32:50,181.2,181.1,200,181.45,100,1600,713950
NIFTY03NOV2217900PE.NFO,28/10/2022,09:32:51,180.95,180.75,300,181.05,50,450,713950
NIFTY03NOV2217900PE.NFO,28/10/2022,09:32:52,181.05,181.4,150,181.7,50,100,713950
NIFTY03NOV2217900PE.NFO,28/10/2022,09:32:53,180.5,180.5,100,180.65,50,350,713950
NIFTY03NOV2217900PE.NFO,28/10/2022,09:32:54,181.1,181.3,100,181.5,50,450,713950
NIFTY03NOV2217900PE.NFO,28/10/2022,09:32:55,181.7,181.5,100,181.8,550,300,713950
NIFTY03NOV2217900PE.NFO,28/10/2022,09:32:56,181.9,181.6,100,182,700,200,713950
NIFTY03NOV2217900PE.NFO,28/10/2022,09:32:57,181.2,181.45,100,181.75,200,150,713950
NIFTY03NOV2217900PE.NFO,28/10/2022,09:32:58,181.7,180.95,150,181.3,100,400,713950
NIFTY03NOV2217900PE.NFO,28/10/2022,09:32:59,181.7,180.95,100,181.25,100,0,713950
NIFTY03NOV2217900PE.NFO,28/10/2022,09:33:00,180.75,180.45,100,180.8,400,550,713950
NIFTY03NOV2217900PE.NFO,28/10/2022,09:33:01,180.55,180.55,100,180.9,200,650,713950
NIFTY03NOV2217900PE.NFO,28/10/2022,09:33:02,180.9,180.55,150,180.9,50,200,713950
NIFTY03NOV2217900PE.NFO,28/10/2022,09:33:03,180.6,180.15,150,180.5,700,150,713950
NIFTY03NOV2217900PE.NFO,28/10/2022,09:33:04,180.1,180.15,100,180.5,600,50,713950
NIFTY03NOV2217900PE.NFO,28/10/2022,09:33:05,180.05,179.85,100,180.1,50,6850,713950
NIFTY03NOV2217900PE.NFO,28/10/2022,09:33:06,179.8,179.7,100,180,150,100,713950
NIFTY03NOV2217900PE.NFO,28/10/2022,09:33:07,179.1,179,3400,179.25,50,2050,713950
NIFTY03NOV2217900PE.NFO,28/10/2022,09:33:08,179.2,179.05,50,179.4,250,900,713950
NIFTY03NOV2217900PE.NFO,28/10/2022,09:33:10,178.75,178.3,350,178.6,200,6450,713950
NIFTY03NOV2217900PE.NFO,28/10/2022,09:33:11,179.15,178.65,150,178.85,50,1950,713950
NIFTY03NOV2217900PE.NFO,28/10/2022,09:33:12,179.35,179.15,100,179.5,250,2150,713950
NIFTY03NOV2217900PE.NFO,28/10/2022,09:33:13,179,179.15,150,179.4,200,350,713950
NIFTY03NOV2217900PE.NFO,28/10/2022,09:33:14,179.2,178.6,250,178.9,200,50,713950
NIFTY03NOV2217900PE.NFO,28/10/2022,09:33:15,179.2,178.75,200,179.1,200,0,713950
NIFTY03NOV2217900PE.NFO,28/10/2022,09:33:17,178.75,178.65,50,178.95,300,750,713950
NIFTY03NOV2217900PE.NFO,28/10/2022,09:33:17,178.65,178.45,250,178.8,200,50,713950
NIFTY03NOV2217900PE.NFO,28/10/2022,09:33:18,178.4,178.5,250,178.75,50,250,713950
NIFTY03NOV2217900PE.NFO,28/10/2022,09:33:19,178.4,178.65,200,179,250,250,713950
NIFTY03NOV2217900PE.NFO,28/10/2022,09:33:20,179,178.5,100,178.8,50,550,713950
NIFTY03NOV2217900PE.NFO,28/10/2022,09:33:22,178.8,178.4,450,178.75,250,2200,713950
NIFTY03NOV2217900PE.NFO,28/10/2022,09:33:23,178.75,178.3,200,178.7,150,50,713950
NIFTY03NOV2217900PE.NFO,28/10/2022,09:33:24,178.8,178.5,50,178.8,450,200,713950
NIFTY03NOV2217900PE.NFO,28/10/2022,09:33:25,178.85,178.5,650,178.9,200,700,713950
NIFTY03NOV2217900PE.NFO,28/10/2022,09:33:26,178.85,178.5,450,178.8,50,0,713950
NIFTY03NOV2217900PE.NFO,28/10/2022,09:33:27,178.3,178,3750,178.2,300,1800,713950
NIFTY03NOV2217900PE.NFO,28/10/2022,09:33:28,178.25,178,3950,178.25,100,200,713950
NIFTY03NOV2217900PE.NFO,28/10/2022,09:33:30,178.2,178,3950,178.2,200,350,713950
NIFTY03NOV2217900PE.NFO,28/10/2022,09:33:30,178.2,178,3950,178.25,350,50,713950
NIFTY03NOV2217900PE.NFO,28/10/2022,09:33:31,178,178,3900,178.2,200,650,713950
NIFTY03NOV2217900PE.NFO,28/10/2022,09:33:32,178,178.2,200,178.5,350,900,713950
NIFTY03NOV2217900PE.NFO,28/10/2022,09:33:34,178.75,178.75,50,178.95,100,350,713950
NIFTY03NOV2217900PE.NFO,28/10/2022,09:33:34,178.75,178.85,100,179.1,200,0,713950
NIFTY03NOV2217900PE.NFO,28/10/2022,09:33:35,179,178.95,200,179.3,700,650,713950
NIFTY03NOV2217900PE.NFO,28/10/2022,09:33:36,179.55,179.25,900,179.6,500,3600,713950
NIFTY03NOV2217900PE.NFO,28/10/2022,09:33:37,179.75,179.5,100,179.8,600,600,713950
NIFTY03NOV2217900PE.NFO,28/10/2022,09:33:39,178.55,178.45,1250,178.8,150,300,713950
NIFTY03NOV2217900PE.NFO,28/10/2022,09:33:40,178.05,178.1,150,178.35,100,150,713950
NIFTY03NOV2217900PE.NFO,28/10/2022,09:33:40,178.35,178.1,200,178.4,200,50,713950
NIFTY03NOV2217900PE.NFO,28/10/2022,09:33:41,178.45,178.5,450,178.8,150,350,713950
NIFTY03NOV2217900PE.NFO,28/10/2022,09:33:42,178.7,178.35,50,178.65,150,450,713950
NIFTY03NOV2217900PE.NFO,28/10/2022,09:33:43,178.4,178.25,50,178.4,2750,250,713950
NIFTY03NOV2217900PE.NFO,28/10/2022,09:33:44,178.25,178.05,100,178.25,1550,2350,713950
NIFTY03NOV2217900PE.NFO,28/10/2022,09:33:45,177.45,177.45,250,177.65,200,4650,713950
NIFTY03NOV2217900PE.NFO,28/10/2022,09:33:46,177.55,177.2,600,177.55,700,8100,713950
NIFTY03NOV2217900PE.NFO,28/10/2022,09:33:48,177.35,177.1,250,177.35,200,1050,713950
NIFTY03NOV2217900PE.NFO,28/10/2022,09:33:48,177.35,177.2,750,177.5,150,100,713950
NIFTY03NOV2217900PE.NFO,28/10/2022,09:33:49,176.9,176.85,550,177,2750,3100,713950
NIFTY03NOV2217900PE.NFO,28/10/2022,09:33:50,177.05,176.6,1550,176.9,100,3200,713950
NIFTY03NOV2217900PE.NFO,28/10/2022,09:33:51,176.85,176.95,100,177.2,50,150,713950
NIFTY03NOV2217900PE.NFO,28/10/2022,09:33:52,176.7,176.65,100,177.05,50,3050,713950
NIFTY03NOV2217900PE.NFO,28/10/2022,09:33:54,177.3,177.25,200,177.6,50,600,713950
NIFTY03NOV2217900PE.NFO,28/10/2022,09:33:54,177.3,177.5,50,177.6,50,0,713950
NIFTY03NOV2217900PE.NFO,28/10/2022,09:33:55,177.25,176.9,50,177.15,150,3600,713950
NIFTY03NOV2217900PE.NFO,28/10/2022,09:33:56,176.7,176.8,50,177.15,450,1750,713950
NIFTY03NOV2217900PE.NFO,28/10/2022,09:33:57,176.45,176.75,50,176.95,200,500,713950
NIFTY03NOV2217900PE.NFO,28/10/2022,09:33:58,176.45,176.4,50,176.7,50,350,713950
NIFTY03NOV2217900PE.NFO,28/10/2022,09:33:59,176,176,1150,176.25,150,4200,713950
NIFTY03NOV2217900PE.NFO,28/10/2022,09:34:00,175.9,175.65,800,175.9,300,2050,713950
NIFTY03NOV2217900PE.NFO,28/10/2022,09:34:02,175.5,175.6,600,175.85,100,4550,713950
NIFTY03NOV2217900PE.NFO,28/10/2022,09:34:02,175.5,175.7,200,175.85,100,0,713950
NIFTY03NOV2217900PE.NFO,28/10/2022,09:34:03,175.5,175.65,200,175.95,150,1100,713950
NIFTY03NOV2217900PE.NFO,28/10/2022,09:34:04,175.7,175.4,300,175.7,100,4650,713950
NIFTY03NOV2217900PE.NFO,28/10/2022,09:34:05,175.7,175.65,50,175.95,50,1950,713950
NIFTY03NOV2217900PE.NFO,28/10/2022,09:34:07,175.7,175.6,150,175.9,200,1200,713950
NIFTY03NOV2217900PE.NFO,28/10/2022,09:34:07,175.45,175.4,400,175.75,250,3250,713950
NIFTY03NOV2217900PE.NFO,28/10/2022,09:34:08,174.5,174.4,50,174.6,50,12050,713950
NIFTY03NOV2217900PE.NFO,28/10/2022,09:34:08,174.2,174.4,50,174.6,50,0,713950
NIFTY03NOV2217900PE.NFO,28/10/2022,09:34:09,174.7,174.35,50,174.7,200,2150,713950
NIFTY03NOV2217900PE.NFO,28/10/2022,09:34:10,175.35,175.2,50,175.45,50,4100,713950
NIFTY03NOV2217900PE.NFO,28/10/2022,09:34:10,174.15,175.2,50,175.45,50,0,713950
NIFTY03NOV2217900PE.NFO,28/10/2022,09:34:11,175.7,175.45,50,175.75,100,500,713950
NIFTY03NOV2217900PE.NFO,28/10/2022,09:34:13,175.55,175.25,100,175.35,100,900,713950
NIFTY03NOV2217900PE.NFO,28/10/2022,09:34:14,175.2,174.7,200,175,50,5550,713950
NIFTY03NOV2217900PE.NFO,28/10/2022,09:34:14,175.2,174.9,100,175,50,0,713950
NIFTY03NOV2217900PE.NFO,28/10/2022,09:34:15,175.1,174.55,50,174.85,150,1100,713950
NIFTY03NOV2217900PE.NFO,28/10/2022,09:34:16,173.5,173.8,100,174.05,150,5850,713950
NIFTY03NOV2217900PE.NFO,28/10/2022,09:34:16,173.4,173.8,100,174.05,150,0,713950
NIFTY03NOV2217900PE.NFO,28/10/2022,09:34:17,174,173.6,400,174.05,250,900,713950
NIFTY03NOV2217900PE.NFO,28/10/2022,09:34:18,173.8,173.4,300,173.7,250,700,713950
NIFTY03NOV2217900PE.NFO,28/10/2022,09:34:20,172.4,172.2,100,172.4,50,5100,713950
NIFTY03NOV2217900PE.NFO,28/10/2022,09:34:20,172,172.2,100,172.4,50,0,713950
NIFTY03NOV2217900PE.NFO,28/10/2022,09:34:21,172.45,172.25,700,172.55,50,2250,713950
NIFTY03NOV2217900PE.NFO,28/10/2022,09:34:21,172,171.95,150,172.3,200,1300,713950
NIFTY03NOV2217900PE.NFO,28/10/2022,09:34:22,172,171.5,450,171.85,150,4800,713950
NIFTY03NOV2217900PE.NFO,28/10/2022,09:34:22,171.55,171.5,450,171.85,150,0,713950
NIFTY03NOV2217900PE.NFO,28/10/2022,09:34:23,171.75,171.75,50,172,150,1700,713950
NIFTY03NOV2217900PE.NFO,28/10/2022,09:34:24,172.05,171.75,200,172.15,650,2450,713950
NIFTY03NOV2217900PE.NFO,28/10/2022,09:34:25,171.6,171.3,550,171.6,50,4050,713950
NIFTY03NOV2217900PE.NFO,28/10/2022,09:34:25,171.25,171.3,550,171.6,50,0,713950
NIFTY03NOV2217900PE.NFO,28/10/2022,09:34:26,171.75,171.75,250,172,50,650,713950
NIFTY03NOV2217900PE.NFO,28/10/2022,09:34:27,171.6,171.6,200,171.8,50,1150,713950
NIFTY03NOV2217900PE.NFO,28/10/2022,09:34:28,172.7,172.55,200,172.9,250,3250,713950
NIFTY03NOV2217900PE.NFO,28/10/2022,09:34:29,172.55,172.15,100,172.55,150,2400,713950
NIFTY03NOV2217900PE.NFO,28/10/2022,09:34:31,172.7,172.65,100,172.95,100,950,713950
NIFTY03NOV2217900PE.NFO,28/10/2022,09:34:31,172.65,172.5,50,172.8,100,200,713950
NIFTY03NOV2217900PE.NFO,28/10/2022,09:34:32,173.55,173.3,100,173.65,200,1450,713950
NIFTY03NOV2217900PE.NFO,28/10/2022,09:34:33,173.6,173.6,100,173.9,700,3950,713950
NIFTY03NOV2217900PE.NFO,28/10/2022,09:34:34,173.3,173.2,400,173.55,150,1400,713950
