Ticker,Date,Time,LTP,BuyPrice,BuyQty,SellPrice,SellQty,LTQ,OpenInterest
NIFTY-I.NFO,31/10/2022,09:15:00,17948,17926.05,50,17945.45,50,2650,11225400
NIFTY-I.NFO,31/10/2022,09:15:00,17948,17926.05,50,17945.45,50,0,11225400
NIFTY-I.NFO,31/10/2022,09:15:00,17988,17926.05,50,17945.45,50,0,11225400
NIFTY-I.NFO,31/10/2022,09:15:00,17926.1,17926.05,50,17945.45,50,0,11225400
NIFTY-I.NFO,31/10/2022,09:15:00,17954.1,17954.25,250,17964.95,300,5950,11225400
NIFTY-I.NFO,31/10/2022,09:15:01,17954.05,17954.05,200,17960.85,300,19150,11225400
NIFTY-I.NFO,31/10/2022,09:15:03,17960.25,17960.2,2750,17963,50,6850,11225400
NIFTY-I.NFO,31/10/2022,09:15:04,17960.15,17956.55,100,17960.15,300,8950,11225400
NIFTY-I.NFO,31/10/2022,09:15:05,17960.05,17956.45,300,17964.8,300,14250,11225400
NIFTY-I.NFO,31/10/2022,09:15:05,17958.05,17958.05,150,17964.45,300,650,11225400
NIFTY-I.NFO,31/10/2022,09:15:06,17964.9,17960.05,300,17964.2,200,6600,11225400
NIFTY-I.NFO,31/10/2022,09:15:07,17969.45,17963,300,17969.45,250,6650,11225400
NIFTY-I.NFO,31/10/2022,09:15:08,17964.15,17963.5,300,17967.55,200,5450,11225400
NIFTY-I.NFO,31/10/2022,09:15:09,17962.3,17962.45,150,17967,300,8450,11225400
NIFTY-I.NFO,31/10/2022,09:15:10,17969.4,17966.05,200,17968.9,100,10850,11225400
NIFTY-I.NFO,31/10/2022,09:15:12,17961.7,17961.1,300,17966,300,11850,11225400
NIFTY-I.NFO,31/10/2022,09:15:13,17966.2,17960.75,300,17966.25,50,8100,11225400
NIFTY-I.NFO,31/10/2022,09:15:13,17967.4,17960.5,350,17967.45,300,2600,11225400
NIFTY-I.NFO,31/10/2022,09:15:14,17968,17964.7,250,17970.8,300,9700,11225400
NIFTY-I.NFO,31/10/2022,09:15:15,17969.65,17969.65,150,17971.6,150,8100,11225400
NIFTY-I.NFO,31/10/2022,09:15:16,17971.65,17970.05,300,17974.75,50,9000,11225400
NIFTY-I.NFO,31/10/2022,09:15:17,17970,17967.85,300,17973.25,350,6550,11225400
NIFTY-I.NFO,31/10/2022,09:15:19,17973.4,17970.05,300,17973.8,250,7400,11225400
NIFTY-I.NFO,31/10/2022,09:15:20,17970.2,17970.2,150,17973.55,300,3350,11225400
NIFTY-I.NFO,31/10/2022,09:15:21,17970.1,17970,100,17974.15,300,4500,11225400
NIFTY-I.NFO,31/10/2022,09:15:21,17974.15,17974.35,450,17974.45,50,200,11225400
NIFTY-I.NFO,31/10/2022,09:15:22,17970.15,17970.15,300,17974.9,200,4050,11225400
NIFTY-I.NFO,31/10/2022,09:15:23,17967.65,17967.55,50,17972.25,300,6250,11225400
NIFTY-I.NFO,31/10/2022,09:15:24,17969,17965.45,300,17970,50,6500,11225400
NIFTY-I.NFO,31/10/2022,09:15:25,17969.4,17965.65,50,17969.4,300,2450,11225400
NIFTY-I.NFO,31/10/2022,09:15:27,17962.95,17962.3,500,17967.25,50,5350,11225400
NIFTY-I.NFO,31/10/2022,09:15:28,17961.1,17961.4,50,17964.2,350,3400,11225400
NIFTY-I.NFO,31/10/2022,09:15:29,17965.05,17960.7,50,17965.05,300,4650,11225400
NIFTY-I.NFO,31/10/2022,09:15:29,17965.05,17962.15,350,17965.05,50,1200,11225400
NIFTY-I.NFO,31/10/2022,09:15:30,17967.1,17961.55,100,17967.1,300,9750,11225400
NIFTY-I.NFO,31/10/2022,09:15:31,17967.45,17964.2,300,17967.45,350,3000,11225400
NIFTY-I.NFO,31/10/2022,09:15:32,17965.05,17965.05,500,17969,500,4200,11225400
NIFTY-I.NFO,31/10/2022,09:15:34,17965.3,17965.35,450,17969.2,100,5950,11225400
NIFTY-I.NFO,31/10/2022,09:15:35,17967.25,17967.25,100,17970.25,100,3600,11225400
NIFTY-I.NFO,31/10/2022,09:15:35,17967.35,17967.4,350,17970.6,100,850,11225400
NIFTY-I.NFO,31/10/2022,09:15:36,17970.55,17970.55,450,17970.6,100,3300,11225400
NIFTY-I.NFO,31/10/2022,09:15:37,17965.95,17966.6,100,17970.5,300,9800,11225400
NIFTY-I.NFO,31/10/2022,09:15:38,17973,17970.05,50,17972,50,2450,11225400
NIFTY-I.NFO,31/10/2022,09:15:40,17973.15,17970,250,17973.15,300,1700,11225400
NIFTY-I.NFO,31/10/2022,09:15:41,17972,17972,50,17973.05,250,2300,11225400
NIFTY-I.NFO,31/10/2022,09:15:41,17970.55,17972,500,17973.2,550,450,11225400
NIFTY-I.NFO,31/10/2022,09:15:42,17973.2,17973.2,1350,17974.35,50,1850,11225400
NIFTY-I.NFO,31/10/2022,09:15:43,17969.7,17969.75,400,17974.6,200,11900,11225400
NIFTY-I.NFO,31/10/2022,09:15:44,17974.35,17974.35,1500,17974.9,150,7700,11225400
NIFTY-I.NFO,31/10/2022,09:15:46,17974.95,17972.75,50,17974.95,50,3000,11225400
NIFTY-I.NFO,31/10/2022,09:15:47,17973.15,17973.15,1200,17974.35,200,5400,11225400
NIFTY-I.NFO,31/10/2022,09:15:47,17969.7,17969.7,250,17974.3,550,2650,11225400
NIFTY-I.NFO,31/10/2022,09:15:48,17970.75,17970.75,200,17973.95,350,1700,11225400
NIFTY-I.NFO,31/10/2022,09:15:49,17973.2,17973.2,450,17974.85,100,4650,11225400
NIFTY-I.NFO,31/10/2022,09:15:50,17972.15,17971.6,350,17975,6250,3400,11225400
NIFTY-I.NFO,31/10/2022,09:15:52,17971.6,17970.25,350,17973.8,100,5250,11225400
NIFTY-I.NFO,31/10/2022,09:15:53,17970.65,17970.25,250,17971.6,50,2850,11225400
NIFTY-I.NFO,31/10/2022,09:15:53,17970.2,17970.75,150,17973.6,450,2050,11225400
NIFTY-I.NFO,31/10/2022,09:15:54,17969.05,17969.05,300,17972.7,300,5250,11225400
NIFTY-I.NFO,31/10/2022,09:15:55,17969,17969,650,17970,1250,2800,11225400
NIFTY-I.NFO,31/10/2022,09:15:57,17969.05,17969.1,50,17970,50,2100,11225400
NIFTY-I.NFO,31/10/2022,09:15:58,17969.2,17969.05,100,17971,50,2300,11225400
NIFTY-I.NFO,31/10/2022,09:15:58,17970,17970.25,500,17971,50,200,11225400
NIFTY-I.NFO,31/10/2022,09:15:59,17971,17970,400,17971,1700,2050,11225400
NIFTY-I.NFO,31/10/2022,09:16:00,17972,17970,50,17972,1000,4900,11225400
NIFTY-I.NFO,31/10/2022,09:16:01,17970.45,17970.5,250,17973,50,6000,11225400
NIFTY-I.NFO,31/10/2022,09:16:03,17973.95,17973.95,150,17974.35,50,2100,11225400
NIFTY-I.NFO,31/10/2022,09:16:04,17971.85,17972,300,17974.9,150,3200,11225400
NIFTY-I.NFO,31/10/2022,09:16:04,17974.95,17974.95,150,17975,12500,450,11225400
NIFTY-I.NFO,31/10/2022,09:16:05,17973.85,17973.85,350,17975,14350,2200,11225400
NIFTY-I.NFO,31/10/2022,09:16:06,17974.85,17974.55,400,17975,16800,2350,11225400
NIFTY-I.NFO,31/10/2022,09:16:07,17975,17972.25,100,17975,16200,1100,11225400
NIFTY-I.NFO,31/10/2022,09:16:09,17975,17974.95,50,17975,12450,6900,11225400
NIFTY-I.NFO,31/10/2022,09:16:10,17973.2,17972.55,200,17974.55,50,6300,11225400
NIFTY-I.NFO,31/10/2022,09:16:10,17974.35,17974.35,50,17974.55,50,50,11225400
NIFTY-I.NFO,31/10/2022,09:16:11,17972.75,17972.65,150,17975,7200,4050,11225400
NIFTY-I.NFO,31/10/2022,09:16:12,17975,17973.05,250,17975,2700,8950,11225400
NIFTY-I.NFO,31/10/2022,09:16:13,17976.8,17976.8,300,17976.9,50,6050,11225400
NIFTY-I.NFO,31/10/2022,09:16:15,17976.85,17975,500,17977.6,300,3900,11225400
NIFTY-I.NFO,31/10/2022,09:16:16,17975.4,17975.4,150,17978.7,300,9600,11225400
NIFTY-I.NFO,31/10/2022,09:16:16,17978.7,17975.45,350,17978.65,300,50,11225400
NIFTY-I.NFO,31/10/2022,09:16:17,17979.9,17977.35,50,17979.65,350,4650,11225400
NIFTY-I.NFO,31/10/2022,09:16:18,17980,17976.65,450,17980,3900,1000,11225400
NIFTY-I.NFO,31/10/2022,09:16:20,17979.35,17976.15,300,17979.35,50,3550,11225400
NIFTY-I.NFO,31/10/2022,09:16:21,17979.6,17976.1,300,17979.6,250,5350,11225400
NIFTY-I.NFO,31/10/2022,09:16:21,17979.6,17979.6,200,17980,4950,1800,11225400
NIFTY-I.NFO,31/10/2022,09:16:22,17978,17976.8,150,17979.65,300,4450,11225400
NIFTY-I.NFO,31/10/2022,09:16:23,17976.25,17976.8,250,17979.6,50,2700,11225400
NIFTY-I.NFO,31/10/2022,09:16:24,17979.6,17977.05,250,17979,2300,2100,11225400
NIFTY-I.NFO,31/10/2022,09:16:25,17979.6,17977.05,300,17979.75,50,2900,11225400
NIFTY-I.NFO,31/10/2022,09:16:27,17977.1,17975.05,50,17978.5,200,1900,11225400
NIFTY-I.NFO,31/10/2022,09:16:28,17978.65,17975.1,50,17976.8,50,2000,11225400
NIFTY-I.NFO,31/10/2022,09:16:28,17977.05,17975,800,17977.65,200,550,11225400
NIFTY-I.NFO,31/10/2022,09:16:29,17975.4,17973.3,50,17975.4,200,1350,11225400
NIFTY-I.NFO,31/10/2022,09:16:30,17974.5,17974.5,300,17976.75,150,1100,11225400
NIFTY-I.NFO,31/10/2022,09:16:31,17975,17974,300,17975,400,2750,11225400
NIFTY-I.NFO,31/10/2022,09:16:33,17974.5,17975.95,200,17976.5,200,1700,11225400
NIFTY-I.NFO,31/10/2022,09:16:34,17974.3,17974.2,50,17976.55,300,3400,11225400
NIFTY-I.NFO,31/10/2022,09:16:35,17976.75,17974.15,200,17976.65,200,800,11225400
NIFTY-I.NFO,31/10/2022,09:16:35,17973.6,17973.55,250,17976.25,150,300,11225400
NIFTY-I.NFO,31/10/2022,09:16:36,17977.05,17977.05,450,17978,50,2850,11225400
NIFTY-I.NFO,31/10/2022,09:16:37,17975.6,17975.45,300,17978,2500,1400,11225400
NIFTY-I.NFO,31/10/2022,09:16:38,17978,17975.6,250,17978,1550,2150,11225400
NIFTY-I.NFO,31/10/2022,09:16:40,17975.95,17975.4,250,17978,1300,3150,11225400
NIFTY-I.NFO,31/10/2022,09:16:41,17977.25,17977.25,350,17978,400,1950,11225400
NIFTY-I.NFO,31/10/2022,09:16:42,17977.05,17977.05,50,17978,400,350,11225400
NIFTY-I.NFO,31/10/2022,09:16:42,17976.25,17975.75,50,17976.65,450,100,11225400
NIFTY-I.NFO,31/10/2022,09:16:43,17975.25,17975.6,50,17978,50,3200,11225400
NIFTY-I.NFO,31/10/2022,09:16:44,17977.5,17977.5,200,17978.65,200,5550,11225400
NIFTY-I.NFO,31/10/2022,09:16:45,17975.85,17975.7,100,17978.2,400,2950,11225400
NIFTY-I.NFO,31/10/2022,09:16:47,17973.75,17973.65,100,17976.45,300,3300,11225400
NIFTY-I.NFO,31/10/2022,09:16:48,17977.55,17974.7,300,17977.55,100,3350,11225400
NIFTY-I.NFO,31/10/2022,09:16:49,17975,17974.2,100,17975,100,2700,11225400
NIFTY-I.NFO,31/10/2022,09:16:49,17975,17975.05,50,17976.45,400,250,11225400
NIFTY-I.NFO,31/10/2022,09:16:50,17974.5,17975,50,17976.95,200,1650,11225400
NIFTY-I.NFO,31/10/2022,09:16:51,17975.75,17975.75,50,17977.35,450,700,11225400
NIFTY-I.NFO,31/10/2022,09:16:53,17976.8,17975,250,17976.8,400,350,11225400
NIFTY-I.NFO,31/10/2022,09:16:54,17976.4,17975.15,50,17976.7,350,300,11225400
NIFTY-I.NFO,31/10/2022,09:16:55,17975.05,17975,100,17976.8,300,1050,11225400
NIFTY-I.NFO,31/10/2022,09:16:56,17973.95,17973.3,50,17975.5,150,750,11225400
NIFTY-I.NFO,31/10/2022,09:16:56,17973.25,17973.1,50,17975.2,150,50,11225400
NIFTY-I.NFO,31/10/2022,09:16:57,17973.95,17973.9,100,17975.05,50,650,11225400
NIFTY-I.NFO,31/10/2022,09:16:59,17974,17973.85,50,17976.6,150,1400,11225400
NIFTY-I.NFO,31/10/2022,09:17:00,17973.45,17973.55,200,17975,600,1250,11225400
NIFTY-I.NFO,31/10/2022,09:17:01,17976.25,17973.75,250,17976.65,550,2100,11225400
NIFTY-I.NFO,31/10/2022,09:17:02,17975,17973.65,100,17975,50,2950,11225400
NIFTY-I.NFO,31/10/2022,09:17:02,17973.3,17972.9,100,17973.9,150,750,11225400
NIFTY-I.NFO,31/10/2022,09:17:03,17969.7,17969,100,17971.15,450,3550,11225400
NIFTY-I.NFO,31/10/2022,09:17:05,17970,17968.8,200,17970.2,150,2100,11225400
NIFTY-I.NFO,31/10/2022,09:17:06,17972.25,17971.1,250,17972.2,50,1250,11225400
NIFTY-I.NFO,31/10/2022,09:17:07,17969.1,17969.35,250,17970.75,50,2350,11225400
NIFTY-I.NFO,31/10/2022,09:17:07,17972.7,17971.05,50,17972.45,400,1100,11225400
NIFTY-I.NFO,31/10/2022,09:17:08,17971.9,17969.05,50,17971.8,500,1900,11225400
NIFTY-I.NFO,31/10/2022,09:17:09,17970,17970,100,17970.9,200,1650,11225400
NIFTY-I.NFO,31/10/2022,09:17:11,17971.4,17971.4,250,17973.2,200,3650,11225400
NIFTY-I.NFO,31/10/2022,09:17:12,17971.45,17971.25,100,17973.15,200,1150,11225400
NIFTY-I.NFO,31/10/2022,09:17:13,17969.5,17969.55,250,17970.6,200,2500,11225400
NIFTY-I.NFO,31/10/2022,09:17:14,17969.05,17968.95,50,17970.85,300,550,11225400
NIFTY-I.NFO,31/10/2022,09:17:14,17969.05,17968.95,50,17970.85,300,0,11225400
NIFTY-I.NFO,31/10/2022,09:17:15,17969.25,17968.2,50,17969.25,2050,1550,11225400
NIFTY-I.NFO,31/10/2022,09:17:16,17967.9,17968,100,17969.2,100,1800,11225400
NIFTY-I.NFO,31/10/2022,09:17:18,17968.35,17968.15,50,17969.45,250,2400,11225400
NIFTY-I.NFO,31/10/2022,09:17:19,17969.4,17967.45,100,17969.4,100,650,11225400
NIFTY-I.NFO,31/10/2022,09:17:20,17968.35,17968.4,250,17969.55,50,2500,11225400
NIFTY-I.NFO,31/10/2022,09:17:21,17969.25,17968.9,250,17969.3,50,950,11225400
NIFTY-I.NFO,31/10/2022,09:17:21,17969.3,17968.9,250,17969.95,50,300,11225400
NIFTY-I.NFO,31/10/2022,09:17:22,17969.55,17969.4,50,17969.95,400,1250,11196500
NIFTY-I.NFO,31/10/2022,09:17:24,17968.2,17968.55,550,17970,50,2900,11196500
NIFTY-I.NFO,31/10/2022,09:17:25,17970.05,17970.05,50,17971.15,200,850,11196500
NIFTY-I.NFO,31/10/2022,09:17:26,17968.75,17968.75,50,17969.9,100,1350,11196500
NIFTY-I.NFO,31/10/2022,09:17:27,17969.8,17968.25,100,17969.8,400,2250,11196500
NIFTY-I.NFO,31/10/2022,09:17:27,17966.85,17966.85,50,17969.6,400,2500,11196500
NIFTY-I.NFO,31/10/2022,09:17:28,17965.35,17965.3,100,17966.65,200,650,11196500
NIFTY-I.NFO,31/10/2022,09:17:30,17965.55,17965.7,250,17967.25,200,5100,11196500
NIFTY-I.NFO,31/10/2022,09:17:31,17965.9,17965.5,50,17967.15,200,200,11196500
NIFTY-I.NFO,31/10/2022,09:17:32,17965.1,17965.1,200,17967.05,50,600,11196500
NIFTY-I.NFO,31/10/2022,09:17:32,17965.1,17965.1,200,17967.05,50,0,11196500
NIFTY-I.NFO,31/10/2022,09:17:33,17969.25,17965.5,100,17968.15,350,4150,11196500
NIFTY-I.NFO,31/10/2022,09:17:34,17965.35,17965,100,17965.55,150,300,11196500
NIFTY-I.NFO,31/10/2022,09:17:35,17964.4,17964.4,50,17965.55,200,850,11196500
NIFTY-I.NFO,31/10/2022,09:17:37,17964.9,17963.35,50,17964.9,50,4350,11196500
NIFTY-I.NFO,31/10/2022,09:17:38,17964.45,17964.45,100,17964.55,200,2650,11196500
NIFTY-I.NFO,31/10/2022,09:17:39,17965,17963.95,250,17965,250,2850,11196500
NIFTY-I.NFO,31/10/2022,09:17:39,17963.6,17963.45,50,17964.95,50,600,11196500
NIFTY-I.NFO,31/10/2022,09:17:40,17967.3,17965.55,800,17967.4,150,2150,11196500
NIFTY-I.NFO,31/10/2022,09:17:41,17964.9,17963.95,50,17964.9,50,2800,11196500
NIFTY-I.NFO,31/10/2022,09:17:43,17966.05,17965.9,100,17967.6,200,4550,11196500
NIFTY-I.NFO,31/10/2022,09:17:44,17967.85,17967.85,50,17968.95,50,2200,11196500
NIFTY-I.NFO,31/10/2022,09:17:45,17969.05,17969.05,100,17970,1150,1100,11196500
NIFTY-I.NFO,31/10/2022,09:17:45,17968.4,17968.9,250,17970,1150,400,11196500
NIFTY-I.NFO,31/10/2022,09:17:46,17970,17968.75,250,17970,1100,950,11196500
NIFTY-I.NFO,31/10/2022,09:17:47,17969.2,17969.25,250,17970,1100,100,11196500
NIFTY-I.NFO,31/10/2022,09:17:49,17969.1,17969.1,250,17970,850,900,11196500
NIFTY-I.NFO,31/10/2022,09:17:50,17969.55,17969.55,300,17972,250,3350,11196500
NIFTY-I.NFO,31/10/2022,09:17:51,17970.5,17970.5,300,17972,100,8750,11196500
NIFTY-I.NFO,31/10/2022,09:17:51,17970.5,17971.5,150,17972,50,200,11196500
NIFTY-I.NFO,31/10/2022,09:17:52,17971.35,17971.3,50,17972.9,50,1300,11196500
NIFTY-I.NFO,31/10/2022,09:17:53,17972.45,17972.45,100,17974.85,150,4000,11196500
NIFTY-I.NFO,31/10/2022,09:17:55,17972.05,17971.85,50,17974.2,50,900,11196500
NIFTY-I.NFO,31/10/2022,09:17:56,17971.55,17971.7,250,17974.05,150,300,11196500
NIFTY-I.NFO,31/10/2022,09:17:57,17971.1,17971.1,300,17973,100,4350,11196500
NIFTY-I.NFO,31/10/2022,09:17:58,17972.15,17972,100,17972.95,200,550,11196500
NIFTY-I.NFO,31/10/2022,09:17:58,17971.85,17971.75,150,17972.95,200,50,11196500
NIFTY-I.NFO,31/10/2022,09:17:59,17971.8,17971,100,17971.85,50,300,11196500
NIFTY-I.NFO,31/10/2022,09:18:00,17971.85,17970,1300,17971.9,150,650,11196500
NIFTY-I.NFO,31/10/2022,09:18:02,17970,17970,1600,17971.1,200,1600,11196500
NIFTY-I.NFO,31/10/2022,09:18:03,17970,17970,1600,17971.65,350,1100,11196500
NIFTY-I.NFO,31/10/2022,09:18:04,17971.7,17971.1,50,17971.7,150,1150,11196500
NIFTY-I.NFO,31/10/2022,09:18:04,17971.1,17971,200,17971.7,150,50,11196500
NIFTY-I.NFO,31/10/2022,09:18:05,17971.2,17971.15,150,17972.85,400,1450,11196500
NIFTY-I.NFO,31/10/2022,09:18:06,17970.9,17970.65,250,17972.6,250,450,11196500
NIFTY-I.NFO,31/10/2022,09:18:08,17970.5,17970.55,50,17972,150,700,11196500
NIFTY-I.NFO,31/10/2022,09:18:08,17970.95,17970.4,500,17970.95,150,100,11196500
NIFTY-I.NFO,31/10/2022,09:18:10,17972.85,17971.7,500,17972.95,200,2600,11196500
NIFTY-I.NFO,31/10/2022,09:18:11,17973.25,17973.25,250,17974.95,200,4700,11196500
NIFTY-I.NFO,31/10/2022,09:18:12,17972.05,17972.1,100,17974.5,200,500,11196500
NIFTY-I.NFO,31/10/2022,09:18:13,17973.05,17973.05,50,17973.25,100,350,11196500
NIFTY-I.NFO,31/10/2022,09:18:14,17972.8,17972.8,50,17973.55,1500,400,11196500
NIFTY-I.NFO,31/10/2022,09:18:15,17973.55,17973.25,100,17974.9,50,2100,11196500
NIFTY-I.NFO,31/10/2022,09:18:16,17973.05,17973,500,17974.6,100,950,11196500
NIFTY-I.NFO,31/10/2022,09:18:17,17974.65,17971.55,300,17974.65,150,3250,11196500
NIFTY-I.NFO,31/10/2022,09:18:18,17973.55,17971.45,100,17974.3,150,150,11196500
NIFTY-I.NFO,31/10/2022,09:18:19,17971,17971.15,50,17973.7,100,1000,11196500
NIFTY-I.NFO,31/10/2022,09:18:20,17970.75,17970.8,100,17973.6,400,750,11196500
NIFTY-I.NFO,31/10/2022,09:18:21,17970.15,17970.35,50,17973.25,400,1250,11196500
NIFTY-I.NFO,31/10/2022,09:18:22,17973.2,17971.05,50,17973.2,100,200,11196500
NIFTY-I.NFO,31/10/2022,09:18:23,17970.65,17970.65,50,17973.2,150,250,11196500
NIFTY-I.NFO,31/10/2022,09:18:24,17970.5,17970.25,100,17973.15,200,1300,11196500
NIFTY-I.NFO,31/10/2022,09:18:25,17973.8,17973.8,200,17973.95,150,1150,11196500
NIFTY-I.NFO,31/10/2022,09:18:26,17971.15,17971.2,150,17973.65,50,400,11196500
NIFTY-I.NFO,31/10/2022,09:18:27,17970.2,17970.15,50,17972,300,700,11196500
NIFTY-I.NFO,31/10/2022,09:18:27,17970.2,17970.15,50,17972,300,0,11196500
NIFTY-I.NFO,31/10/2022,09:18:28,17970.8,17970.6,300,17973,150,1800,11196500
NIFTY-I.NFO,31/10/2022,09:18:29,17971,17970.7,100,17973.45,100,700,11196500
NIFTY-I.NFO,31/10/2022,09:18:30,17972,17972,100,17973.55,50,100,11196500
NIFTY-I.NFO,31/10/2022,09:18:31,17974,17972.55,200,17974.45,50,4500,11196500
NIFTY-I.NFO,31/10/2022,09:18:32,17972.3,17972.05,50,17973.8,50,500,11196500
NIFTY-I.NFO,31/10/2022,09:18:34,17974,17974,2600,17974.8,50,900,11196500
NIFTY-I.NFO,31/10/2022,09:18:35,17974.45,17974.45,50,17975,1950,800,11196500
NIFTY-I.NFO,31/10/2022,09:18:36,17974.45,17974.35,150,17975.9,500,4100,11196500
NIFTY-I.NFO,31/10/2022,09:18:36,17974.45,17974.1,50,17975.9,500,0,11196500
NIFTY-I.NFO,31/10/2022,09:18:37,17974.2,17974.2,50,17975.9,350,550,11196500
NIFTY-I.NFO,31/10/2022,09:18:39,17976.8,17975.9,50,17976.4,50,800,11196500
NIFTY-I.NFO,31/10/2022,09:18:40,17975.1,17975.1,350,17976.9,50,3200,11196500
NIFTY-I.NFO,31/10/2022,09:18:41,17975.8,17975.8,100,17977,100,600,11196500
NIFTY-I.NFO,31/10/2022,09:18:41,17975.8,17975.75,300,17977.7,50,250,11196500
NIFTY-I.NFO,31/10/2022,09:18:42,17976.7,17976.7,150,17978,550,800,11196500
NIFTY-I.NFO,31/10/2022,09:18:44,17978,17976.45,100,17978,250,4200,11196500
NIFTY-I.NFO,31/10/2022,09:18:45,17976.55,17976.55,50,17978,250,250,11196500
NIFTY-I.NFO,31/10/2022,09:18:46,17975.75,17976.3,50,17978,250,2250,11196500
NIFTY-I.NFO,31/10/2022,09:18:46,17975.75,17976.35,50,17978,250,0,11196500
NIFTY-I.NFO,31/10/2022,09:18:47,17976.8,17976.8,400,17978,50,2050,11196500
NIFTY-I.NFO,31/10/2022,09:18:49,17978,17978,100,17978.8,800,450,11196500
NIFTY-I.NFO,31/10/2022,09:18:50,17975.05,17975.35,50,17976.7,150,750,11196500
NIFTY-I.NFO,31/10/2022,09:18:51,17976.5,17976.7,50,17978,1000,1350,11196500
NIFTY-I.NFO,31/10/2022,09:18:51,17976.8,17976.7,50,17978,1050,250,11196500
NIFTY-I.NFO,31/10/2022,09:18:52,17978,17978.1,100,17978.8,600,1200,11196500
NIFTY-I.NFO,31/10/2022,09:18:53,17980,17979.7,500,17979.8,150,4700,11196500
NIFTY-I.NFO,31/10/2022,09:18:54,17979.7,17978,50,17979.95,200,900,11196500
NIFTY-I.NFO,31/10/2022,09:18:55,17980,17978.4,50,17980,6800,550,11196500
NIFTY-I.NFO,31/10/2022,09:18:56,17980,17978.4,100,17980,5700,1400,11196500
NIFTY-I.NFO,31/10/2022,09:18:57,17980,17978.5,50,17980,4600,1400,11196500
NIFTY-I.NFO,31/10/2022,09:18:58,17979.15,17979.05,50,17979.95,150,1000,11196500
NIFTY-I.NFO,31/10/2022,09:18:59,17978.1,17978.1,200,17979.25,100,450,11196500
NIFTY-I.NFO,31/10/2022,09:19:01,17980,17979.7,100,17979.95,200,600,11196500
NIFTY-I.NFO,31/10/2022,09:19:02,17977.7,17978,50,17980,3700,2100,11196500
NIFTY-I.NFO,31/10/2022,09:19:03,17980.9,17979.6,250,17981,100,5100,11196500
NIFTY-I.NFO,31/10/2022,09:19:04,17980.9,17979.5,350,17981.05,50,1100,11196500
NIFTY-I.NFO,31/10/2022,09:19:05,17980,17979.75,350,17982,200,1250,11196500
NIFTY-I.NFO,31/10/2022,09:19:06,17981.8,17980,100,17982,50,1400,11196500
NIFTY-I.NFO,31/10/2022,09:19:07,17982.4,17981.15,350,17982.9,100,300,11196500
NIFTY-I.NFO,31/10/2022,09:19:08,17979.5,17979,50,17981.15,50,850,11196500
NIFTY-I.NFO,31/10/2022,09:19:08,17981.3,17980,900,17981.45,100,500,11196500
NIFTY-I.NFO,31/10/2022,09:19:09,17979,17977.15,50,17979.3,100,1450,11196500
NIFTY-I.NFO,31/10/2022,09:19:10,17980,17978.45,50,17980.9,150,150,11196500
NIFTY-I.NFO,31/10/2022,09:19:12,17978,17977.5,50,17979.3,100,100,11196500
NIFTY-I.NFO,31/10/2022,09:19:13,17979.5,17977.6,500,17979.5,50,2700,11196500
NIFTY-I.NFO,31/10/2022,09:19:14,17977.5,17977.6,500,17979.7,100,1600,11196500
NIFTY-I.NFO,31/10/2022,09:19:15,17980,17979.5,50,17980,100,1200,11196500
NIFTY-I.NFO,31/10/2022,09:19:16,17980,17978.5,450,17980,50,1850,11196500
NIFTY-I.NFO,31/10/2022,09:19:17,17978.5,17977.9,500,17980,450,450,11196500
NIFTY-I.NFO,31/10/2022,09:19:18,17978.3,17978,500,17980,650,400,11196500
NIFTY-I.NFO,31/10/2022,09:19:19,17978.95,17977.4,500,17979.9,300,2400,11196500
NIFTY-I.NFO,31/10/2022,09:19:20,17977.9,17978.1,500,17979,150,250,11196500
NIFTY-I.NFO,31/10/2022,09:19:21,17979.1,17979.2,500,17980,1000,1200,11196500
NIFTY-I.NFO,31/10/2022,09:19:21,17979.3,17979.2,500,17980,1000,200,11196500
NIFTY-I.NFO,31/10/2022,09:19:22,17981.1,17981.2,500,17981.8,250,2950,11196500
NIFTY-I.NFO,31/10/2022,09:19:23,17984,17982.55,250,17984,200,3050,11196500
NIFTY-I.NFO,31/10/2022,09:19:24,17982.6,17982.55,200,17984.9,150,800,11196500
NIFTY-I.NFO,31/10/2022,09:19:25,17982.55,17982.55,200,17984.9,50,1050,11196500
NIFTY-I.NFO,31/10/2022,09:19:26,17981.9,17982.05,500,17984.9,500,2650,11196500
NIFTY-I.NFO,31/10/2022,09:19:27,17984.85,17984.85,200,17985,250,1200,11196500
NIFTY-I.NFO,31/10/2022,09:19:28,17985,17980.75,500,17983,500,550,11196500
NIFTY-I.NFO,31/10/2022,09:19:29,17982.6,17980,1650,17981.5,50,100,11196500
NIFTY-I.NFO,31/10/2022,09:19:30,17981.8,17980,1550,17981.8,50,800,11196500
NIFTY-I.NFO,31/10/2022,09:19:31,17982.35,17980.9,500,17982.6,50,400,11196500
NIFTY-I.NFO,31/10/2022,09:19:32,17981.8,17981.9,500,17983,350,550,11196500
NIFTY-I.NFO,31/10/2022,09:19:33,17983,17980.8,250,17982.5,100,250,11196500
NIFTY-I.NFO,31/10/2022,09:19:34,17980.05,17980,1550,17980.85,300,600,11196500
NIFTY-I.NFO,31/10/2022,09:19:36,17980.05,17980.3,300,17980.8,50,2050,11196500
NIFTY-I.NFO,31/10/2022,09:19:37,17980.6,17981.1,500,17981.9,50,800,11196500
NIFTY-I.NFO,31/10/2022,09:19:38,17980.5,17980.5,500,17982,50,800,11196500
NIFTY-I.NFO,31/10/2022,09:19:39,17980.8,17981,500,17981.85,100,350,11196500
NIFTY-I.NFO,31/10/2022,09:19:40,17981.85,17981.15,50,17981.95,100,400,11196500
NIFTY-I.NFO,31/10/2022,09:19:41,17980.7,17980.8,500,17981.85,150,350,11196500
NIFTY-I.NFO,31/10/2022,09:19:41,17980.8,17980.8,450,17981.85,150,50,11196500
NIFTY-I.NFO,31/10/2022,09:19:43,17981,17981,500,17981.85,150,650,11196500
NIFTY-I.NFO,31/10/2022,09:19:44,17983.6,17982.15,350,17984.8,100,2350,11196500
NIFTY-I.NFO,31/10/2022,09:19:45,17981.4,17981.45,50,17982,50,400,11196500
NIFTY-I.NFO,31/10/2022,09:19:46,17984.35,17984.4,250,17984.8,150,250,11196500
NIFTY-I.NFO,31/10/2022,09:19:47,17984.4,17984.4,650,17984.85,200,850,11196500
NIFTY-I.NFO,31/10/2022,09:19:48,17982.4,17981.85,500,17983.6,50,2200,11196500
NIFTY-I.NFO,31/10/2022,09:19:49,17983.7,17981,50,17983,50,550,11196500
NIFTY-I.NFO,31/10/2022,09:19:50,17981.85,17981.9,50,17983,50,50,11196500
NIFTY-I.NFO,31/10/2022,09:19:51,17982.35,17981.85,500,17983.85,100,400,11196500
NIFTY-I.NFO,31/10/2022,09:19:51,17983.85,17981.85,1000,17984.3,50,50,11196500
NIFTY-I.NFO,31/10/2022,09:19:53,17981.85,17981.85,250,17982.35,100,700,11196500
NIFTY-I.NFO,31/10/2022,09:19:54,17980,17980,1000,17981,750,2400,11196500
NIFTY-I.NFO,31/10/2022,09:19:55,17981,17981.05,100,17982,150,800,11196500
NIFTY-I.NFO,31/10/2022,09:19:56,17981,17981,150,17982.6,150,200,11196500
NIFTY-I.NFO,31/10/2022,09:19:56,17981,17980,1200,17982.45,350,150,11196500
NIFTY-I.NFO,31/10/2022,09:19:58,17983.35,17981.15,100,17982,50,600,11196500
NIFTY-I.NFO,31/10/2022,09:19:59,17983.05,17981.05,150,17983.6,100,300,11196500
NIFTY-I.NFO,31/10/2022,09:20:00,17982.25,17982.4,50,17984.65,100,7000,11196500
NIFTY-I.NFO,31/10/2022,09:20:01,17983.25,17983.65,550,17984.9,50,1050,11196500
NIFTY-I.NFO,31/10/2022,09:20:02,17984.05,17984.6,100,17986,50,2900,11196500
NIFTY-I.NFO,31/10/2022,09:20:03,17986,17984.5,50,17986.75,150,400,11196500
NIFTY-I.NFO,31/10/2022,09:20:04,17984.25,17982.6,150,17984.25,300,1000,11196500
NIFTY-I.NFO,31/10/2022,09:20:05,17982.85,17982.85,50,17984.05,50,850,11196500
NIFTY-I.NFO,31/10/2022,09:20:06,17986.05,17986.05,50,17986.7,50,400,11196500
NIFTY-I.NFO,31/10/2022,09:20:07,17985,17983.75,50,17985.95,450,4450,11196500
NIFTY-I.NFO,31/10/2022,09:20:08,17987.7,17984.4,400,17987.6,100,1600,11196500
NIFTY-I.NFO,31/10/2022,09:20:09,17984.65,17984.6,300,17987.95,50,3800,11196500
NIFTY-I.NFO,31/10/2022,09:20:10,17986.3,17984.65,50,17986,100,400,11196500
NIFTY-I.NFO,31/10/2022,09:20:11,17984.8,17982.6,1000,17984.1,350,1400,11196500
NIFTY-I.NFO,31/10/2022,09:20:12,17981.05,17981,150,17982.7,100,3100,11196500
NIFTY-I.NFO,31/10/2022,09:20:13,17980.95,17980.9,50,17982.7,200,400,11196500
NIFTY-I.NFO,31/10/2022,09:20:14,17982.85,17980.95,50,17982.85,100,450,11196500
NIFTY-I.NFO,31/10/2022,09:20:15,17981.05,17981.05,100,17982.85,200,750,11196500
NIFTY-I.NFO,31/10/2022,09:20:16,17981.05,17981.05,100,17982.75,300,0,11196500
NIFTY-I.NFO,31/10/2022,09:20:17,17982.9,17981.1,100,17982.85,200,1750,11196500
NIFTY-I.NFO,31/10/2022,09:20:18,17985.05,17984.6,150,17985.9,50,1850,11196500
NIFTY-I.NFO,31/10/2022,09:20:19,17982.2,17982.7,400,17985.9,200,1700,11196500
NIFTY-I.NFO,31/10/2022,09:20:19,17985.9,17982.7,400,17985.9,150,50,11196500
NIFTY-I.NFO,31/10/2022,09:20:20,17981,17981.2,50,17984.1,150,350,11196500
NIFTY-I.NFO,31/10/2022,09:20:21,17981.3,17981.35,50,17983.85,100,550,11231700
NIFTY-I.NFO,31/10/2022,09:20:23,17983.9,17981.45,800,17983.95,350,400,11231700
NIFTY-I.NFO,31/10/2022,09:20:24,17981.45,17981.45,700,17984.2,100,950,11231700
NIFTY-I.NFO,31/10/2022,09:20:25,17981.45,17981.8,100,17983.95,200,50,11231700
NIFTY-I.NFO,31/10/2022,09:20:26,17984.2,17981.95,50,17984.55,100,1000,11231700
NIFTY-I.NFO,31/10/2022,09:20:27,17983.5,17982.7,50,17983.7,50,300,11231700
NIFTY-I.NFO,31/10/2022,09:20:28,17982.95,17982.7,50,17983.6,200,150,11231700
NIFTY-I.NFO,31/10/2022,09:20:29,17982,17981.55,500,17982.7,400,250,11231700
NIFTY-I.NFO,31/10/2022,09:20:30,17982.7,17982.45,450,17982.7,200,350,11231700
NIFTY-I.NFO,31/10/2022,09:20:30,17982.45,17982.45,350,17982.7,150,150,11231700
NIFTY-I.NFO,31/10/2022,09:20:32,17982.45,17982.45,100,17983.55,250,650,11231700
NIFTY-I.NFO,31/10/2022,09:20:33,17983.55,17982,100,17983.55,100,500,11231700
NIFTY-I.NFO,31/10/2022,09:20:34,17983.55,17982,1650,17983.55,50,350,11231700
NIFTY-I.NFO,31/10/2022,09:20:35,17982.65,17982,1650,17982.65,200,50,11231700
NIFTY-I.NFO,31/10/2022,09:20:36,17982,17982,1450,17982.95,50,400,11231700
NIFTY-I.NFO,31/10/2022,09:20:36,17982.95,17982,1400,17982.9,200,100,11231700
NIFTY-I.NFO,31/10/2022,09:20:38,17982,17982,1150,17982.8,200,350,11231700
NIFTY-I.NFO,31/10/2022,09:20:39,17981.55,17981.55,200,17982.4,150,1800,11231700
NIFTY-I.NFO,31/10/2022,09:20:40,17982.45,17981.55,50,17982.4,200,350,11231700
NIFTY-I.NFO,31/10/2022,09:20:41,17981.55,17981.3,50,17981.95,150,150,11231700
NIFTY-I.NFO,31/10/2022,09:20:42,17982.95,17981,600,17982.9,100,2500,11231700
NIFTY-I.NFO,31/10/2022,09:20:42,17981.55,17981,600,17982.9,100,50,11231700
NIFTY-I.NFO,31/10/2022,09:20:43,17981.05,17981.05,100,17982.9,50,750,11231700
NIFTY-I.NFO,31/10/2022,09:20:44,17981,17981,250,17982.3,50,250,11231700
NIFTY-I.NFO,31/10/2022,09:20:46,17981,17981,150,17982,350,150,11231700
NIFTY-I.NFO,31/10/2022,09:20:47,17980.1,17980.05,200,17980.95,100,1100,11231700
NIFTY-I.NFO,31/10/2022,09:20:48,17980.05,17980,1650,17980.95,50,250,11231700
NIFTY-I.NFO,31/10/2022,09:20:49,17980,17980,700,17980.1,900,2500,11231700
NIFTY-I.NFO,31/10/2022,09:20:49,17980,17980,600,17980.1,900,100,11231700
NIFTY-I.NFO,31/10/2022,09:20:51,17980,17980,100,17980.05,50,650,11231700
NIFTY-I.NFO,31/10/2022,09:20:52,17978,17977.95,50,17979.45,50,3200,11231700
NIFTY-I.NFO,31/10/2022,09:20:53,17979.45,17977.95,50,17979.8,150,50,11231700
NIFTY-I.NFO,31/10/2022,09:20:54,17978,17978.45,100,17980,2850,350,11231700
NIFTY-I.NFO,31/10/2022,09:20:55,17980,17978.5,550,17980,2000,1000,11231700
NIFTY-I.NFO,31/10/2022,09:20:56,17980,17978.6,50,17980,800,1300,11231700
NIFTY-I.NFO,31/10/2022,09:20:57,17980,17978.55,500,17979.9,50,1450,11231700
NIFTY-I.NFO,31/10/2022,09:20:58,17979.95,17978.2,250,17979.95,50,750,11231700
NIFTY-I.NFO,31/10/2022,09:20:58,17978.35,17978.25,500,17979.95,50,50,11231700
NIFTY-I.NFO,31/10/2022,09:21:00,17980,17978.9,500,17980,250,950,11231700
NIFTY-I.NFO,31/10/2022,09:21:01,17980,17979.5,500,17980.95,200,2000,11231700
NIFTY-I.NFO,31/10/2022,09:21:02,17978.75,17978.05,2350,17979.95,50,1200,11231700
NIFTY-I.NFO,31/10/2022,09:21:03,17979.95,17978.05,1950,17979.95,200,800,11231700
NIFTY-I.NFO,31/10/2022,09:21:03,17979.95,17978.7,600,17979.9,200,0,11231700
NIFTY-I.NFO,31/10/2022,09:21:05,17979.95,17979.9,500,17980,250,350,11231700
NIFTY-I.NFO,31/10/2022,09:21:06,17981.7,17980,50,17982,450,1750,11231700
NIFTY-I.NFO,31/10/2022,09:21:07,17981.8,17979.9,350,17981.5,150,100,11231700
NIFTY-I.NFO,31/10/2022,09:21:08,17979.9,17978.45,50,17980.85,100,400,11231700
NIFTY-I.NFO,31/10/2022,09:21:09,17978.15,17978.15,50,17980.5,50,150,11231700
NIFTY-I.NFO,31/10/2022,09:21:10,17978.15,17978.55,500,17979.7,50,0,11231700
NIFTY-I.NFO,31/10/2022,09:21:11,17979.5,17979.65,50,17981.8,200,3300,11231700
NIFTY-I.NFO,31/10/2022,09:21:12,17979.35,17978.85,50,17981.4,50,150,11231700
NIFTY-I.NFO,31/10/2022,09:21:13,17979.8,17978.55,450,17980.25,200,100,11231700
NIFTY-I.NFO,31/10/2022,09:21:14,17979.45,17978.05,1800,17979.45,300,550,11231700
NIFTY-I.NFO,31/10/2022,09:21:15,17979.45,17978.05,1800,17979.3,50,50,11231700
NIFTY-I.NFO,31/10/2022,09:21:16,17979.7,17978.05,1800,17979.7,150,1150,11231700
NIFTY-I.NFO,31/10/2022,09:21:17,17980,17978.05,1700,17979.95,200,650,11231700
NIFTY-I.NFO,31/10/2022,09:21:18,17978.95,17978.05,1700,17978.95,100,100,11231700
NIFTY-I.NFO,31/10/2022,09:21:19,17978.95,17978.15,50,17978.9,200,150,11231700
NIFTY-I.NFO,31/10/2022,09:21:20,17978.9,17978.55,50,17978.9,400,800,11231700
NIFTY-I.NFO,31/10/2022,09:21:21,17978.8,17978.55,50,17978.8,200,50,11231700
NIFTY-I.NFO,31/10/2022,09:21:22,17978.45,17978.45,450,17978.8,350,1250,11231700
NIFTY-I.NFO,31/10/2022,09:21:23,17978.8,17978.05,300,17978.8,450,550,11231700
NIFTY-I.NFO,31/10/2022,09:21:24,17976.9,17976.55,50,17977.7,200,1450,11231700
NIFTY-I.NFO,31/10/2022,09:21:25,17976.4,17976.4,400,17977.7,400,50,11231700
NIFTY-I.NFO,31/10/2022,09:21:26,17977.55,17975.4,50,17977,400,2300,11231700
NIFTY-I.NFO,31/10/2022,09:21:27,17978.95,17976.15,300,17978.85,250,650,11231700
NIFTY-I.NFO,31/10/2022,09:21:28,17976.65,17976.65,200,17977.85,150,200,11231700
NIFTY-I.NFO,31/10/2022,09:21:29,17977.9,17978.25,950,17978.4,200,500,11231700
NIFTY-I.NFO,31/10/2022,09:21:30,17978.25,17977,100,17977.95,200,1000,11231700
NIFTY-I.NFO,31/10/2022,09:21:31,17975.8,17975.85,200,17977.9,200,350,11231700
NIFTY-I.NFO,31/10/2022,09:21:32,17975.6,17975.25,50,17976.6,350,400,11231700
NIFTY-I.NFO,31/10/2022,09:21:33,17978.2,17975.2,100,17977.75,100,2550,11231700
NIFTY-I.NFO,31/10/2022,09:21:34,17978.3,17977.55,50,17978.3,100,200,11231700
NIFTY-I.NFO,31/10/2022,09:21:35,17977.9,17975.65,100,17977.75,150,150,11231700
NIFTY-I.NFO,31/10/2022,09:21:36,17976.6,17975.7,50,17976.65,50,300,11231700
NIFTY-I.NFO,31/10/2022,09:21:37,17976.6,17975.6,100,17976.6,300,300,11231700
NIFTY-I.NFO,31/10/2022,09:21:38,17974.95,17974.75,400,17976.2,250,2300,11231700
NIFTY-I.NFO,31/10/2022,09:21:39,17975,17975,100,17976.15,50,200,11231700
NIFTY-I.NFO,31/10/2022,09:21:40,17974.85,17973.8,100,17974.85,150,500,11231700
NIFTY-I.NFO,31/10/2022,09:21:41,17974.85,17973.7,100,17974.85,300,300,11231700
NIFTY-I.NFO,31/10/2022,09:21:42,17973.5,17973.5,250,17974.8,200,4650,11231700
NIFTY-I.NFO,31/10/2022,09:21:43,17974.8,17973.85,50,17974.8,150,1700,11231700
NIFTY-I.NFO,31/10/2022,09:21:44,17975.6,17974.35,50,17975.6,150,4150,11231700
NIFTY-I.NFO,31/10/2022,09:21:45,17975.1,17974.65,50,17976.65,300,2450,11231700
NIFTY-I.NFO,31/10/2022,09:21:46,17975.15,17974.45,100,17975.85,200,3000,11231700
NIFTY-I.NFO,31/10/2022,09:21:47,17975.05,17974.95,50,17977.7,300,900,11231700
NIFTY-I.NFO,31/10/2022,09:21:48,17975,17975,1750,17977.7,50,2850,11231700
NIFTY-I.NFO,31/10/2022,09:21:49,17975.85,17975.05,200,17976.95,200,950,11231700
NIFTY-I.NFO,31/10/2022,09:21:50,17975,17974.4,50,17974.95,150,150,11231700
NIFTY-I.NFO,31/10/2022,09:21:51,17974.95,17974,450,17974.95,200,2200,11231700
NIFTY-I.NFO,31/10/2022,09:21:52,17974,17974,300,17974.65,350,850,11231700
NIFTY-I.NFO,31/10/2022,09:21:53,17973.95,17973.15,1300,17973.95,150,1400,11231700
NIFTY-I.NFO,31/10/2022,09:21:54,17973,17972.65,50,17973.45,150,1350,11231700
NIFTY-I.NFO,31/10/2022,09:21:55,17972.7,17972.7,50,17973.45,50,150,11231700
NIFTY-I.NFO,31/10/2022,09:21:56,17973.1,17972.65,100,17973.1,150,450,11231700
NIFTY-I.NFO,31/10/2022,09:21:57,17972.7,17972.7,50,17973.1,250,200,11231700
NIFTY-I.NFO,31/10/2022,09:21:58,17972.7,17972.85,50,17972.95,50,0,11231700
NIFTY-I.NFO,31/10/2022,09:21:59,17972.7,17972.6,50,17973.1,200,400,11231700
NIFTY-I.NFO,31/10/2022,09:22:00,17973.1,17972.95,200,17973.1,100,1150,11231700
NIFTY-I.NFO,31/10/2022,09:22:01,17973.05,17972.95,200,17973.8,200,1100,11231700
NIFTY-I.NFO,31/10/2022,09:22:02,17974,17974,150,17974.75,200,850,11231700
NIFTY-I.NFO,31/10/2022,09:22:03,17974.15,17973.85,50,17975,1600,1000,11231700
NIFTY-I.NFO,31/10/2022,09:22:04,17974.15,17974.2,150,17974.95,200,450,11231700
NIFTY-I.NFO,31/10/2022,09:22:05,17974.5,17974.35,200,17974.95,200,350,11231700
NIFTY-I.NFO,31/10/2022,09:22:06,17973.55,17973.1,200,17974.1,200,1150,11231700
NIFTY-I.NFO,31/10/2022,09:22:07,17973.5,17972.55,500,17972.95,100,400,11231700
NIFTY-I.NFO,31/10/2022,09:22:08,17973.2,17973.75,200,17974.55,200,400,11231700
NIFTY-I.NFO,31/10/2022,09:22:09,17973.2,17973.05,800,17974.55,200,0,11231700
NIFTY-I.NFO,31/10/2022,09:22:10,17973.9,17973.05,750,17973.9,100,100,11231700
NIFTY-I.NFO,31/10/2022,09:22:11,17973.65,17972.2,100,17973.55,200,1500,11231700
NIFTY-I.NFO,31/10/2022,09:22:12,17972.15,17972.15,150,17973.15,200,300,11231700
NIFTY-I.NFO,31/10/2022,09:22:13,17971.55,17971.6,100,17973.2,200,300,11231700
NIFTY-I.NFO,31/10/2022,09:22:14,17973.7,17971.6,50,17972.7,400,500,11231700
NIFTY-I.NFO,31/10/2022,09:22:15,17970.55,17971.2,650,17972.4,400,2050,11231700
NIFTY-I.NFO,31/10/2022,09:22:16,17971.85,17971.75,50,17972.15,200,550,11231700
NIFTY-I.NFO,31/10/2022,09:22:17,17972,17972.15,100,17972.95,200,600,11231700
NIFTY-I.NFO,31/10/2022,09:22:18,17971.95,17971.95,100,17972.95,150,350,11231700
NIFTY-I.NFO,31/10/2022,09:22:19,17971.2,17971.2,150,17971.85,150,200,11231700
NIFTY-I.NFO,31/10/2022,09:22:20,17971.2,17970.2,3300,17971.7,100,150,11231700
NIFTY-I.NFO,31/10/2022,09:22:21,17970.2,17970.2,3050,17971.25,150,450,11231700
NIFTY-I.NFO,31/10/2022,09:22:22,17970.2,17970.2,2700,17970.95,200,250,11231700
NIFTY-I.NFO,31/10/2022,09:22:23,17970.2,17970.2,2650,17970.95,100,200,11231700
NIFTY-I.NFO,31/10/2022,09:22:24,17970.65,17970.65,50,17970.95,200,650,11231700
NIFTY-I.NFO,31/10/2022,09:22:25,17971.95,17971.6,100,17971.95,50,1500,11231700
NIFTY-I.NFO,31/10/2022,09:22:26,17971.95,17971.9,100,17971.95,200,550,11231700
NIFTY-I.NFO,31/10/2022,09:22:27,17971.95,17971.8,150,17972,100,850,11231700
NIFTY-I.NFO,31/10/2022,09:22:28,17972,17971.65,500,17972.95,400,650,11231700
NIFTY-I.NFO,31/10/2022,09:22:29,17972,17971.85,250,17972.75,200,400,11231700
NIFTY-I.NFO,31/10/2022,09:22:30,17971.85,17971.8,50,17972.75,200,50,11231700
NIFTY-I.NFO,31/10/2022,09:22:31,17972.8,17972.8,350,17972.95,200,250,11231700
NIFTY-I.NFO,31/10/2022,09:22:32,17971.8,17972,500,17972.95,200,1450,11231700
NIFTY-I.NFO,31/10/2022,09:22:33,17973,17972.6,500,17973.15,200,5000,11231700
NIFTY-I.NFO,31/10/2022,09:22:34,17974.3,17973.6,500,17974.3,150,900,11231700
NIFTY-I.NFO,31/10/2022,09:22:35,17974.35,17974.45,300,17974.55,200,350,11231700
NIFTY-I.NFO,31/10/2022,09:22:36,17974.45,17974.45,150,17974.95,50,400,11231700
NIFTY-I.NFO,31/10/2022,09:22:37,17973.85,17973.8,250,17974.9,200,450,11231700
NIFTY-I.NFO,31/10/2022,09:22:38,17973.75,17973.8,50,17974.9,200,400,11231700
NIFTY-I.NFO,31/10/2022,09:22:39,17973.75,17973.75,100,17974.8,200,0,11231700
NIFTY-I.NFO,31/10/2022,09:22:40,17974.55,17974.35,500,17974.95,50,950,11231700
NIFTY-I.NFO,31/10/2022,09:22:41,17975,17974.4,200,17974.95,200,1850,11231700
NIFTY-I.NFO,31/10/2022,09:22:42,17973.8,17973.8,500,17974.4,50,650,11231700
NIFTY-I.NFO,31/10/2022,09:22:43,17974.4,17973.7,100,17974.4,150,200,11231700
NIFTY-I.NFO,31/10/2022,09:22:44,17974.95,17973.95,250,17974.95,450,900,11231700
NIFTY-I.NFO,31/10/2022,09:22:45,17973.5,17973.45,50,17973.95,100,400,11231700
NIFTY-I.NFO,31/10/2022,09:22:46,17972.55,17972.55,200,17972.85,350,350,11231700
NIFTY-I.NFO,31/10/2022,09:22:47,17972.5,17972.1,50,17972.5,100,650,11231700
NIFTY-I.NFO,31/10/2022,09:22:48,17972.1,17971.55,450,17972.5,100,50,11231700
NIFTY-I.NFO,31/10/2022,09:22:49,17970.8,17970.85,50,17972.5,200,1900,11231700
NIFTY-I.NFO,31/10/2022,09:22:50,17973.5,17971.55,100,17973.7,100,2250,11231700
NIFTY-I.NFO,31/10/2022,09:22:51,17972.75,17972.65,200,17973.7,100,150,11231700
NIFTY-I.NFO,31/10/2022,09:22:52,17972.75,17972.7,100,17973.7,100,0,11231700
NIFTY-I.NFO,31/10/2022,09:22:53,17973,17972.95,200,17973.7,100,150,11231700
NIFTY-I.NFO,31/10/2022,09:22:54,17972.9,17973.05,100,17973.75,250,450,11231700
NIFTY-I.NFO,31/10/2022,09:22:55,17972.5,17971.9,150,17972.45,200,100,11231700
NIFTY-I.NFO,31/10/2022,09:22:56,17971.6,17971.6,50,17972.6,100,300,11231700
NIFTY-I.NFO,31/10/2022,09:22:57,17971.05,17971.05,50,17972.5,150,600,11231700
NIFTY-I.NFO,31/10/2022,09:22:58,17970.25,17970.2,2350,17970.55,100,800,11231700
NIFTY-I.NFO,31/10/2022,09:22:59,17968.95,17968.4,200,17968.55,200,6550,11231700
NIFTY-I.NFO,31/10/2022,09:23:00,17968.1,17968.1,500,17968.55,150,300,11231700
NIFTY-I.NFO,31/10/2022,09:23:01,17968.65,17968.8,250,17969.85,500,350,11231700
NIFTY-I.NFO,31/10/2022,09:23:02,17969.4,17969.35,50,17969.9,200,1300,11231700
NIFTY-I.NFO,31/10/2022,09:23:03,17971.95,17970.85,100,17971.95,150,2300,11231700
NIFTY-I.NFO,31/10/2022,09:23:04,17971.65,17971.6,50,17971.95,150,250,11231700
NIFTY-I.NFO,31/10/2022,09:23:05,17972,17972,100,17972.6,250,350,11231700
NIFTY-I.NFO,31/10/2022,09:23:06,17973.6,17973.6,150,17974.9,200,4000,11231700
NIFTY-I.NFO,31/10/2022,09:23:07,17974,17973.85,50,17974.95,150,1450,11231700
NIFTY-I.NFO,31/10/2022,09:23:08,17973.9,17974.15,200,17974.85,150,350,11231700
NIFTY-I.NFO,31/10/2022,09:23:09,17973.3,17973,200,17974.95,150,1050,11231700
NIFTY-I.NFO,31/10/2022,09:23:10,17974.7,17972.9,250,17974.8,50,150,11231700
NIFTY-I.NFO,31/10/2022,09:23:11,17972.85,17973.1,100,17973.8,200,150,11231700
NIFTY-I.NFO,31/10/2022,09:23:12,17972.85,17973.1,100,17973.8,200,0,11231700
NIFTY-I.NFO,31/10/2022,09:23:13,17973.5,17973.4,50,17976,300,5050,11231700
NIFTY-I.NFO,31/10/2022,09:23:14,17977.9,17974.25,100,17977.55,450,6600,11231700
NIFTY-I.NFO,31/10/2022,09:23:15,17974.25,17974.35,50,17977.55,50,2800,11231700
NIFTY-I.NFO,31/10/2022,09:23:16,17975.3,17975.3,150,17977.25,150,1800,11231700
NIFTY-I.NFO,31/10/2022,09:23:17,17975.3,17973.85,200,17974.75,500,150,11231700
NIFTY-I.NFO,31/10/2022,09:23:18,17974.45,17975.5,100,17977.95,150,650,11231700
NIFTY-I.NFO,31/10/2022,09:23:19,17975.5,17975.4,200,17975.5,50,950,11231700
NIFTY-I.NFO,31/10/2022,09:23:20,17975.15,17975,100,17977.5,100,150,11231700
NIFTY-I.NFO,31/10/2022,09:23:21,17977.15,17975.3,100,17976.85,100,50,11231700
NIFTY-I.NFO,31/10/2022,09:23:22,17975.5,17975.5,50,17976.55,100,350,11242200
NIFTY-I.NFO,31/10/2022,09:23:23,17975.5,17975.5,50,17976.55,100,0,11242200
NIFTY-I.NFO,31/10/2022,09:23:24,17974.95,17974.75,50,17976.05,50,350,11242200
NIFTY-I.NFO,31/10/2022,09:23:25,17976,17975.15,50,17976,150,50,11242200
NIFTY-I.NFO,31/10/2022,09:23:26,17979.95,17977.2,300,17979.9,200,5350,11242200
NIFTY-I.NFO,31/10/2022,09:23:27,17979.8,17979.8,50,17979.85,200,4650,11242200
NIFTY-I.NFO,31/10/2022,09:23:28,17979.85,17977.25,50,17979.75,100,150,11242200
NIFTY-I.NFO,31/10/2022,09:23:29,17979.85,17978.8,50,17979.4,150,0,11242200
NIFTY-I.NFO,31/10/2022,09:23:30,17979.3,17979.3,50,17979.85,150,400,11242200
NIFTY-I.NFO,31/10/2022,09:23:31,17979.85,17979.8,100,17979.85,100,50,11242200
NIFTY-I.NFO,31/10/2022,09:23:32,17979.95,17979.3,100,17979.95,150,1300,11242200
NIFTY-I.NFO,31/10/2022,09:23:33,17978.8,17978.3,50,17979.1,300,550,11242200
NIFTY-I.NFO,31/10/2022,09:23:34,17978.8,17978.3,50,17979.1,2000,0,11242200
NIFTY-I.NFO,31/10/2022,09:23:35,17977.3,17977.3,50,17978.1,600,300,11242200
NIFTY-I.NFO,31/10/2022,09:23:36,17977.3,17977.3,50,17977.7,2000,0,11242200
NIFTY-I.NFO,31/10/2022,09:23:37,17977.9,17977,50,17978.6,1250,3750,11242200
NIFTY-I.NFO,31/10/2022,09:23:38,17977.7,17976.15,100,17977.7,1200,1650,11242200
NIFTY-I.NFO,31/10/2022,09:23:39,17977.7,17975.75,500,17977.65,1600,0,11242200
NIFTY-I.NFO,31/10/2022,09:23:40,17975,17974.4,500,17976.3,200,900,11242200
NIFTY-I.NFO,31/10/2022,09:23:41,17975.9,17974.4,500,17975.9,1500,350,11242200
NIFTY-I.NFO,31/10/2022,09:23:42,17975.9,17975,50,17975.9,500,550,11242200
NIFTY-I.NFO,31/10/2022,09:23:43,17974.45,17974.45,100,17975,150,100,11242200
NIFTY-I.NFO,31/10/2022,09:23:45,17978.65,17978.1,50,17978.65,1500,3400,11242200
NIFTY-I.NFO,31/10/2022,09:23:45,17978.6,17978.1,50,17978.6,1250,1150,11242200
NIFTY-I.NFO,31/10/2022,09:23:46,17978.55,17978.1,50,17978.55,1200,250,11242200
NIFTY-I.NFO,31/10/2022,09:23:47,17979,17977.7,100,17979,850,2150,11242200
NIFTY-I.NFO,31/10/2022,09:23:48,17978.7,17976.9,50,17978.95,1300,600,11242200
NIFTY-I.NFO,31/10/2022,09:23:50,17978.95,17978.2,50,17978.95,1000,250,11242200
NIFTY-I.NFO,31/10/2022,09:23:50,17978.95,17978.2,50,17978.95,1200,0,11242200
NIFTY-I.NFO,31/10/2022,09:23:51,17979.7,17977.85,50,17979.7,400,1200,11242200
NIFTY-I.NFO,31/10/2022,09:23:52,17978.7,17978.7,100,17979.5,1200,50,11242200
NIFTY-I.NFO,31/10/2022,09:23:53,17977.7,17977.7,50,17978.4,200,550,11242200
NIFTY-I.NFO,31/10/2022,09:23:55,17978.4,17978.2,50,17978.35,600,150,11242200
NIFTY-I.NFO,31/10/2022,09:23:55,17978.2,17977.7,50,17978.35,600,250,11242200
NIFTY-I.NFO,31/10/2022,09:23:56,17975.8,17975.8,50,17977.3,50,450,11242200
NIFTY-I.NFO,31/10/2022,09:23:57,17975.75,17975.7,50,17975.75,300,200,11242200
NIFTY-I.NFO,31/10/2022,09:23:58,17976.7,17974.45,50,17976.95,1200,850,11242200
NIFTY-I.NFO,31/10/2022,09:23:59,17976.2,17976.2,50,17976.65,150,150,11242200
NIFTY-I.NFO,31/10/2022,09:24:01,17977.7,17977.2,100,17977.65,300,250,11242200
NIFTY-I.NFO,31/10/2022,09:24:01,17976.7,17974.6,50,17977,350,100,11242200
NIFTY-I.NFO,31/10/2022,09:24:02,17974.45,17974.4,450,17974.9,100,250,11242200
NIFTY-I.NFO,31/10/2022,09:24:03,17975.35,17974,100,17976.15,450,1450,11242200
NIFTY-I.NFO,31/10/2022,09:24:04,17976.45,17976.2,250,17976.45,250,400,11242200
NIFTY-I.NFO,31/10/2022,09:24:05,17976.45,17976.2,50,17977.55,100,450,11242200
NIFTY-I.NFO,31/10/2022,09:24:07,17977.55,17977.05,250,17977.55,250,550,11242200
NIFTY-I.NFO,31/10/2022,09:24:07,17977.55,17977.05,300,17977.55,250,0,11242200
NIFTY-I.NFO,31/10/2022,09:24:08,17976.75,17975.8,50,17976.75,200,250,11242200
NIFTY-I.NFO,31/10/2022,09:24:09,17975.95,17975.3,50,17975.95,250,500,11242200
NIFTY-I.NFO,31/10/2022,09:24:10,17976.05,17975.35,50,17976.95,200,400,11242200
NIFTY-I.NFO,31/10/2022,09:24:12,17976.95,17976.7,250,17976.9,250,350,11242200
NIFTY-I.NFO,31/10/2022,09:24:12,17976.7,17976.8,50,17976.9,250,250,11242200
NIFTY-I.NFO,31/10/2022,09:24:13,17976.6,17977.3,50,17977.5,200,650,11242200
NIFTY-I.NFO,31/10/2022,09:24:14,17977.45,17977.3,50,17977.45,50,200,11242200
NIFTY-I.NFO,31/10/2022,09:24:15,17977.3,17977.3,50,17977.45,50,200,11242200
NIFTY-I.NFO,31/10/2022,09:24:17,17977.35,17977.3,50,17977.45,50,50,11242200
NIFTY-I.NFO,31/10/2022,09:24:17,17977.35,17977.3,50,17977.45,50,0,11242200
NIFTY-I.NFO,31/10/2022,09:24:18,17979,17978.8,50,17978.95,150,600,11242200
NIFTY-I.NFO,31/10/2022,09:24:19,17977.45,17977.8,50,17978.8,100,650,11242200
NIFTY-I.NFO,31/10/2022,09:24:20,17976.75,17978.25,50,17978.65,150,400,11242200
NIFTY-I.NFO,31/10/2022,09:24:21,17978.65,17978.65,100,17978.95,300,350,11242200
NIFTY-I.NFO,31/10/2022,09:24:23,17978.8,17977.85,250,17978.8,300,950,11242200
NIFTY-I.NFO,31/10/2022,09:24:23,17977.85,17977.85,50,17978.8,300,100,11242200
NIFTY-I.NFO,31/10/2022,09:24:24,17978.8,17978.3,50,17978.75,250,300,11242200
NIFTY-I.NFO,31/10/2022,09:24:25,17978.95,17978.8,50,17978.95,450,1450,11242200
NIFTY-I.NFO,31/10/2022,09:24:26,17979.95,17979.8,50,17979.95,150,1000,11242200
NIFTY-I.NFO,31/10/2022,09:24:28,17979.85,17979.3,50,17979.95,200,200,11242200
NIFTY-I.NFO,31/10/2022,09:24:28,17979.85,17979.3,50,17979.95,200,0,11242200
NIFTY-I.NFO,31/10/2022,09:24:29,17979.95,17979.35,150,17979.95,200,250,11242200
NIFTY-I.NFO,31/10/2022,09:24:30,17979.95,17979.35,200,17979.95,50,150,11242200
NIFTY-I.NFO,31/10/2022,09:24:31,17979,17978.85,50,17979.95,50,300,11242200
NIFTY-I.NFO,31/10/2022,09:24:32,17979.9,17978.9,50,17979.9,150,200,11242200
NIFTY-I.NFO,31/10/2022,09:24:34,17978.9,17978.75,50,17979.95,200,350,11242200
NIFTY-I.NFO,31/10/2022,09:24:34,17978.75,17977.45,50,17979.8,300,50,11242200
NIFTY-I.NFO,31/10/2022,09:24:35,17978.8,17977.7,500,17979,400,200,11242200
NIFTY-I.NFO,31/10/2022,09:24:36,17979,17977.7,450,17978.9,50,350,11242200
NIFTY-I.NFO,31/10/2022,09:24:37,17979.95,17978.5,250,17980,4800,300,11242200
NIFTY-I.NFO,31/10/2022,09:24:39,17979.95,17978,300,17979.95,300,50,11242200
NIFTY-I.NFO,31/10/2022,09:24:39,17979.95,17978.3,50,17978.8,50,0,11242200
NIFTY-I.NFO,31/10/2022,09:24:40,17978.8,17979.3,50,17979.95,100,200,11242200
NIFTY-I.NFO,31/10/2022,09:24:41,17979.95,17978,350,17979.95,1000,50,11242200
NIFTY-I.NFO,31/10/2022,09:24:42,17979.25,17978.8,50,17979.25,150,200,11242200
NIFTY-I.NFO,31/10/2022,09:24:43,17978.05,17977.75,50,17978,200,700,11242200
NIFTY-I.NFO,31/10/2022,09:24:45,17978,17978.8,50,17979.2,50,350,11242200
NIFTY-I.NFO,31/10/2022,09:24:45,17978.8,17977.7,400,17979.15,200,500,11242200
NIFTY-I.NFO,31/10/2022,09:24:46,17979.15,17977.7,250,17979.15,200,200,11242200
NIFTY-I.NFO,31/10/2022,09:24:47,17976.5,17976.5,100,17978.6,150,600,11242200
NIFTY-I.NFO,31/10/2022,09:24:48,17976.5,17976.5,100,17978.7,50,200,11242200
NIFTY-I.NFO,31/10/2022,09:24:50,17977.9,17977.9,50,17978.65,200,1200,11242200
NIFTY-I.NFO,31/10/2022,09:24:50,17978.65,17977.9,50,17978.65,150,50,11242200
NIFTY-I.NFO,31/10/2022,09:24:51,17977.15,17977.9,50,17978.65,200,550,11242200
NIFTY-I.NFO,31/10/2022,09:24:52,17977.15,17977.1,50,17978.65,400,0,11242200
NIFTY-I.NFO,31/10/2022,09:24:53,17977.7,17976.5,50,17978.95,600,900,11242200
NIFTY-I.NFO,31/10/2022,09:24:54,17976.55,17976.5,50,17978,50,200,11242200
NIFTY-I.NFO,31/10/2022,09:24:56,17976.4,17976.4,450,17978,50,200,11242200
NIFTY-I.NFO,31/10/2022,09:24:56,17978,17976.4,500,17978,200,100,11242200
NIFTY-I.NFO,31/10/2022,09:24:57,17978,17977.4,50,17978,150,1100,11242200
NIFTY-I.NFO,31/10/2022,09:24:58,17975.95,17975.7,100,17978.2,150,700,11242200
NIFTY-I.NFO,31/10/2022,09:24:59,17977.95,17976.4,50,17977.35,200,250,11242200
NIFTY-I.NFO,31/10/2022,09:25:01,17979.1,17978.9,50,17979.1,150,450,11242200
NIFTY-I.NFO,31/10/2022,09:25:01,17979.1,17978.9,50,17979.1,100,50,11242200
NIFTY-I.NFO,31/10/2022,09:25:02,17979.95,17978.9,50,17978.95,200,1500,11242200
NIFTY-I.NFO,31/10/2022,09:25:03,17979.9,17979.4,50,17979.9,150,1250,11242200
NIFTY-I.NFO,31/10/2022,09:25:04,17975,17975,200,17977,100,1900,11242200
NIFTY-I.NFO,31/10/2022,09:25:05,17975.7,17975.95,100,17978.35,150,200,11242200
NIFTY-I.NFO,31/10/2022,09:25:07,17976.2,17976.2,50,17978.6,250,600,11242200
NIFTY-I.NFO,31/10/2022,09:25:07,17977.9,17977.9,50,17978.85,200,100,11242200
NIFTY-I.NFO,31/10/2022,09:25:08,17978.95,17978.4,50,17978.95,100,950,11242200
NIFTY-I.NFO,31/10/2022,09:25:09,17977.95,17977.9,50,17977.95,50,100,11242200
NIFTY-I.NFO,31/10/2022,09:25:10,17977.95,17977,250,17978,300,700,11242200
NIFTY-I.NFO,31/10/2022,09:25:12,17978,17977,250,17977.9,50,400,11242200
NIFTY-I.NFO,31/10/2022,09:25:12,17978,17977,300,17977.9,100,0,11242200
NIFTY-I.NFO,31/10/2022,09:25:13,17977.9,17977.05,150,17977.9,200,100,11242200
NIFTY-I.NFO,31/10/2022,09:25:14,17977.7,17977.4,50,17978.4,50,450,11242200
NIFTY-I.NFO,31/10/2022,09:25:15,17978.65,17978.5,450,17978.95,50,450,11242200
NIFTY-I.NFO,31/10/2022,09:25:17,17978.5,17978.5,650,17979.95,200,1300,11242200
NIFTY-I.NFO,31/10/2022,09:25:17,17978.5,17978.5,650,17979.95,200,0,11242200
NIFTY-I.NFO,31/10/2022,09:25:18,17978.5,17978.5,500,17979.95,100,250,11242200
NIFTY-I.NFO,31/10/2022,09:25:19,17977.6,17978.25,200,17979.95,50,600,11242200
NIFTY-I.NFO,31/10/2022,09:25:20,17979.95,17978.4,100,17979.9,200,100,11242200
NIFTY-I.NFO,31/10/2022,09:25:22,17979,17979,500,17979.9,250,50,11242200
NIFTY-I.NFO,31/10/2022,09:25:22,17979,17979,450,17979.9,250,50,11242200
NIFTY-I.NFO,31/10/2022,09:25:23,17979,17979,350,17979.9,200,100,11242200
NIFTY-I.NFO,31/10/2022,09:25:24,17979.9,17977.7,200,17978.5,350,1250,11242200
NIFTY-I.NFO,31/10/2022,09:25:25,17978.45,17977.7,200,17978.5,100,500,11242200
NIFTY-I.NFO,31/10/2022,09:25:27,17977.7,17977.65,100,17979,50,250,11242200
NIFTY-I.NFO,31/10/2022,09:25:27,17979,17977.65,50,17979.65,100,100,11242200
NIFTY-I.NFO,31/10/2022,09:25:28,17978,17977.7,100,17978,150,150,11242200
NIFTY-I.NFO,31/10/2022,09:25:29,17977.7,17977.6,50,17978,150,50,11242200
NIFTY-I.NFO,31/10/2022,09:25:30,17977,17977,300,17978,550,150,11242200
NIFTY-I.NFO,31/10/2022,09:25:32,17976,17975.7,50,17977.65,100,300,11242200
NIFTY-I.NFO,31/10/2022,09:25:32,17976,17975.7,50,17977.65,100,0,11242200
NIFTY-I.NFO,31/10/2022,09:25:33,17977.2,17975.1,100,17977.2,200,150,11242200
NIFTY-I.NFO,31/10/2022,09:25:34,17977.2,17974.95,100,17977.3,600,1450,11242200
NIFTY-I.NFO,31/10/2022,09:25:35,17977.2,17976.05,200,17977.65,200,100,11242200
NIFTY-I.NFO,31/10/2022,09:25:36,17977.7,17977.55,50,17977.7,2750,300,11242200
NIFTY-I.NFO,31/10/2022,09:25:38,17977.7,17977.65,100,17978,300,2850,11242200
NIFTY-I.NFO,31/10/2022,09:25:38,17979.9,17979.9,3000,17979.95,150,1000,11242200
NIFTY-I.NFO,31/10/2022,09:25:39,17979.95,17979.9,2500,17979.95,300,550,11242200
NIFTY-I.NFO,31/10/2022,09:25:40,17979.9,17979.9,2250,17979.95,200,350,11242200
NIFTY-I.NFO,31/10/2022,09:25:41,17979.9,17979.9,2050,17979.95,200,200,11242200
NIFTY-I.NFO,31/10/2022,09:25:42,17979.95,17979.9,2050,17979.95,150,50,11242200
NIFTY-I.NFO,31/10/2022,09:25:44,17979.95,17979.9,2050,17979.95,150,0,11242200
NIFTY-I.NFO,31/10/2022,09:25:45,17979.9,17979.9,2000,17980,5450,200,11242200
NIFTY-I.NFO,31/10/2022,09:25:46,17980,17979.95,100,17980,5700,100,11242200
NIFTY-I.NFO,31/10/2022,09:25:47,17980,17979.95,50,17980,4650,1150,11242200
NIFTY-I.NFO,31/10/2022,09:25:48,17979.9,17979.9,1850,17979.95,50,250,11242200
NIFTY-I.NFO,31/10/2022,09:25:50,17979.9,17979.9,1350,17979.95,50,550,11242200
NIFTY-I.NFO,31/10/2022,09:25:50,17979.9,17979.9,1350,17979.95,50,0,11242200
NIFTY-I.NFO,31/10/2022,09:25:51,17979.5,17977.25,150,17979.9,150,1700,11242200
NIFTY-I.NFO,31/10/2022,09:25:52,17979.5,17977.35,50,17979.85,50,0,11242200
NIFTY-I.NFO,31/10/2022,09:25:53,17979.75,17977.25,150,17979.8,150,100,11242200
NIFTY-I.NFO,31/10/2022,09:25:55,17979.9,17979.65,50,17979.95,100,650,11242200
NIFTY-I.NFO,31/10/2022,09:25:56,17980,17979.8,550,17980,4700,450,11242200
NIFTY-I.NFO,31/10/2022,09:25:56,17980,17979.8,550,17979.95,100,0,11242200
NIFTY-I.NFO,31/10/2022,09:25:57,17979.95,17979.8,500,17980,6800,150,11242200
NIFTY-I.NFO,31/10/2022,09:25:58,17979.8,17979.8,350,17979.95,200,250,11242200
NIFTY-I.NFO,31/10/2022,09:26:00,17977.2,17977.2,50,17979.75,50,700,11242200
NIFTY-I.NFO,31/10/2022,09:26:01,17979.95,17979.95,250,17980,6650,400,11242200
NIFTY-I.NFO,31/10/2022,09:26:02,17977.7,17978.05,200,17979.95,50,700,11242200
NIFTY-I.NFO,31/10/2022,09:26:02,17977.7,17978.1,50,17979.95,50,0,11242200
NIFTY-I.NFO,31/10/2022,09:26:03,17977.7,17978.05,50,17979.9,50,0,11242200
NIFTY-I.NFO,31/10/2022,09:26:04,17977.85,17978.75,50,17979.9,50,100,11242200
NIFTY-I.NFO,31/10/2022,09:26:06,17977.85,17978.75,50,17979.9,50,0,11242200
NIFTY-I.NFO,31/10/2022,09:26:07,17978.75,17978.65,450,17979.95,200,150,11242200
NIFTY-I.NFO,31/10/2022,09:26:08,17979.95,17978.65,300,17980,6900,350,11242200
NIFTY-I.NFO,31/10/2022,09:26:08,17979.95,17979.95,100,17980,6950,0,11242200
NIFTY-I.NFO,31/10/2022,09:26:09,17979.95,17979.85,50,17979.95,50,450,11242200
NIFTY-I.NFO,31/10/2022,09:26:10,17979.9,17978.75,50,17979.95,2000,300,11242200
NIFTY-I.NFO,31/10/2022,09:26:12,17978,17978,50,17980,7800,100,11242200
NIFTY-I.NFO,31/10/2022,09:26:13,17978.75,17977.75,100,17978.75,1800,200,11242200
NIFTY-I.NFO,31/10/2022,09:26:14,17978.75,17977.8,450,17978.75,1700,300,11242200
NIFTY-I.NFO,31/10/2022,09:26:14,17978.75,17978.05,100,17978.75,1700,0,11242200
NIFTY-I.NFO,31/10/2022,09:26:15,17978.55,17978.55,100,17979.85,100,1850,11242200
NIFTY-I.NFO,31/10/2022,09:26:16,17978.3,17978.3,50,17979.85,200,200,11242200
NIFTY-I.NFO,31/10/2022,09:26:18,17978.05,17977.7,500,17979.7,200,350,11242200
NIFTY-I.NFO,31/10/2022,09:26:18,17977.7,17977.7,450,17979.5,50,100,11242200
NIFTY-I.NFO,31/10/2022,09:26:20,17978,17977.95,100,17979,50,250,11242200
NIFTY-I.NFO,31/10/2022,09:26:21,17978.5,17977.9,200,17978.75,50,100,11242200
NIFTY-I.NFO,31/10/2022,09:26:21,17980,17978.05,50,17980,5400,2800,11242200
NIFTY-I.NFO,31/10/2022,09:26:22,17977.9,17977.7,1000,17978.75,50,100,11262800
NIFTY-I.NFO,31/10/2022,09:26:23,17980,17978.6,100,17980,3250,2200,11262800
NIFTY-I.NFO,31/10/2022,09:26:25,17981,17980.95,100,17981,150,3900,11262800
NIFTY-I.NFO,31/10/2022,09:26:26,17980.95,17979.9,150,17981,100,700,11262800
NIFTY-I.NFO,31/10/2022,09:26:26,17980.95,17979.95,50,17981,100,0,11262800
NIFTY-I.NFO,31/10/2022,09:26:27,17981,17980.25,150,17981.7,50,250,11262800
NIFTY-I.NFO,31/10/2022,09:26:28,17980.2,17980.2,500,17981.7,50,750,11262800
NIFTY-I.NFO,31/10/2022,09:26:29,17981,17980.8,1100,17981.7,50,100,11262800
NIFTY-I.NFO,31/10/2022,09:26:31,17980.8,17980.8,950,17981,50,200,11262800
NIFTY-I.NFO,31/10/2022,09:26:32,17980.8,17980.9,50,17980.95,50,50,11262800
NIFTY-I.NFO,31/10/2022,09:26:32,17980.8,17980.9,50,17980.95,50,0,11262800
NIFTY-I.NFO,31/10/2022,09:26:33,17980.8,17980.8,850,17981.95,50,850,11262800
NIFTY-I.NFO,31/10/2022,09:26:34,17981,17980.75,50,17981.7,50,850,11262800
NIFTY-I.NFO,31/10/2022,09:26:36,17981,17981,150,17981.95,50,350,11262800
NIFTY-I.NFO,31/10/2022,09:26:37,17980.75,17980.75,50,17981.7,50,400,11262800
NIFTY-I.NFO,31/10/2022,09:26:37,17980.75,17980.75,50,17981.7,50,0,11262800
NIFTY-I.NFO,31/10/2022,09:26:38,17981.5,17981,50,17981.7,50,1800,11262800
NIFTY-I.NFO,31/10/2022,09:26:39,17981.5,17981.5,50,17982.4,50,2000,11262800
NIFTY-I.NFO,31/10/2022,09:26:41,17983,17981.25,350,17983.3,50,850,11262800
NIFTY-I.NFO,31/10/2022,09:26:42,17982.1,17981.35,150,17983.3,50,1100,11262800
NIFTY-I.NFO,31/10/2022,09:26:43,17981.3,17981.3,150,17983.3,100,150,11262800
NIFTY-I.NFO,31/10/2022,09:26:43,17981.35,17981.6,50,17982,500,500,11262800
NIFTY-I.NFO,31/10/2022,09:26:44,17981,17981.1,50,17982,500,150,11262800
NIFTY-I.NFO,31/10/2022,09:26:45,17981,17981,200,17981.35,400,250,11262800
NIFTY-I.NFO,31/10/2022,09:26:47,17981,17980.8,450,17981.5,350,750,11262800
NIFTY-I.NFO,31/10/2022,09:26:48,17981,17980.8,450,17981.35,50,50,11262800
NIFTY-I.NFO,31/10/2022,09:26:49,17981.5,17981.2,50,17981.5,200,250,11262800
NIFTY-I.NFO,31/10/2022,09:26:49,17981.5,17981.2,50,17981.5,200,0,11262800
NIFTY-I.NFO,31/10/2022,09:26:50,17982,17981.6,50,17982,500,800,11262800
NIFTY-I.NFO,31/10/2022,09:26:51,17982,17981.6,100,17982.4,50,1050,11262800
NIFTY-I.NFO,31/10/2022,09:26:53,17981.65,17981.65,100,17983,500,350,11262800
NIFTY-I.NFO,31/10/2022,09:26:54,17983,17982.6,50,17983,350,200,11262800
NIFTY-I.NFO,31/10/2022,09:26:54,17983,17982.6,50,17983,350,0,11262800
NIFTY-I.NFO,31/10/2022,09:26:55,17982,17981.5,50,17983,350,900,11262800
NIFTY-I.NFO,31/10/2022,09:26:56,17983,17982.1,50,17983,300,50,11262800
NIFTY-I.NFO,31/10/2022,09:26:58,17982.1,17982.1,50,17983,400,250,11262800
NIFTY-I.NFO,31/10/2022,09:26:59,17983,17982.1,50,17983,300,1100,11262800
NIFTY-I.NFO,31/10/2022,09:26:59,17983,17982.1,50,17983,300,0,11262800
NIFTY-I.NFO,31/10/2022,09:27:00,17983.6,17981.8,550,17983.6,150,550,11262800
NIFTY-I.NFO,31/10/2022,09:27:01,17982.3,17983,150,17983.6,100,300,11262800
NIFTY-I.NFO,31/10/2022,09:27:03,17983,17983,50,17984,350,350,11262800
NIFTY-I.NFO,31/10/2022,09:27:04,17982.45,17982.35,100,17984.35,50,1300,11262800
NIFTY-I.NFO,31/10/2022,09:27:04,17982.4,17982.35,100,17984.35,50,50,11262800
NIFTY-I.NFO,31/10/2022,09:27:05,17982,17983.6,100,17984.3,50,600,11262800
NIFTY-I.NFO,31/10/2022,09:27:06,17982,17982,150,17984.35,50,300,11262800
NIFTY-I.NFO,31/10/2022,09:27:08,17983,17982,200,17984.6,50,500,11262800
NIFTY-I.NFO,31/10/2022,09:27:08,17982,17982.55,100,17984.7,500,100,11262800
NIFTY-I.NFO,31/10/2022,09:27:09,17984.7,17982.5,250,17984.7,400,300,11262800
NIFTY-I.NFO,31/10/2022,09:27:10,17982.45,17982.45,50,17984.7,300,250,11262800
NIFTY-I.NFO,31/10/2022,09:27:11,17983,17983,50,17984.7,250,400,11262800
NIFTY-I.NFO,31/10/2022,09:27:12,17983,17983,150,17984.7,300,0,11262800
NIFTY-I.NFO,31/10/2022,09:27:13,17983,17982.95,100,17984.7,250,200,11262800
NIFTY-I.NFO,31/10/2022,09:27:14,17984.7,17982.95,100,17984.7,150,100,11262800
NIFTY-I.NFO,31/10/2022,09:27:15,17984.9,17983.05,500,17984.9,50,550,11262800
NIFTY-I.NFO,31/10/2022,09:27:16,17984,17984.1,50,17984.9,50,50,11262800
NIFTY-I.NFO,31/10/2022,09:27:17,17984.95,17984.7,50,17984.95,100,1250,11262800
NIFTY-I.NFO,31/10/2022,09:27:18,17984,17983.65,200,17984.95,100,50,11262800
NIFTY-I.NFO,31/10/2022,09:27:19,17985,17984.2,50,17984.7,50,250,11262800
NIFTY-I.NFO,31/10/2022,09:27:21,17988.2,17985.5,300,17988.2,50,11900,11262800
NIFTY-I.NFO,31/10/2022,09:27:21,17988.3,17985.5,300,17988.2,50,0,11262800
NIFTY-I.NFO,31/10/2022,09:27:22,17985.95,17985.95,50,17988.45,150,2950,11262800
NIFTY-I.NFO,31/10/2022,09:27:22,17988.55,17985.95,50,17988.45,150,0,11262800
NIFTY-I.NFO,31/10/2022,09:27:22,17985.95,17987.75,350,17988.15,250,0,11262800
NIFTY-I.NFO,31/10/2022,09:27:23,17987.8,17987.75,300,17988.7,250,650,11262800
NIFTY-I.NFO,31/10/2022,09:27:23,17988.6,17987.75,300,17988.7,250,0,11262800
NIFTY-I.NFO,31/10/2022,09:27:24,17987.75,17987.75,100,17988.85,150,700,11262800
NIFTY-I.NFO,31/10/2022,09:27:24,17988.85,17987.75,100,17988.85,150,0,11262800
NIFTY-I.NFO,31/10/2022,09:27:26,17988.9,17988,500,17988.9,100,1000,11262800
NIFTY-I.NFO,31/10/2022,09:27:26,17988.9,17988,500,17988.9,100,0,11262800
NIFTY-I.NFO,31/10/2022,09:27:27,17989,17988.05,100,17989,1050,900,11262800
NIFTY-I.NFO,31/10/2022,09:27:27,17989,17988.05,100,17989,1050,0,11262800
NIFTY-I.NFO,31/10/2022,09:27:27,17988,17986.7,50,17987.75,450,550,11262800
NIFTY-I.NFO,31/10/2022,09:27:28,17989,17987.55,100,17989,750,1000,11262800
NIFTY-I.NFO,31/10/2022,09:27:30,17989.9,17989.25,100,17989.95,600,2000,11262800
NIFTY-I.NFO,31/10/2022,09:27:30,17989.9,17989.25,100,17989.95,600,0,11262800
NIFTY-I.NFO,31/10/2022,09:27:31,17988,17988.15,50,17989.95,750,450,11262800
NIFTY-I.NFO,31/10/2022,09:27:31,17989.95,17988.15,50,17989.95,750,0,11262800
NIFTY-I.NFO,31/10/2022,09:27:31,17989.95,17988.4,50,17989.35,50,100,11262800
NIFTY-I.NFO,31/10/2022,09:27:32,17989.95,17988.45,100,17989.95,550,200,11262800
NIFTY-I.NFO,31/10/2022,09:27:33,17989.35,17989.35,650,17990,5100,2950,11262800
NIFTY-I.NFO,31/10/2022,09:27:33,17990,17989.35,650,17990,5100,0,11262800
NIFTY-I.NFO,31/10/2022,09:27:35,17989.35,17989.35,400,17990,5100,300,11262800
NIFTY-I.NFO,31/10/2022,09:27:36,17990,17989,150,17990,4750,650,11262800
NIFTY-I.NFO,31/10/2022,09:27:36,17990,17989,150,17990,4750,0,11262800
NIFTY-I.NFO,31/10/2022,09:27:37,17989,17989,50,17990,4500,350,11262800
NIFTY-I.NFO,31/10/2022,09:27:38,17989,17988.55,50,17989.35,50,50,11262800
NIFTY-I.NFO,31/10/2022,09:27:39,17989.45,17989,100,17989.85,50,550,11262800
NIFTY-I.NFO,31/10/2022,09:27:41,17989,17988.45,100,17989.5,250,500,11262800
NIFTY-I.NFO,31/10/2022,09:27:42,17989.5,17988.45,100,17989.6,150,50,11262800
NIFTY-I.NFO,31/10/2022,09:27:42,17989.85,17988.15,50,17989.55,250,1100,11262800
NIFTY-I.NFO,31/10/2022,09:27:43,17989.85,17988,200,17988.45,50,400,11262800
NIFTY-I.NFO,31/10/2022,09:27:44,17988.45,17987.4,500,17988.45,50,1500,11262800
NIFTY-I.NFO,31/10/2022,09:27:45,17988.3,17988.3,700,17989.85,250,600,11262800
NIFTY-I.NFO,31/10/2022,09:27:47,17988.3,17988.3,650,17988.55,200,250,11262800
NIFTY-I.NFO,31/10/2022,09:27:48,17986.75,17986,100,17986.75,150,1200,11262800
NIFTY-I.NFO,31/10/2022,09:27:48,17986.75,17986,100,17986.75,150,0,11262800
NIFTY-I.NFO,31/10/2022,09:27:49,17985,17985,350,17986.4,200,950,11262800
NIFTY-I.NFO,31/10/2022,09:27:50,17985,17985,50,17986.1,150,400,11262800
NIFTY-I.NFO,31/10/2022,09:27:51,17985,17984.7,50,17987,150,650,11262800
NIFTY-I.NFO,31/10/2022,09:27:53,17987,17986.4,100,17988.25,200,400,11262800
NIFTY-I.NFO,31/10/2022,09:27:54,17987.3,17987.3,150,17988.9,200,1350,11262800
NIFTY-I.NFO,31/10/2022,09:27:54,17988.9,17987.55,100,17988.95,100,50,11262800
NIFTY-I.NFO,31/10/2022,09:27:55,17989,17988.1,50,17989.65,100,350,11262800
NIFTY-I.NFO,31/10/2022,09:27:56,17988.9,17987.85,150,17989,50,200,11262800
NIFTY-I.NFO,31/10/2022,09:27:57,17988.15,17988.8,50,17989.85,50,200,11262800
NIFTY-I.NFO,31/10/2022,09:27:59,17989.4,17989.4,50,17990,3700,2650,11262800
NIFTY-I.NFO,31/10/2022,09:28:00,17991,17990.9,50,17991,1250,5650,11262800
NIFTY-I.NFO,31/10/2022,09:28:00,17991,17990.9,50,17991,1250,0,11262800
NIFTY-I.NFO,31/10/2022,09:28:00,17992,17990.95,150,17992,950,1500,11262800
NIFTY-I.NFO,31/10/2022,09:28:00,17992,17990.95,150,17992,950,0,11262800
NIFTY-I.NFO,31/10/2022,09:28:01,17992.8,17992.8,200,17993.05,50,5000,11262800
NIFTY-I.NFO,31/10/2022,09:28:01,17993,17992.8,200,17993.05,50,0,11262800
NIFTY-I.NFO,31/10/2022,09:28:02,17992.55,17992.35,100,17993.95,200,1400,11262800
NIFTY-I.NFO,31/10/2022,09:28:02,17994,17992.35,100,17993.95,200,0,11262800
NIFTY-I.NFO,31/10/2022,09:28:03,17994,17992.7,100,17994,500,700,11262800
NIFTY-I.NFO,31/10/2022,09:28:05,17992.7,17991.9,50,17992.7,100,350,11262800
NIFTY-I.NFO,31/10/2022,09:28:06,17992.7,17992.1,50,17992.7,50,200,11262800
NIFTY-I.NFO,31/10/2022,09:28:06,17993.95,17992.15,100,17994,500,200,11262800
NIFTY-I.NFO,31/10/2022,09:28:07,17993,17993,350,17993.85,100,300,11262800
NIFTY-I.NFO,31/10/2022,09:28:08,17993,17993,200,17994,400,450,11262800
NIFTY-I.NFO,31/10/2022,09:28:09,17993,17993,200,17993.95,100,0,11262800
NIFTY-I.NFO,31/10/2022,09:28:10,17992,17992,250,17993,200,700,11262800
NIFTY-I.NFO,31/10/2022,09:28:12,17993.35,17992,200,17993.35,50,550,11262800
NIFTY-I.NFO,31/10/2022,09:28:13,17993.9,17992.7,50,17993.85,50,400,11262800
NIFTY-I.NFO,31/10/2022,09:28:13,17993.85,17992.7,50,17993.85,350,50,11262800
NIFTY-I.NFO,31/10/2022,09:28:14,17993,17991.95,50,17993.9,200,700,11262800
NIFTY-I.NFO,31/10/2022,09:28:15,17993,17991.65,450,17993,50,400,11262800
NIFTY-I.NFO,31/10/2022,09:28:17,17992,17990.65,100,17991.95,50,1300,11262800
NIFTY-I.NFO,31/10/2022,09:28:18,17993,17993,50,17993.45,150,200,11262800
NIFTY-I.NFO,31/10/2022,09:28:19,17990.1,17990,500,17991.75,100,300,11262800
NIFTY-I.NFO,31/10/2022,09:28:19,17991.75,17990,700,17991.75,50,50,11262800
NIFTY-I.NFO,31/10/2022,09:28:20,17990,17990,500,17991.95,150,300,11262800
NIFTY-I.NFO,31/10/2022,09:28:22,17991.85,17990,400,17991.85,200,300,11262800
NIFTY-I.NFO,31/10/2022,09:28:23,17990.65,17990.65,50,17991.95,50,650,11262800
NIFTY-I.NFO,31/10/2022,09:28:24,17991.95,17990.5,100,17991.95,200,50,11262800
NIFTY-I.NFO,31/10/2022,09:28:24,17991.95,17990.5,100,17991.95,200,0,11262800
NIFTY-I.NFO,31/10/2022,09:28:25,17991.75,17991.05,50,17992,50,300,11262800
NIFTY-I.NFO,31/10/2022,09:28:27,17991,17991,350,17992,50,150,11262800
NIFTY-I.NFO,31/10/2022,09:28:28,17992.95,17991.85,50,17992.95,100,150,11262800
NIFTY-I.NFO,31/10/2022,09:28:29,17991,17991,300,17991.8,100,250,11262800
NIFTY-I.NFO,31/10/2022,09:28:29,17991.8,17991,300,17991.8,50,50,11262800
NIFTY-I.NFO,31/10/2022,09:28:30,17990.9,17990.9,450,17991,50,400,11262800
NIFTY-I.NFO,31/10/2022,09:28:32,17990.9,17990.9,400,17991.4,500,150,11262800
NIFTY-I.NFO,31/10/2022,09:28:33,17991.4,17991.4,50,17991.8,200,50,11262800
NIFTY-I.NFO,31/10/2022,09:28:34,17991.8,17990.65,50,17991.8,400,700,11262800
NIFTY-I.NFO,31/10/2022,09:28:34,17991.8,17990.65,50,17991,50,0,11262800
NIFTY-I.NFO,31/10/2022,09:28:35,17991.8,17991.1,300,17991.75,200,500,11262800
NIFTY-I.NFO,31/10/2022,09:28:37,17991.75,17991.4,50,17991.75,150,100,11262800
NIFTY-I.NFO,31/10/2022,09:28:38,17992,17991.5,250,17992,350,350,11262800
NIFTY-I.NFO,31/10/2022,09:28:39,17993.95,17992.65,150,17993.95,200,1200,11262800
NIFTY-I.NFO,31/10/2022,09:28:39,17993.95,17992.65,150,17993.95,150,50,11262800
NIFTY-I.NFO,31/10/2022,09:28:40,17993.2,17993.2,50,17993.95,200,350,11262800
NIFTY-I.NFO,31/10/2022,09:28:42,17993.95,17992.4,100,17993.95,50,600,11262800
NIFTY-I.NFO,31/10/2022,09:28:43,17993.15,17993.1,450,17994.95,400,5300,11262800
NIFTY-I.NFO,31/10/2022,09:28:43,17995,17993.1,450,17994.95,400,0,11262800
NIFTY-I.NFO,31/10/2022,09:28:44,17994.95,17993.1,300,17995,1550,3850,11262800
NIFTY-I.NFO,31/10/2022,09:28:44,17995.5,17993.7,150,17995.45,200,2450,11262800
NIFTY-I.NFO,31/10/2022,09:28:44,17995.5,17993.7,150,17995.45,200,0,11262800
NIFTY-I.NFO,31/10/2022,09:28:45,17995.4,17994.3,200,17996.65,200,6150,11262800
NIFTY-I.NFO,31/10/2022,09:28:45,17996.8,17994.3,200,17996.65,200,0,11262800
NIFTY-I.NFO,31/10/2022,09:28:47,17994.95,17994.35,50,17994.95,50,800,11262800
NIFTY-I.NFO,31/10/2022,09:28:48,17994,17994,50,17995,400,1650,11262800
NIFTY-I.NFO,31/10/2022,09:28:49,17994.95,17994.05,200,17995,400,850,11262800
NIFTY-I.NFO,31/10/2022,09:28:49,17994.95,17994.05,200,17994.95,200,0,11262800
NIFTY-I.NFO,31/10/2022,09:28:50,17994.05,17994.05,50,17995,450,350,11262800
NIFTY-I.NFO,31/10/2022,09:28:51,17994.05,17994,50,17994.3,200,100,11262800
NIFTY-I.NFO,31/10/2022,09:28:53,17995,17994.65,500,17996,500,950,11262800
NIFTY-I.NFO,31/10/2022,09:28:54,17995,17995.1,150,17996.7,100,850,11262800
NIFTY-I.NFO,31/10/2022,09:28:55,17996.9,17996.45,50,17997.9,250,2950,11262800
NIFTY-I.NFO,31/10/2022,09:28:55,17997.9,17996.45,50,17997.9,250,0,11262800
NIFTY-I.NFO,31/10/2022,09:28:55,17998,17997.9,350,17998,1200,3000,11262800
NIFTY-I.NFO,31/10/2022,09:28:55,17998,17997.9,350,17998,1200,0,11262800
NIFTY-I.NFO,31/10/2022,09:28:56,17997.75,17996,50,17997.75,100,1800,11262800
NIFTY-I.NFO,31/10/2022,09:28:58,17998,17996.65,200,17998.55,200,3300,11262800
NIFTY-I.NFO,31/10/2022,09:28:58,17998.6,17996.65,200,17998.55,200,0,11262800
NIFTY-I.NFO,31/10/2022,09:28:59,17998.55,17996.65,50,17998.55,150,650,11262800
NIFTY-I.NFO,31/10/2022,09:29:00,17997.3,17997.8,150,17998.55,100,350,11262800
NIFTY-I.NFO,31/10/2022,09:29:00,17998.6,17998.2,150,17998.6,450,200,11262800
NIFTY-I.NFO,31/10/2022,09:29:01,17998.95,17998.55,350,17998.95,50,1300,11262800
NIFTY-I.NFO,31/10/2022,09:29:01,17998.95,17998.55,350,17998.95,50,0,11262800
NIFTY-I.NFO,31/10/2022,09:29:03,17999,17998.55,250,17999,5300,2350,11262800
NIFTY-I.NFO,31/10/2022,09:29:03,17999,17998.55,250,17999,5300,0,11262800
NIFTY-I.NFO,31/10/2022,09:29:04,17999,17998.4,50,17999,4850,1100,11262800
NIFTY-I.NFO,31/10/2022,09:29:05,17999,17998.9,50,17999,4900,750,11262800
NIFTY-I.NFO,31/10/2022,09:29:06,17997.85,17997,50,17997.85,200,700,11262800
NIFTY-I.NFO,31/10/2022,09:29:06,17997.85,17997,50,17997.9,100,200,11262800
NIFTY-I.NFO,31/10/2022,09:29:07,17997.85,17997.85,700,17998.95,200,1700,11262800
NIFTY-I.NFO,31/10/2022,09:29:08,17998.55,17996.05,300,17998.45,250,1000,11262800
NIFTY-I.NFO,31/10/2022,09:29:10,17997.85,17995.9,150,17997.8,100,450,11262800
NIFTY-I.NFO,31/10/2022,09:29:11,17996.95,17995,350,17997,50,650,11262800
NIFTY-I.NFO,31/10/2022,09:29:12,17996.95,17995.05,50,17996.95,50,850,11262800
NIFTY-I.NFO,31/10/2022,09:29:12,17996.95,17995.05,200,17996.95,200,0,11262800
NIFTY-I.NFO,31/10/2022,09:29:13,17997.85,17995.25,150,17997.8,200,750,11262800
NIFTY-I.NFO,31/10/2022,09:29:14,17997.8,17996.1,150,17997.8,100,350,11262800
NIFTY-I.NFO,31/10/2022,09:29:16,17996.95,17995.3,50,17996.8,50,50,11262800
NIFTY-I.NFO,31/10/2022,09:29:17,17996.95,17995,450,17996.95,200,1050,11262800
NIFTY-I.NFO,31/10/2022,09:29:18,17997,17995,600,17996.95,350,300,11262800
NIFTY-I.NFO,31/10/2022,09:29:18,17996.95,17995.05,50,17996.95,100,100,11262800
NIFTY-I.NFO,31/10/2022,09:29:19,17996.95,17995.3,250,17996.95,150,550,11262800
NIFTY-I.NFO,31/10/2022,09:29:21,17996.95,17995.35,50,17996.95,50,1000,11262800
NIFTY-I.NFO,31/10/2022,09:29:22,17996.95,17995.35,50,17997,200,350,11262800
NIFTY-I.NFO,31/10/2022,09:29:23,17997,17995.25,50,17997,650,300,11312250
NIFTY-I.NFO,31/10/2022,09:29:23,17997,17997,200,17997.85,200,850,11312250
NIFTY-I.NFO,31/10/2022,09:29:24,17997.6,17997,200,17997.8,200,50,11312250
NIFTY-I.NFO,31/10/2022,09:29:26,17996.95,17996.95,150,17997,50,2650,11312250
NIFTY-I.NFO,31/10/2022,09:29:27,17996.45,17995.7,100,17996.5,100,1400,11312250
NIFTY-I.NFO,31/10/2022,09:29:28,17996.1,17996.15,200,17997.95,200,250,11312250
NIFTY-I.NFO,31/10/2022,09:29:28,17996.05,17996.25,100,17997.95,200,500,11312250
NIFTY-I.NFO,31/10/2022,09:29:29,17996.85,17996.8,100,17997.55,200,350,11312250
NIFTY-I.NFO,31/10/2022,09:29:31,17997.95,17997.8,100,17997.95,100,550,11312250
NIFTY-I.NFO,31/10/2022,09:29:32,17998,17998,1000,17998.35,150,1250,11312250
NIFTY-I.NFO,31/10/2022,09:29:33,17997.85,17997.05,100,17998.35,100,1100,11312250
NIFTY-I.NFO,31/10/2022,09:29:33,17997.05,17996.9,100,17998.35,100,50,11312250
NIFTY-I.NFO,31/10/2022,09:29:34,17996.8,17996.65,100,17998,150,350,11312250
NIFTY-I.NFO,31/10/2022,09:29:36,17997.05,17997.15,100,17998.5,50,300,11312250
NIFTY-I.NFO,31/10/2022,09:29:37,17998.5,17997.35,100,17997.95,200,150,11312250
NIFTY-I.NFO,31/10/2022,09:29:38,17997.15,17997.3,100,17998.5,200,2300,11312250
NIFTY-I.NFO,31/10/2022,09:29:38,17998.5,17997.25,300,17998.5,150,50,11312250
NIFTY-I.NFO,31/10/2022,09:29:39,17998,17997.3,100,17998,200,200,11312250
NIFTY-I.NFO,31/10/2022,09:29:41,17998,17998,1250,17998.8,100,900,11312250
NIFTY-I.NFO,31/10/2022,09:29:42,17998,17998,1200,17998.8,100,300,11312250
NIFTY-I.NFO,31/10/2022,09:29:43,17998.1,17998.05,100,17998.8,50,900,11312250
NIFTY-I.NFO,31/10/2022,09:29:43,17998.1,17998.1,150,17998.8,50,100,11312250
NIFTY-I.NFO,31/10/2022,09:29:44,17998.4,17998.4,50,17998.9,200,450,11312250
NIFTY-I.NFO,31/10/2022,09:29:46,17998,17998,500,17998.35,200,250,11312250
NIFTY-I.NFO,31/10/2022,09:29:47,17998,17998,350,17998.35,150,250,11312250
NIFTY-I.NFO,31/10/2022,09:29:48,17998,17997.7,500,17998,100,350,11312250
NIFTY-I.NFO,31/10/2022,09:29:48,17998.05,17997.9,150,17998,200,200,11312250
NIFTY-I.NFO,31/10/2022,09:29:49,17998.7,17998.9,50,17999,6550,1800,11312250
NIFTY-I.NFO,31/10/2022,09:29:51,17999.95,17999.75,50,17999.95,1900,9150,11312250
NIFTY-I.NFO,31/10/2022,09:29:51,17999.95,17999.75,50,17999.95,1900,0,11312250
NIFTY-I.NFO,31/10/2022,09:29:52,17999.8,17999.8,50,17999.95,1600,550,11312250
NIFTY-I.NFO,31/10/2022,09:29:53,17998.6,17998.6,150,17999.95,1350,1150,11312250
NIFTY-I.NFO,31/10/2022,09:29:54,17999.95,17998.6,50,17999.95,1300,150,11312250
NIFTY-I.NFO,31/10/2022,09:29:54,17998.9,17998.9,50,17999.95,1300,50,11312250
NIFTY-I.NFO,31/10/2022,09:29:55,17998,17998,450,17998.85,200,350,11312250
NIFTY-I.NFO,31/10/2022,09:29:57,17998.05,17998.2,100,17998.85,200,50,11312250
NIFTY-I.NFO,31/10/2022,09:29:58,17999,17998,550,17999,350,700,11312250
NIFTY-I.NFO,31/10/2022,09:29:59,17998,17998,350,17998.95,150,500,11312250
NIFTY-I.NFO,31/10/2022,09:29:59,17999.75,17998,350,17999.75,100,400,11312250
NIFTY-I.NFO,31/10/2022,09:30:00,17999.9,17999.85,150,17999.9,700,2650,11312250
NIFTY-I.NFO,31/10/2022,09:30:02,18000,17999.95,250,18000,22650,5750,11312250
NIFTY-I.NFO,31/10/2022,09:30:02,18000,17999.95,250,18000,22650,0,11312250
NIFTY-I.NFO,31/10/2022,09:30:03,18000,17999.8,350,18000,16450,6400,11312250
NIFTY-I.NFO,31/10/2022,09:30:04,18000,17999.6,100,18000,14000,2400,11312250
NIFTY-I.NFO,31/10/2022,09:30:05,18000,17999.55,100,18000,10850,4300,11312250
NIFTY-I.NFO,31/10/2022,09:30:05,18000,17999.55,100,18000,10650,200,11312250
NIFTY-I.NFO,31/10/2022,09:30:06,18000,17999.95,200,18000,950,9900,11312250
NIFTY-I.NFO,31/10/2022,09:30:08,18002.4,18000.55,400,18002.4,150,6050,11312250
NIFTY-I.NFO,31/10/2022,09:30:08,18002.4,18000.55,400,18002.4,150,0,11312250
NIFTY-I.NFO,31/10/2022,09:30:09,18000.85,18000.85,250,18003.1,350,6050,11312250
NIFTY-I.NFO,31/10/2022,09:30:09,18004.35,18000.85,250,18003.1,350,0,11312250
NIFTY-I.NFO,31/10/2022,09:30:10,18002.7,18002.7,100,18004.65,50,1650,11312250
NIFTY-I.NFO,31/10/2022,09:30:10,18004.6,18002.7,100,18004.65,50,0,11312250
NIFTY-I.NFO,31/10/2022,09:30:11,18004.95,18002.8,150,18004.95,500,2050,11312250
NIFTY-I.NFO,31/10/2022,09:30:11,18004.95,18002.8,150,18004.95,500,0,11312250
NIFTY-I.NFO,31/10/2022,09:30:12,18005.9,18003.6,200,18006,250,3000,11312250
NIFTY-I.NFO,31/10/2022,09:30:12,18005.9,18003.6,200,18006,250,0,11312250
NIFTY-I.NFO,31/10/2022,09:30:13,18002.8,18003.1,50,18005.65,150,1150,11312250
NIFTY-I.NFO,31/10/2022,09:30:13,18006,18003.1,50,18005.65,150,0,11312250
NIFTY-I.NFO,31/10/2022,09:30:14,18004.9,18004.9,200,18005.95,550,2300,11312250
NIFTY-I.NFO,31/10/2022,09:30:14,18007.1,18004.9,200,18005.95,550,0,11312250
NIFTY-I.NFO,31/10/2022,09:30:15,18003.2,18003.2,50,18005.9,100,1250,11312250
NIFTY-I.NFO,31/10/2022,09:30:16,18005,18003.15,100,18005.15,600,750,11312250
NIFTY-I.NFO,31/10/2022,09:30:17,18005.2,18003.15,100,18005.2,350,850,11312250
NIFTY-I.NFO,31/10/2022,09:30:18,18005.35,18003.2,50,18005.4,200,450,11312250
NIFTY-I.NFO,31/10/2022,09:30:18,18005.35,18003.2,50,18005.3,200,0,11312250
NIFTY-I.NFO,31/10/2022,09:30:19,18005.5,18002.95,50,18005.45,100,750,11312250
NIFTY-I.NFO,31/10/2022,09:30:21,18005.2,18005.1,50,18006.1,50,750,11312250
NIFTY-I.NFO,31/10/2022,09:30:22,18006.25,18003.6,400,18006.25,200,950,11312250
NIFTY-I.NFO,31/10/2022,09:30:23,18005,18002.95,50,18005.4,150,250,11312250
NIFTY-I.NFO,31/10/2022,09:30:23,18002.95,18002.95,50,18005.3,150,200,11312250
NIFTY-I.NFO,31/10/2022,09:30:24,18006.65,18005.65,50,18006.75,100,1650,11312250
NIFTY-I.NFO,31/10/2022,09:30:25,18005,18003.35,50,18006.15,50,700,11312250
NIFTY-I.NFO,31/10/2022,09:30:26,18005.85,18004.15,350,18005.85,50,300,11312250
NIFTY-I.NFO,31/10/2022,09:30:28,18006.35,18007.55,50,18008.55,200,9150,11312250
NIFTY-I.NFO,31/10/2022,09:30:28,18009,18007.55,50,18008.55,200,0,11312250
NIFTY-I.NFO,31/10/2022,09:30:29,18008.3,18006.35,1850,18008.3,100,800,11312250
NIFTY-I.NFO,31/10/2022,09:30:30,18008.4,18006.35,1750,18008.45,100,1450,11312250
NIFTY-I.NFO,31/10/2022,09:30:31,18007.95,18006.65,50,18007.8,200,1750,11312250
NIFTY-I.NFO,31/10/2022,09:30:32,18006.85,18006.5,50,18007.4,100,1050,11312250
NIFTY-I.NFO,31/10/2022,09:30:33,18007.45,18006.75,50,18007.65,250,1600,11312250
NIFTY-I.NFO,31/10/2022,09:30:34,18006.35,18006.35,1050,18007.55,150,1100,11312250
NIFTY-I.NFO,31/10/2022,09:30:35,18006.35,18006.35,450,18007.4,150,950,11312250
NIFTY-I.NFO,31/10/2022,09:30:36,18008.05,18006.35,400,18007,50,1700,11312250
NIFTY-I.NFO,31/10/2022,09:30:37,18008.1,18007,550,18007.45,50,400,11312250
NIFTY-I.NFO,31/10/2022,09:30:37,18008.1,18007,550,18007.4,50,0,11312250
NIFTY-I.NFO,31/10/2022,09:30:39,18008.4,18007.15,100,18008.55,150,600,11312250
NIFTY-I.NFO,31/10/2022,09:30:40,18008.55,18006.8,50,18007.15,50,900,11312250
NIFTY-I.NFO,31/10/2022,09:30:41,18006.65,18006.5,50,18008,600,1200,11312250
NIFTY-I.NFO,31/10/2022,09:30:42,18006.35,18006.35,350,18007.95,1000,250,11312250
NIFTY-I.NFO,31/10/2022,09:30:42,18006.35,18006.35,350,18007.95,300,0,11312250
NIFTY-I.NFO,31/10/2022,09:30:44,18006.35,18006.35,200,18007.85,200,1850,11312250
NIFTY-I.NFO,31/10/2022,09:30:45,18006.35,18006.65,450,18007.9,200,1200,11312250
NIFTY-I.NFO,31/10/2022,09:30:46,18006.35,18006.35,100,18007.9,100,1250,11312250
NIFTY-I.NFO,31/10/2022,09:30:47,18008,18007,100,18007.9,350,1150,11312250
NIFTY-I.NFO,31/10/2022,09:30:48,18007.1,18007.1,50,18007.9,100,350,11312250
NIFTY-I.NFO,31/10/2022,09:30:49,18007.9,18007.35,100,18008,950,150,11312250
NIFTY-I.NFO,31/10/2022,09:30:49,18007.9,18007.3,300,18007.9,400,0,11312250
NIFTY-I.NFO,31/10/2022,09:30:51,18007.3,18007.3,50,18007.9,350,250,11312250
NIFTY-I.NFO,31/10/2022,09:30:52,18007.1,18007.1,50,18007.85,300,700,11312250
NIFTY-I.NFO,31/10/2022,09:30:53,18007.85,18007.1,50,18007.85,250,100,11312250
NIFTY-I.NFO,31/10/2022,09:30:54,18007.05,18007.05,50,18007.35,50,500,11312250
NIFTY-I.NFO,31/10/2022,09:30:55,18005,18004,100,18005,1800,5300,11312250
NIFTY-I.NFO,31/10/2022,09:30:56,18003.65,18003.65,50,18005,1300,800,11312250
NIFTY-I.NFO,31/10/2022,09:30:57,18005,18003.8,50,18005,800,650,11312250
NIFTY-I.NFO,31/10/2022,09:30:57,18005,18003.9,50,18006.6,300,850,11312250
NIFTY-I.NFO,31/10/2022,09:30:59,18007.1,18004.15,300,18007.4,250,1450,11312250
NIFTY-I.NFO,31/10/2022,09:31:00,18007,18006.65,150,18007,100,950,11312250
NIFTY-I.NFO,31/10/2022,09:31:01,18006.75,18006.75,250,18007.7,50,1000,11312250
NIFTY-I.NFO,31/10/2022,09:31:02,18008.05,18007.6,150,18008.1,100,2050,11312250
NIFTY-I.NFO,31/10/2022,09:31:03,18007.55,18008.1,50,18008.8,100,650,11312250
NIFTY-I.NFO,31/10/2022,09:31:04,18008.1,18008.1,1150,18008.95,100,200,11312250
NIFTY-I.NFO,31/10/2022,09:31:05,18008.1,18008.1,800,18008.95,100,350,11312250
NIFTY-I.NFO,31/10/2022,09:31:06,18008.1,18008.1,200,18008.95,50,650,11312250
NIFTY-I.NFO,31/10/2022,09:31:07,18008.85,18008.1,50,18009,100,550,11312250
NIFTY-I.NFO,31/10/2022,09:31:08,18008,18008,550,18008.1,50,3650,11312250
NIFTY-I.NFO,31/10/2022,09:31:08,18010,18008,550,18008.1,50,0,11312250
NIFTY-I.NFO,31/10/2022,09:31:08,18008.1,18008,550,18008.1,50,100,11312250
NIFTY-I.NFO,31/10/2022,09:31:09,18006.5,18006.5,250,18007.05,50,1600,11312250
NIFTY-I.NFO,31/10/2022,09:31:11,18007,18006.5,300,18007,150,450,11312250
NIFTY-I.NFO,31/10/2022,09:31:12,18007,18005.55,50,18007,250,400,11312250
NIFTY-I.NFO,31/10/2022,09:31:13,18007,18005,150,18007.25,150,250,11312250
NIFTY-I.NFO,31/10/2022,09:31:14,18005,18005,150,18005.75,100,200,11312250
NIFTY-I.NFO,31/10/2022,09:31:15,18005,18005,50,18006.3,50,200,11312250
NIFTY-I.NFO,31/10/2022,09:31:16,18005.65,18004.35,50,18005.75,50,400,11312250
NIFTY-I.NFO,31/10/2022,09:31:17,18005,18003.05,200,18005,150,250,11312250
NIFTY-I.NFO,31/10/2022,09:31:18,18004.1,18004.55,50,18006.4,150,650,11312250
NIFTY-I.NFO,31/10/2022,09:31:19,18006.65,18004.6,350,18007.2,50,650,11312250
NIFTY-I.NFO,31/10/2022,09:31:20,18004.35,18004.15,50,18007,50,150,11312250
NIFTY-I.NFO,31/10/2022,09:31:21,18004.5,18004.25,100,18007,700,200,11312250
NIFTY-I.NFO,31/10/2022,09:31:22,18005.65,18004.05,200,18005.65,50,100,11312250
NIFTY-I.NFO,31/10/2022,09:31:23,18007,18004.7,300,18007,550,150,11312250
NIFTY-I.NFO,31/10/2022,09:31:24,18007,18005.9,200,18007,500,250,11312250
NIFTY-I.NFO,31/10/2022,09:31:25,18005.7,18005.7,250,18007,400,450,11312250
NIFTY-I.NFO,31/10/2022,09:31:26,18007.25,18006.6,150,18008,1300,500,11312250
NIFTY-I.NFO,31/10/2022,09:31:27,18006.6,18006.55,50,18008,1300,50,11312250
NIFTY-I.NFO,31/10/2022,09:31:28,18005.65,18007,50,18008,1300,950,11312250
NIFTY-I.NFO,31/10/2022,09:31:29,18008,18005.2,50,18007.25,50,900,11312250
NIFTY-I.NFO,31/10/2022,09:31:30,18007.6,18005.2,100,18008,700,550,11312250
NIFTY-I.NFO,31/10/2022,09:31:31,18005.95,18007,50,18008,550,150,11312250
NIFTY-I.NFO,31/10/2022,09:31:32,18007,18006.55,50,18008,550,100,11312250
NIFTY-I.NFO,31/10/2022,09:31:33,18006.05,18005.55,50,18007.95,700,250,11312250
NIFTY-I.NFO,31/10/2022,09:31:34,18005,18004.95,50,18006.55,1500,1900,11312250
NIFTY-I.NFO,31/10/2022,09:31:35,18005.65,18005.15,50,18005.65,250,950,11312250
NIFTY-I.NFO,31/10/2022,09:31:36,18006.55,18005.1,1300,18006.55,550,650,11312250
NIFTY-I.NFO,31/10/2022,09:31:37,18005.1,18005.1,1300,18006.55,550,50,11312250
NIFTY-I.NFO,31/10/2022,09:31:38,18005.1,18005.1,1250,18006.55,550,50,11312250
NIFTY-I.NFO,31/10/2022,09:31:39,18005.1,18005.2,50,18006,150,200,11312250
NIFTY-I.NFO,31/10/2022,09:31:40,18005.8,18005.1,1050,18005.35,100,350,11312250
NIFTY-I.NFO,31/10/2022,09:31:41,18005.65,18005.1,1000,18005.75,50,150,11312250
NIFTY-I.NFO,31/10/2022,09:31:42,18005.1,18005.1,900,18006,150,100,11312250
NIFTY-I.NFO,31/10/2022,09:31:43,18005.1,18005.1,800,18006,300,150,11312250
NIFTY-I.NFO,31/10/2022,09:31:44,18005.1,18005.1,800,18006,150,400,11312250
NIFTY-I.NFO,31/10/2022,09:31:45,18006,18005.2,100,18006,150,150,11312250
NIFTY-I.NFO,31/10/2022,09:31:46,18005.25,18005.3,150,18006,100,200,11312250
NIFTY-I.NFO,31/10/2022,09:31:47,18006,18005.5,100,18006,50,100,11312250
NIFTY-I.NFO,31/10/2022,09:31:48,18006.35,18005.5,100,18006.55,550,200,11312250
NIFTY-I.NFO,31/10/2022,09:31:49,18006.55,18005.1,850,18006.55,500,200,11312250
NIFTY-I.NFO,31/10/2022,09:31:50,18005.1,18005.1,800,18006,50,350,11312250
NIFTY-I.NFO,31/10/2022,09:31:51,18006,18006,50,18006.55,450,400,11312250
NIFTY-I.NFO,31/10/2022,09:31:52,18005.1,18005.1,650,18006.55,450,100,11312250
NIFTY-I.NFO,31/10/2022,09:31:53,18006.35,18006,200,18006.55,450,50,11312250
NIFTY-I.NFO,31/10/2022,09:31:54,18006.55,18005.1,650,18006.55,350,300,11312250
NIFTY-I.NFO,31/10/2022,09:31:54,18006.55,18005.1,650,18006,600,0,11312250
NIFTY-I.NFO,31/10/2022,09:31:55,18005.1,18005.1,550,18006,750,100,11312250
NIFTY-I.NFO,31/10/2022,09:31:57,18005.1,18005.1,400,18006,150,400,11312250
NIFTY-I.NFO,31/10/2022,09:31:58,18006,18005.1,400,18006,100,50,11312250
NIFTY-I.NFO,31/10/2022,09:31:59,18005.1,18005.1,250,18005.75,50,150,11312250
NIFTY-I.NFO,31/10/2022,09:32:00,18004.2,18004.15,50,18005.75,50,750,11312250
NIFTY-I.NFO,31/10/2022,09:32:01,18007,18006.25,50,18006.7,50,2150,11312250
NIFTY-I.NFO,31/10/2022,09:32:02,18005.65,18005.05,100,18006,150,300,11312250
NIFTY-I.NFO,31/10/2022,09:32:03,18006.65,18005,350,18006.05,50,250,11312250
NIFTY-I.NFO,31/10/2022,09:32:04,18006.05,18005,300,18006.65,50,150,11312250
NIFTY-I.NFO,31/10/2022,09:32:05,18006.25,18005.35,50,18006.65,50,50,11312250
NIFTY-I.NFO,31/10/2022,09:32:06,18007,18005.7,400,18007,650,400,11312250
NIFTY-I.NFO,31/10/2022,09:32:07,18006.4,18006.35,100,18007.65,50,2600,11312250
NIFTY-I.NFO,31/10/2022,09:32:08,18005.35,18005.25,50,18007.1,100,700,11312250
NIFTY-I.NFO,31/10/2022,09:32:08,18005.55,18005.55,50,18007.15,250,300,11312250
NIFTY-I.NFO,31/10/2022,09:32:09,18005.95,18006.4,50,18006.65,50,150,11312250
NIFTY-I.NFO,31/10/2022,09:32:10,18007,18006.45,300,18007.65,50,2700,11312250
NIFTY-I.NFO,31/10/2022,09:32:11,18006.45,18006.4,50,18007,250,600,11312250
NIFTY-I.NFO,31/10/2022,09:32:12,18007.65,18007,50,18007.65,50,600,11312250
NIFTY-I.NFO,31/10/2022,09:32:14,18005.1,18005.1,100,18005.8,50,1350,11312250
NIFTY-I.NFO,31/10/2022,09:32:14,18007.15,18006.4,200,18007.2,150,300,11312250
NIFTY-I.NFO,31/10/2022,09:32:15,18008.05,18006.4,200,18007.8,50,2750,11312250
NIFTY-I.NFO,31/10/2022,09:32:16,18006.4,18005.4,100,18007,50,150,11312250
NIFTY-I.NFO,31/10/2022,09:32:17,18005.5,18005.5,50,18007.8,50,250,11312250
NIFTY-I.NFO,31/10/2022,09:32:18,18007.8,18005.6,400,18007.8,50,150,11312250
NIFTY-I.NFO,31/10/2022,09:32:20,18006.4,18006.4,150,18007.45,50,350,11312250
NIFTY-I.NFO,31/10/2022,09:32:20,18008,18006.4,150,18007,50,1600,11312250
NIFTY-I.NFO,31/10/2022,09:32:21,18008,18006.4,200,18007,50,0,11312250
NIFTY-I.NFO,31/10/2022,09:32:22,18005.55,18005.55,150,18007,350,350,11342850
NIFTY-I.NFO,31/10/2022,09:32:23,18007,18006.45,50,18007,800,1500,11342850
NIFTY-I.NFO,31/10/2022,09:32:24,18005.15,18005.5,50,18007,800,1050,11342850
NIFTY-I.NFO,31/10/2022,09:32:25,18007,18005.55,50,18007,350,550,11342850
NIFTY-I.NFO,31/10/2022,09:32:26,18006.4,18006.1,250,18007,150,350,11342850
NIFTY-I.NFO,31/10/2022,09:32:27,18006.1,18005.9,50,18006.8,50,50,11342850
NIFTY-I.NFO,31/10/2022,09:32:28,18007,18005.85,50,18007,250,250,11342850
NIFTY-I.NFO,31/10/2022,09:32:29,18005.1,18005.15,100,18006.45,50,500,11342850
NIFTY-I.NFO,31/10/2022,09:32:30,18005.9,18005.05,300,18007,300,200,11342850
NIFTY-I.NFO,31/10/2022,09:32:31,18007,18007,200,18007.65,50,350,11342850
NIFTY-I.NFO,31/10/2022,09:32:33,18007.65,18007,200,18007.8,50,100,11342850
NIFTY-I.NFO,31/10/2022,09:32:33,18006.8,18006,200,18006.2,100,350,11342850
NIFTY-I.NFO,31/10/2022,09:32:34,18006.4,18006,200,18006.6,100,200,11342850
NIFTY-I.NFO,31/10/2022,09:32:36,18006.85,18006,250,18007.2,50,100,11342850
NIFTY-I.NFO,31/10/2022,09:32:37,18006,18005.1,100,18006.25,150,1200,11342850
NIFTY-I.NFO,31/10/2022,09:32:37,18006.5,18005.1,100,18006.75,50,50,11342850
NIFTY-I.NFO,31/10/2022,09:32:38,18005,18005,100,18006.1,150,700,11342850
NIFTY-I.NFO,31/10/2022,09:32:40,18006,18005,100,18006.2,250,1050,11342850
NIFTY-I.NFO,31/10/2022,09:32:40,18005.15,18005,100,18006.2,50,100,11342850
NIFTY-I.NFO,31/10/2022,09:32:42,18005,18004.9,100,18006.45,50,250,11342850
NIFTY-I.NFO,31/10/2022,09:32:42,18006.4,18004.9,100,18006.65,50,50,11342850
NIFTY-I.NFO,31/10/2022,09:32:43,18005,18004.85,100,18006,50,650,11342850
NIFTY-I.NFO,31/10/2022,09:32:44,18005,18005.15,100,18006.65,100,250,11342850
NIFTY-I.NFO,31/10/2022,09:32:45,18006.7,18005.2,150,18007,300,550,11342850
NIFTY-I.NFO,31/10/2022,09:32:46,18005.5,18005.4,100,18006.7,50,100,11342850
NIFTY-I.NFO,31/10/2022,09:32:48,18005.2,18006,50,18006.85,150,350,11342850
NIFTY-I.NFO,31/10/2022,09:32:49,18006.6,18005.2,450,18006.85,50,100,11342850
NIFTY-I.NFO,31/10/2022,09:32:50,18005.2,18005.25,50,18006,50,250,11342850
NIFTY-I.NFO,31/10/2022,09:32:51,18005.2,18005.2,150,18006.85,50,300,11342850
NIFTY-I.NFO,31/10/2022,09:32:52,18008,18005.4,50,18007.8,50,2050,11342850
NIFTY-I.NFO,31/10/2022,09:32:53,18005.35,18005.35,150,18006.7,50,250,11342850
NIFTY-I.NFO,31/10/2022,09:32:54,18006.6,18005.3,50,18007,50,300,11342850
NIFTY-I.NFO,31/10/2022,09:32:55,18006.5,18006.5,50,18007.8,50,300,11342850
NIFTY-I.NFO,31/10/2022,09:32:56,18007.2,18005.2,100,18007.15,50,550,11342850
NIFTY-I.NFO,31/10/2022,09:32:57,18005.2,18005.2,100,18005.95,100,50,11342850
NIFTY-I.NFO,31/10/2022,09:32:58,18005.2,18005.2,100,18005.95,100,0,11342850
NIFTY-I.NFO,31/10/2022,09:32:59,18005.95,18005.2,100,18007.6,50,150,11342850
NIFTY-I.NFO,31/10/2022,09:33:00,18005.25,18005.3,500,18006.6,50,450,11342850
NIFTY-I.NFO,31/10/2022,09:33:01,18006.6,18006,100,18008,1150,50,11342850
NIFTY-I.NFO,31/10/2022,09:33:02,18006.75,18006,150,18007.65,50,50,11342850
NIFTY-I.NFO,31/10/2022,09:33:03,18007.6,18005.05,300,18007.65,50,600,11342850
NIFTY-I.NFO,31/10/2022,09:33:04,18007.6,18005.1,100,18007.65,50,0,11342850
NIFTY-I.NFO,31/10/2022,09:33:05,18007.65,18005.45,200,18008,650,50,11342850
NIFTY-I.NFO,31/10/2022,09:33:06,18005.3,18005.3,150,18008,800,600,11342850
NIFTY-I.NFO,31/10/2022,09:33:07,18006.6,18005.3,250,18007,300,50,11342850
NIFTY-I.NFO,31/10/2022,09:33:08,18007,18006.7,50,18007,250,100,11342850
NIFTY-I.NFO,31/10/2022,09:33:09,18007,18005,350,18007,200,250,11342850
NIFTY-I.NFO,31/10/2022,09:33:10,18008,18007,550,18008,650,400,11342850
NIFTY-I.NFO,31/10/2022,09:33:11,18007,18007,500,18007.9,150,50,11342850
NIFTY-I.NFO,31/10/2022,09:33:12,18007,18007,300,18007.6,50,300,11342850
NIFTY-I.NFO,31/10/2022,09:33:13,18007,18006.6,200,18007.6,50,250,11342850
NIFTY-I.NFO,31/10/2022,09:33:14,18008,18006.4,200,18008,400,500,11342850
NIFTY-I.NFO,31/10/2022,09:33:15,18006.6,18006.6,350,18007.6,50,1150,11342850
NIFTY-I.NFO,31/10/2022,09:33:16,18007.6,18007.6,250,18008,200,1050,11342850
NIFTY-I.NFO,31/10/2022,09:33:17,18006.4,18006.1,50,18006.4,100,250,11342850
NIFTY-I.NFO,31/10/2022,09:33:18,18006.4,18005.4,200,18006.6,50,100,11342850
NIFTY-I.NFO,31/10/2022,09:33:19,18006.4,18005.4,250,18006.6,50,0,11342850
NIFTY-I.NFO,31/10/2022,09:33:20,18007.6,18006.6,850,18007.9,200,200,11342850
NIFTY-I.NFO,31/10/2022,09:33:21,18006.6,18006.6,1700,18007.65,100,250,11342850
NIFTY-I.NFO,31/10/2022,09:33:22,18008,18007.55,50,18008,250,200,11342850
NIFTY-I.NFO,31/10/2022,09:33:23,18005.4,18005.4,50,18006.85,50,1850,11342850
NIFTY-I.NFO,31/10/2022,09:33:24,18005.4,18005.4,50,18006.85,50,50,11342850
NIFTY-I.NFO,31/10/2022,09:33:25,18006.35,18006,200,18006.2,50,900,11342850
NIFTY-I.NFO,31/10/2022,09:33:26,18005,18005,400,18005.65,50,500,11342850
NIFTY-I.NFO,31/10/2022,09:33:27,18004,18003.75,100,18005.15,150,950,11342850
NIFTY-I.NFO,31/10/2022,09:33:28,18003.75,18003.75,100,18004.5,50,200,11342850
NIFTY-I.NFO,31/10/2022,09:33:29,18003.75,18003.6,100,18004,250,150,11342850
NIFTY-I.NFO,31/10/2022,09:33:30,18003.4,18003.4,100,18004,450,600,11342850
NIFTY-I.NFO,31/10/2022,09:33:31,18002.15,18002.15,50,18004,450,1050,11342850
NIFTY-I.NFO,31/10/2022,09:33:32,18002.15,18002.15,150,18004,350,350,11342850
NIFTY-I.NFO,31/10/2022,09:33:33,18003.05,18002.85,100,18004,250,500,11342850
NIFTY-I.NFO,31/10/2022,09:33:34,18002.7,18002.65,50,18003.95,50,250,11342850
NIFTY-I.NFO,31/10/2022,09:33:35,18002.2,18002.35,100,18003.6,50,650,11342850
NIFTY-I.NFO,31/10/2022,09:33:36,18002.35,18002.25,50,18003.6,50,150,11342850
NIFTY-I.NFO,31/10/2022,09:33:37,18002.1,18002.1,250,18002.65,50,450,11342850
NIFTY-I.NFO,31/10/2022,09:33:38,18002,18002,50,18003,50,700,11342850
NIFTY-I.NFO,31/10/2022,09:33:39,18001.25,18001.5,50,18002.3,100,350,11342850
NIFTY-I.NFO,31/10/2022,09:33:40,18002.55,18002.15,100,18003.5,200,500,11342850
NIFTY-I.NFO,31/10/2022,09:33:41,18002.1,18002.2,100,18003.5,200,200,11342850
NIFTY-I.NFO,31/10/2022,09:33:42,18002.5,18002.3,50,18003.5,250,400,11342850
NIFTY-I.NFO,31/10/2022,09:33:43,18003.5,18003.45,150,18005,300,700,11342850
NIFTY-I.NFO,31/10/2022,09:33:44,18003.45,18003.1,100,18005,300,600,11342850
NIFTY-I.NFO,31/10/2022,09:33:45,18004.3,18004.2,100,18005,300,400,11342850
NIFTY-I.NFO,31/10/2022,09:33:46,18003.7,18003.55,350,18006,200,400,11342850
NIFTY-I.NFO,31/10/2022,09:33:47,18003.7,18003.55,350,18004.9,50,0,11342850
NIFTY-I.NFO,31/10/2022,09:33:48,18003.5,18003.25,100,18004.9,50,400,11342850
NIFTY-I.NFO,31/10/2022,09:33:49,18003.55,18003.9,100,18005,150,400,11342850
NIFTY-I.NFO,31/10/2022,09:33:50,18004.3,18004.15,150,18005,200,200,11342850
NIFTY-I.NFO,31/10/2022,09:33:51,18004.45,18004.5,50,18005,50,1400,11342850
NIFTY-I.NFO,31/10/2022,09:33:52,18005,18005.1,250,18006,450,50,11342850
NIFTY-I.NFO,31/10/2022,09:33:53,18006,18005.6,250,18006,250,250,11342850
NIFTY-I.NFO,31/10/2022,09:33:54,18005.6,18005.05,150,18006,250,100,11342850
NIFTY-I.NFO,31/10/2022,09:33:55,18006,18005.75,250,18006,200,100,11342850
NIFTY-I.NFO,31/10/2022,09:33:56,18005.05,18005,250,18006,100,300,11342850
NIFTY-I.NFO,31/10/2022,09:33:57,18005.05,18005,250,18005.75,50,0,11342850
NIFTY-I.NFO,31/10/2022,09:33:58,18005,18004.3,200,18005,100,1000,11342850
NIFTY-I.NFO,31/10/2022,09:33:59,18007,18005.55,100,18007,1350,250,11342850
NIFTY-I.NFO,31/10/2022,09:34:00,18007,18006.7,50,18007,1100,300,11342850
NIFTY-I.NFO,31/10/2022,09:34:01,18005.75,18005.7,100,18006,50,350,11342850
NIFTY-I.NFO,31/10/2022,09:34:02,18007,18005.75,100,18007,800,450,11342850
NIFTY-I.NFO,31/10/2022,09:34:03,18005,18004.3,50,18005.25,100,400,11342850
NIFTY-I.NFO,31/10/2022,09:34:04,18005.65,18005.45,100,18005.7,50,50,11342850
NIFTY-I.NFO,31/10/2022,09:34:05,18006.5,18004.3,50,18006.7,300,500,11342850
NIFTY-I.NFO,31/10/2022,09:34:06,18007,18006,50,18007,750,150,11342850
NIFTY-I.NFO,31/10/2022,09:34:07,18007,18006.05,50,18007,650,150,11342850
NIFTY-I.NFO,31/10/2022,09:34:08,18006,18005,900,18006.65,50,100,11342850
NIFTY-I.NFO,31/10/2022,09:34:09,18005,18005,850,18005.75,100,50,11342850
NIFTY-I.NFO,31/10/2022,09:34:10,18006.7,18006.7,300,18007,650,250,11342850
NIFTY-I.NFO,31/10/2022,09:34:11,18006.7,18006.7,250,18007,650,50,11342850
NIFTY-I.NFO,31/10/2022,09:34:12,18005,18005.05,50,18006,550,650,11342850
NIFTY-I.NFO,31/10/2022,09:34:13,18005,18005,700,18006,450,350,11342850
NIFTY-I.NFO,31/10/2022,09:34:14,18006,18005,700,18006,100,350,11342850
NIFTY-I.NFO,31/10/2022,09:34:15,18005,18006.65,50,18007,550,300,11342850
NIFTY-I.NFO,31/10/2022,09:34:16,18005.05,18005,650,18006.95,50,150,11342850
NIFTY-I.NFO,31/10/2022,09:34:17,18004.95,18005.1,300,18006.95,50,900,11342850
NIFTY-I.NFO,31/10/2022,09:34:18,18006.55,18006.55,100,18007,500,1400,11342850
NIFTY-I.NFO,31/10/2022,09:34:19,18006.55,18006.55,100,18007,500,0,11342850
NIFTY-I.NFO,31/10/2022,09:34:20,18006.95,18006.8,50,18007,500,400,11342850
NIFTY-I.NFO,31/10/2022,09:34:21,18005.3,18005.3,150,18007,500,100,11342850
NIFTY-I.NFO,31/10/2022,09:34:22,18005.85,18005.75,50,18007,550,1300,11342850
NIFTY-I.NFO,31/10/2022,09:34:23,18006.65,18006,50,18006.65,150,400,11342850
NIFTY-I.NFO,31/10/2022,09:34:24,18006.65,18006,50,18006.65,150,50,11342850
NIFTY-I.NFO,31/10/2022,09:34:25,18007,18006.5,50,18007,650,300,11342850
NIFTY-I.NFO,31/10/2022,09:34:26,18007,18005.65,150,18007,550,300,11342850
NIFTY-I.NFO,31/10/2022,09:34:27,18004.7,18005,100,18005.85,50,1050,11342850
NIFTY-I.NFO,31/10/2022,09:34:28,18005.3,18005.3,250,18007,650,200,11342850
NIFTY-I.NFO,31/10/2022,09:34:29,18006,18004.5,150,18006.55,150,500,11342850
NIFTY-I.NFO,31/10/2022,09:34:30,18005.85,18004.6,500,18007,750,850,11342850
NIFTY-I.NFO,31/10/2022,09:34:31,18007,18004.9,250,18007,250,700,11342850
NIFTY-I.NFO,31/10/2022,09:34:32,18007,18005.1,500,18007,250,0,11342850
NIFTY-I.NFO,31/10/2022,09:34:33,18007,18005,850,18007,150,100,11342850
NIFTY-I.NFO,31/10/2022,09:34:34,18008,18005,350,18007.9,400,2200,11342850
NIFTY-I.NFO,31/10/2022,09:34:35,18006.5,18005,50,18006.5,400,1500,11342850
NIFTY-I.NFO,31/10/2022,09:34:36,18006.5,18006.5,50,18007.5,50,900,11342850
NIFTY-I.NFO,31/10/2022,09:34:37,18006.5,18005.15,400,18007.5,50,0,11342850
NIFTY-I.NFO,31/10/2022,09:34:38,18005.05,18004.6,100,18007.75,450,1250,11342850
NIFTY-I.NFO,31/10/2022,09:34:39,18005.05,18004.75,250,18007,50,0,11342850
NIFTY-I.NFO,31/10/2022,09:34:40,18007.5,18004.75,50,18007.5,50,400,11342850
NIFTY-I.NFO,31/10/2022,09:34:41,18007.35,18004.55,100,18007.45,50,200,11342850
NIFTY-I.NFO,31/10/2022,09:34:42,18005,18005,450,18007.2,350,350,11342850
NIFTY-I.NFO,31/10/2022,09:34:43,18005,18005,550,18007.2,50,0,11342850
NIFTY-I.NFO,31/10/2022,09:34:44,18007.05,18005,250,18007.25,50,550,11342850
NIFTY-I.NFO,31/10/2022,09:34:45,18006.5,18006.4,200,18006.5,50,250,11342850
NIFTY-I.NFO,31/10/2022,09:34:46,18005,18004.65,50,18005,400,500,11342850
NIFTY-I.NFO,31/10/2022,09:34:47,18005,18004.45,500,18005,100,450,11342850
NIFTY-I.NFO,31/10/2022,09:34:48,18005,18004.45,50,18005,100,0,11342850
NIFTY-I.NFO,31/10/2022,09:34:49,18004.75,18004.45,500,18006.65,100,650,11342850
NIFTY-I.NFO,31/10/2022,09:34:50,18005.1,18005.1,300,18006,850,450,11342850
NIFTY-I.NFO,31/10/2022,09:34:51,18005.1,18005.1,400,18005.85,50,0,11342850
NIFTY-I.NFO,31/10/2022,09:34:52,18004.75,18004.65,500,18006,800,1150,11342850
NIFTY-I.NFO,31/10/2022,09:34:53,18004.75,18004.65,500,18006,800,0,11342850
NIFTY-I.NFO,31/10/2022,09:34:54,18006,18005.1,500,18006,750,50,11342850
NIFTY-I.NFO,31/10/2022,09:34:55,18005.85,18005.85,550,18006.4,50,800,11342850
NIFTY-I.NFO,31/10/2022,09:34:56,18005.85,18005.9,50,18006.4,50,0,11342850
NIFTY-I.NFO,31/10/2022,09:34:57,18006.95,18005.5,500,18006.95,400,500,11342850
NIFTY-I.NFO,31/10/2022,09:34:58,18006.95,18005.5,600,18006.95,400,0,11342850
NIFTY-I.NFO,31/10/2022,09:34:59,18006.95,18005.5,650,18005.85,200,100,11342850
NIFTY-I.NFO,31/10/2022,09:35:00,18007.05,18007,50,18007.35,50,1150,11342850
NIFTY-I.NFO,31/10/2022,09:35:01,18008,18008.1,350,18009,800,3100,11342850
NIFTY-I.NFO,31/10/2022,09:35:02,18009,18008.5,50,18009,300,550,11342850
NIFTY-I.NFO,31/10/2022,09:35:03,18009,18008.5,50,18009,200,100,11342850
NIFTY-I.NFO,31/10/2022,09:35:04,18009.7,18009.25,350,18009.95,50,900,11342850
NIFTY-I.NFO,31/10/2022,09:35:05,18010,18009.85,100,18010,50,3650,11342850
NIFTY-I.NFO,31/10/2022,09:35:06,18009.85,18008.5,100,18009.3,50,300,11342850
NIFTY-I.NFO,31/10/2022,09:35:08,18008.5,18008.15,450,18009.2,100,150,11342850
NIFTY-I.NFO,31/10/2022,09:35:08,18009.2,18008.15,450,18008.5,50,50,11342850
NIFTY-I.NFO,31/10/2022,09:35:09,18010,18008.15,250,18010,50,450,11342850
NIFTY-I.NFO,31/10/2022,09:35:10,18009.85,18008.15,100,18010,150,200,11342850
NIFTY-I.NFO,31/10/2022,09:35:11,18009.85,18007.4,250,18010.05,150,950,11342850
NIFTY-I.NFO,31/10/2022,09:35:12,18009,18007.4,100,18009,700,350,11342850
NIFTY-I.NFO,31/10/2022,09:35:12,18010.05,18007.4,100,18009,700,0,11342850
NIFTY-I.NFO,31/10/2022,09:35:13,18010,18010,650,18010.4,50,1300,11342850
NIFTY-I.NFO,31/10/2022,09:35:14,18010,18010,650,18010.4,50,50,11342850
NIFTY-I.NFO,31/10/2022,09:35:15,18010.95,18010,650,18010.95,50,350,11342850
NIFTY-I.NFO,31/10/2022,09:35:15,18010.95,18010,650,18010.95,50,0,11342850
NIFTY-I.NFO,31/10/2022,09:35:16,18012,18012,50,18012.65,50,4400,11342850
NIFTY-I.NFO,31/10/2022,09:35:16,18012.55,18012,50,18012.65,50,0,11342850
NIFTY-I.NFO,31/10/2022,09:35:17,18012,18012,200,18012.75,50,1450,11342850
NIFTY-I.NFO,31/10/2022,09:35:17,18012.9,18012,200,18012.75,50,0,11342850
NIFTY-I.NFO,31/10/2022,09:35:18,18011,18011,3000,18012.85,50,350,11342850
NIFTY-I.NFO,31/10/2022,09:35:19,18011,18011.05,50,18012.5,100,950,11342850
NIFTY-I.NFO,31/10/2022,09:35:20,18008.85,18008.5,50,18009.7,100,2900,11342850
NIFTY-I.NFO,31/10/2022,09:35:21,18010.65,18008.25,300,18010.65,100,400,11342850
NIFTY-I.NFO,31/10/2022,09:35:22,18008.05,18007.95,50,18010.85,200,1350,11342850
NIFTY-I.NFO,31/10/2022,09:35:23,18011.05,18010,50,18011.15,100,150,11362200
NIFTY-I.NFO,31/10/2022,09:35:24,18011.55,18010.65,100,18011.15,300,100,11362200
NIFTY-I.NFO,31/10/2022,09:35:25,18010.65,18010.65,50,18011,150,650,11362200
NIFTY-I.NFO,31/10/2022,09:35:26,18010.65,18010,150,18011,150,100,11362200
NIFTY-I.NFO,31/10/2022,09:35:27,18011.95,18010,250,18011.75,100,250,11362200
NIFTY-I.NFO,31/10/2022,09:35:28,18010,18007.1,50,18009.4,250,500,11362200
NIFTY-I.NFO,31/10/2022,09:35:29,18007.15,18007.15,200,18009.8,250,1250,11362200
NIFTY-I.NFO,31/10/2022,09:35:31,18006.05,18005.85,50,18008.2,300,650,11362200
NIFTY-I.NFO,31/10/2022,09:35:31,18006.05,18005.85,50,18008.25,300,0,11362200
NIFTY-I.NFO,31/10/2022,09:35:32,18008,18005.7,100,18008.3,300,150,11362200
NIFTY-I.NFO,31/10/2022,09:35:33,18005.6,18005.6,450,18008.25,100,350,11362200
NIFTY-I.NFO,31/10/2022,09:35:34,18005.7,18005.6,350,18008.2,350,50,11362200
NIFTY-I.NFO,31/10/2022,09:35:36,18007.45,18005.6,350,18006.05,50,100,11362200
NIFTY-I.NFO,31/10/2022,09:35:36,18007.45,18005.6,350,18006.05,50,0,11362200
NIFTY-I.NFO,31/10/2022,09:35:37,18007.45,18005.6,400,18006.05,50,0,11362200
NIFTY-I.NFO,31/10/2022,09:35:38,18005.6,18005.6,300,18006.05,50,100,11362200
NIFTY-I.NFO,31/10/2022,09:35:39,18005,18005,800,18007.2,50,1100,11362200
NIFTY-I.NFO,31/10/2022,09:35:40,18005.15,18005.1,100,18006,50,200,11362200
NIFTY-I.NFO,31/10/2022,09:35:42,18006.05,18005,700,18005.6,100,250,11362200
NIFTY-I.NFO,31/10/2022,09:35:42,18006.05,18005,700,18005.6,100,0,11362200
NIFTY-I.NFO,31/10/2022,09:35:43,18008.5,18005.65,250,18008.6,50,1750,11362200
NIFTY-I.NFO,31/10/2022,09:35:44,18005.65,18006.6,400,18008.95,200,50,11362200
NIFTY-I.NFO,31/10/2022,09:35:45,18008.45,18008.45,150,18009,250,200,11362200
NIFTY-I.NFO,31/10/2022,09:35:47,18007,18007,350,18008.35,50,450,11362200
NIFTY-I.NFO,31/10/2022,09:35:47,18007,18007.45,100,18009,50,0,11362200
NIFTY-I.NFO,31/10/2022,09:35:48,18007.05,18007.05,200,18009.85,250,250,11362200
NIFTY-I.NFO,31/10/2022,09:35:49,18006.85,18006.85,50,18009.75,350,100,11362200
NIFTY-I.NFO,31/10/2022,09:35:50,18007,18006.75,250,18009.25,300,150,11362200
NIFTY-I.NFO,31/10/2022,09:35:51,18007.2,18007.2,550,18008,50,3150,11362200
NIFTY-I.NFO,31/10/2022,09:35:52,18007.05,18007.1,300,18009.9,100,250,11362200
NIFTY-I.NFO,31/10/2022,09:35:53,18007,18006.55,100,18009,50,300,11362200
NIFTY-I.NFO,31/10/2022,09:35:54,18006.65,18006.45,50,18007.2,900,300,11362200
NIFTY-I.NFO,31/10/2022,09:35:55,18006.05,18006.05,950,18007.2,850,200,11362200
NIFTY-I.NFO,31/10/2022,09:35:56,18008,18006.05,900,18008.15,50,1350,11362200
NIFTY-I.NFO,31/10/2022,09:35:57,18009,18007.15,250,18008.45,50,100,11362200
NIFTY-I.NFO,31/10/2022,09:35:58,18008.45,18006.8,200,18008.6,100,50,11362200
NIFTY-I.NFO,31/10/2022,09:35:59,18008,18006.7,50,18008.85,100,250,11362200
NIFTY-I.NFO,31/10/2022,09:36:00,18007.65,18007.65,150,18009.75,100,550,11362200
NIFTY-I.NFO,31/10/2022,09:36:01,18007.65,18007.2,450,18009,100,0,11362200
NIFTY-I.NFO,31/10/2022,09:36:02,18007.65,18007.75,150,18009,100,0,11362200
NIFTY-I.NFO,31/10/2022,09:36:04,18009.75,18009,100,18010,650,350,11362200
NIFTY-I.NFO,31/10/2022,09:36:05,18008.85,18007.65,100,18010,600,150,11362200
NIFTY-I.NFO,31/10/2022,09:36:06,18008.4,18008,150,18008.4,500,200,11362200
NIFTY-I.NFO,31/10/2022,09:36:06,18008.4,18008,150,18008.4,350,150,11362200
NIFTY-I.NFO,31/10/2022,09:36:07,18010,18009,1350,18010,550,850,11362200
