Ticker,Date,Time,LTP,BuyPrice,BuyQty,SellPrice,SellQty,LTQ,OpenInterest
NIFTY03NOV2218100CE.NFO,31/10/2022,09:15:00,33,25.25,1800,35,50,100,0
NIFTY03NOV2218100CE.NFO,31/10/2022,09:15:00,33,25.25,1800,35,50,0,0
NIFTY03NOV2218100CE.NFO,31/10/2022,09:15:00,34,25.25,1800,35,50,0,0
NIFTY03NOV2218100CE.NFO,31/10/2022,09:15:00,33,25.25,1800,35,50,0,0
NIFTY03NOV2218100CE.NFO,31/10/2022,09:15:01,35.25,33.95,150,35.25,400,6200,2905850
NIFTY03NOV2218100CE.NFO,31/10/2022,09:15:01,39,33.95,150,35.25,400,0,2905850
NIFTY03NOV2218100CE.NFO,31/10/2022,09:15:01,30.2,33.95,150,35.25,400,0,2905850
NIFTY03NOV2218100CE.NFO,31/10/2022,09:15:02,34.6,34.65,50,35.6,500,24500,2905850
NIFTY03NOV2218100CE.NFO,31/10/2022,09:15:04,36.15,36.15,350,36.6,50,26000,2905850
NIFTY03NOV2218100CE.NFO,31/10/2022,09:15:06,37.05,36.7,400,37,300,39000,2905850
NIFTY03NOV2218100CE.NFO,31/10/2022,09:15:07,35.6,35.4,400,35.6,100,50900,2905850
NIFTY03NOV2218100CE.NFO,31/10/2022,09:15:09,34.2,34.2,250,34.35,500,55550,2905850
NIFTY03NOV2218100CE.NFO,31/10/2022,09:15:11,34,33.65,200,33.85,200,47950,2905850
NIFTY03NOV2218100CE.NFO,31/10/2022,09:15:12,32.95,32.7,400,32.95,250,36550,2905850
NIFTY03NOV2218100CE.NFO,31/10/2022,09:15:13,32.7,32.7,400,32.85,100,60750,2905850
NIFTY03NOV2218100CE.NFO,31/10/2022,09:15:15,33.95,33.95,400,34.1,100,35600,2905850
NIFTY03NOV2218100CE.NFO,31/10/2022,09:15:16,34.4,34.25,400,34.4,600,38650,2905850
NIFTY03NOV2218100CE.NFO,31/10/2022,09:15:17,34.55,34.5,850,34.7,100,32650,2905850
NIFTY03NOV2218100CE.NFO,31/10/2022,09:15:18,34.1,34.15,100,34.25,200,30050,2905850
NIFTY03NOV2218100CE.NFO,31/10/2022,09:15:19,33.5,33.4,650,33.5,50,22500,2905850
NIFTY03NOV2218100CE.NFO,31/10/2022,09:15:21,33.95,33.8,400,33.9,50,30000,2905850
NIFTY03NOV2218100CE.NFO,31/10/2022,09:15:22,33.8,33.75,650,33.95,650,33000,2905850
NIFTY03NOV2218100CE.NFO,31/10/2022,09:15:23,33,33,1650,33.05,50,37250,2905850
NIFTY03NOV2218100CE.NFO,31/10/2022,09:15:25,32.75,32.75,100,32.9,850,58500,2905850
NIFTY03NOV2218100CE.NFO,31/10/2022,09:15:26,32.2,32,5200,32.2,1700,16550,2905850
NIFTY03NOV2218100CE.NFO,31/10/2022,09:15:27,32.15,32.15,350,32.3,1450,27600,2905850
NIFTY03NOV2218100CE.NFO,31/10/2022,09:15:29,31.6,31.6,1750,31.8,1750,21100,2905850
NIFTY03NOV2218100CE.NFO,31/10/2022,09:15:30,32.5,32.25,2600,32.5,2100,19500,2905850
NIFTY03NOV2218100CE.NFO,31/10/2022,09:15:31,32.7,32.7,1450,32.9,1250,20000,2905850
NIFTY03NOV2218100CE.NFO,31/10/2022,09:15:32,32.95,32.75,1950,32.95,200,17750,2905850
NIFTY03NOV2218100CE.NFO,31/10/2022,09:15:34,32.75,32.7,3850,32.95,3100,17750,2905850
NIFTY03NOV2218100CE.NFO,31/10/2022,09:15:35,33.5,33.4,250,33.5,650,17150,2905850
NIFTY03NOV2218100CE.NFO,31/10/2022,09:15:36,33.5,33.5,1400,33.7,1200,20450,2905850
NIFTY03NOV2218100CE.NFO,31/10/2022,09:15:37,33.75,33.75,100,33.85,700,19350,2905850
NIFTY03NOV2218100CE.NFO,31/10/2022,09:15:38,33.85,33.75,1750,33.85,50,13400,2905850
NIFTY03NOV2218100CE.NFO,31/10/2022,09:15:39,34,33.85,1750,34,1100,8600,2905850
NIFTY03NOV2218100CE.NFO,31/10/2022,09:15:41,34.1,34.05,750,34.3,750,18750,2905850
NIFTY03NOV2218100CE.NFO,31/10/2022,09:15:42,34.2,34.15,1950,34.4,900,12450,2905850
NIFTY03NOV2218100CE.NFO,31/10/2022,09:15:43,34.25,34.05,1350,34.25,150,15350,2905850
NIFTY03NOV2218100CE.NFO,31/10/2022,09:15:45,34.2,34,6700,34.2,150,10250,2905850
NIFTY03NOV2218100CE.NFO,31/10/2022,09:15:46,34.2,34.25,50,34.3,50,12800,2905850
NIFTY03NOV2218100CE.NFO,31/10/2022,09:15:47,33.75,33.65,950,33.85,350,19500,2905850
NIFTY03NOV2218100CE.NFO,31/10/2022,09:15:48,33.75,33.75,900,33.95,250,13000,2905850
NIFTY03NOV2218100CE.NFO,31/10/2022,09:15:50,33.85,33.65,400,33.85,700,9150,2905850
NIFTY03NOV2218100CE.NFO,31/10/2022,09:15:51,33.9,33.65,600,33.85,50,18300,2905850
NIFTY03NOV2218100CE.NFO,31/10/2022,09:15:52,33.75,33.6,500,33.7,100,9600,2905850
NIFTY03NOV2218100CE.NFO,31/10/2022,09:15:53,33.45,33.5,1150,33.65,200,16600,2905850
NIFTY03NOV2218100CE.NFO,31/10/2022,09:15:54,33.35,33.1,2300,33.3,400,13850,2905850
NIFTY03NOV2218100CE.NFO,31/10/2022,09:15:56,32.9,32.9,600,33,300,16500,2905850
NIFTY03NOV2218100CE.NFO,31/10/2022,09:15:57,32.85,32.85,1900,33.05,250,8700,2905850
NIFTY03NOV2218100CE.NFO,31/10/2022,09:15:58,33.15,33.1,550,33.35,1100,16250,2905850
NIFTY03NOV2218100CE.NFO,31/10/2022,09:16:00,32.8,32.8,500,32.95,50,15500,2905850
NIFTY03NOV2218100CE.NFO,31/10/2022,09:16:01,33.7,33.7,2450,33.85,1300,24850,2905850
NIFTY03NOV2218100CE.NFO,31/10/2022,09:16:03,33.95,33.85,250,33.95,1350,23100,2905850
NIFTY03NOV2218100CE.NFO,31/10/2022,09:16:04,34.1,34.05,200,34.15,1750,36700,2905850
NIFTY03NOV2218100CE.NFO,31/10/2022,09:16:05,34.1,34.1,1550,34.2,1250,34600,2905850
NIFTY03NOV2218100CE.NFO,31/10/2022,09:16:07,34.45,34.4,50,34.5,2200,33300,2905850
NIFTY03NOV2218100CE.NFO,31/10/2022,09:16:08,34.6,34.6,900,34.7,550,17750,2905850
NIFTY03NOV2218100CE.NFO,31/10/2022,09:16:09,34.5,34.4,50,34.5,600,17300,2905850
NIFTY03NOV2218100CE.NFO,31/10/2022,09:16:11,34.75,34.75,200,34.8,850,20700,2905850
NIFTY03NOV2218100CE.NFO,31/10/2022,09:16:12,34.9,34.9,1500,35,7400,24500,2905850
NIFTY03NOV2218100CE.NFO,31/10/2022,09:16:13,35.3,35.35,50,35.45,1750,22250,2905850
NIFTY03NOV2218100CE.NFO,31/10/2022,09:16:15,35.55,35.5,150,35.55,400,18900,2905850
NIFTY03NOV2218100CE.NFO,31/10/2022,09:16:16,35.9,35.8,150,35.9,1300,8400,2905850
NIFTY03NOV2218100CE.NFO,31/10/2022,09:16:18,36,35.9,1850,36,4100,15950,2905850
NIFTY03NOV2218100CE.NFO,31/10/2022,09:16:19,36.45,36.4,200,36.45,1000,14400,2905850
NIFTY03NOV2218100CE.NFO,31/10/2022,09:16:20,36.5,36.55,200,36.65,450,17500,2905850
NIFTY03NOV2218100CE.NFO,31/10/2022,09:16:22,36.6,36.6,1750,36.75,3500,17250,2905850
NIFTY03NOV2218100CE.NFO,31/10/2022,09:16:23,36.5,36.45,50,36.55,1750,17150,2905850
NIFTY03NOV2218100CE.NFO,31/10/2022,09:16:24,36.5,36.5,950,36.6,950,14350,2905850
NIFTY03NOV2218100CE.NFO,31/10/2022,09:16:26,36.45,36.3,1250,36.4,50,15500,2905850
NIFTY03NOV2218100CE.NFO,31/10/2022,09:16:27,35.95,35.75,1950,35.9,1850,15500,2905850
NIFTY03NOV2218100CE.NFO,31/10/2022,09:16:28,35.45,35.4,100,35.45,1000,19100,2905850
NIFTY03NOV2218100CE.NFO,31/10/2022,09:16:29,35.15,35.05,350,35.15,2400,28850,2905850
NIFTY03NOV2218100CE.NFO,31/10/2022,09:16:31,35.2,35.15,1950,35.25,200,11450,2905850
NIFTY03NOV2218100CE.NFO,31/10/2022,09:16:32,35.35,35.25,1200,35.35,1400,12150,2905850
NIFTY03NOV2218100CE.NFO,31/10/2022,09:16:33,35.25,35.25,1700,35.35,50,12800,2905850
NIFTY03NOV2218100CE.NFO,31/10/2022,09:16:34,35.35,35.2,2050,35.35,2200,8500,2905850
NIFTY03NOV2218100CE.NFO,31/10/2022,09:16:36,35.75,35.75,2550,35.9,2150,23450,2905850
NIFTY03NOV2218100CE.NFO,31/10/2022,09:16:37,36,35.95,3100,36.1,1200,6950,2905850
NIFTY03NOV2218100CE.NFO,31/10/2022,09:16:38,36.2,36.1,1350,36.2,50,13500,2905850
NIFTY03NOV2218100CE.NFO,31/10/2022,09:16:40,36,35.95,2600,36.1,1050,12200,2905850
NIFTY03NOV2218100CE.NFO,31/10/2022,09:16:41,35.8,35.75,100,35.8,100,12400,2905850
NIFTY03NOV2218100CE.NFO,31/10/2022,09:16:42,35.5,35.5,100,35.55,100,8250,2905850
NIFTY03NOV2218100CE.NFO,31/10/2022,09:16:43,35.7,35.65,250,35.75,1400,6700,2905850
NIFTY03NOV2218100CE.NFO,31/10/2022,09:16:45,35.8,35.85,1500,35.95,150,8750,2905850
NIFTY03NOV2218100CE.NFO,31/10/2022,09:16:46,35.5,35.4,1900,35.5,50,4550,2905850
NIFTY03NOV2218100CE.NFO,31/10/2022,09:16:47,35.5,35.5,300,35.55,2150,4050,2905850
NIFTY03NOV2218100CE.NFO,31/10/2022,09:16:48,35.65,35.55,2900,35.7,1250,6400,2905850
NIFTY03NOV2218100CE.NFO,31/10/2022,09:16:49,35.5,35.55,50,35.65,400,13150,2905850
NIFTY03NOV2218100CE.NFO,31/10/2022,09:16:50,35.55,35.55,1800,35.7,1750,5500,2905850
NIFTY03NOV2218100CE.NFO,31/10/2022,09:16:52,35.5,35.55,1600,35.7,1200,4300,2905850
NIFTY03NOV2218100CE.NFO,31/10/2022,09:16:53,35.55,35.55,750,35.6,250,6650,2905850
NIFTY03NOV2218100CE.NFO,31/10/2022,09:16:54,35.3,35.25,2050,35.35,750,11300,2905850
NIFTY03NOV2218100CE.NFO,31/10/2022,09:16:56,35.2,35.2,750,35.25,50,7400,2905850
NIFTY03NOV2218100CE.NFO,31/10/2022,09:16:57,35.2,35.15,550,35.2,950,15550,2905850
NIFTY03NOV2218100CE.NFO,31/10/2022,09:16:58,35.15,35.25,50,35.3,900,7350,2905850
NIFTY03NOV2218100CE.NFO,31/10/2022,09:16:59,35.25,35.25,550,35.35,950,8800,2905850
NIFTY03NOV2218100CE.NFO,31/10/2022,09:17:00,35.15,35.2,50,35.25,1200,7400,2905850
NIFTY03NOV2218100CE.NFO,31/10/2022,09:17:01,35.05,35.1,2700,35.2,1600,10100,2905850
NIFTY03NOV2218100CE.NFO,31/10/2022,09:17:02,35,35,13750,35.15,1650,8800,2905850
NIFTY03NOV2218100CE.NFO,31/10/2022,09:17:02,34.8,34.8,150,34.85,50,13500,2905850
NIFTY03NOV2218100CE.NFO,31/10/2022,09:17:03,34.1,34.05,1200,34.1,50,15150,2905850
NIFTY03NOV2218100CE.NFO,31/10/2022,09:17:05,34,34,6200,34.05,200,15650,2905850
NIFTY03NOV2218100CE.NFO,31/10/2022,09:17:06,34.2,34.2,100,34.3,2450,11200,2905850
NIFTY03NOV2218100CE.NFO,31/10/2022,09:17:07,33.8,33.8,950,33.9,1750,9750,2905850
NIFTY03NOV2218100CE.NFO,31/10/2022,09:17:08,33.7,33.7,900,33.8,900,22600,2905850
NIFTY03NOV2218100CE.NFO,31/10/2022,09:17:09,33.6,33.5,2550,33.6,700,12800,2905850
NIFTY03NOV2218100CE.NFO,31/10/2022,09:17:10,34.15,34.15,4800,34.25,850,16500,2905850
NIFTY03NOV2218100CE.NFO,31/10/2022,09:17:12,34.15,34.1,1550,34.2,150,19900,2905850
NIFTY03NOV2218100CE.NFO,31/10/2022,09:17:13,33.75,33.7,1250,33.8,850,17700,2905850
NIFTY03NOV2218100CE.NFO,31/10/2022,09:17:14,33.55,33.5,3600,33.65,2650,2750,2905850
NIFTY03NOV2218100CE.NFO,31/10/2022,09:17:14,33.55,33.55,2450,33.65,50,1900,2905850
NIFTY03NOV2218100CE.NFO,31/10/2022,09:17:15,33.55,33.45,200,33.55,1700,8150,2905850
NIFTY03NOV2218100CE.NFO,31/10/2022,09:17:17,33.75,33.8,200,33.9,3000,26650,2905850
NIFTY03NOV2218100CE.NFO,31/10/2022,09:17:18,33.35,33.3,1450,33.35,50,6950,3058050
NIFTY03NOV2218100CE.NFO,31/10/2022,09:17:19,33.3,33.3,700,33.4,1350,4700,3058050
NIFTY03NOV2218100CE.NFO,31/10/2022,09:17:20,33.65,33.5,800,33.6,2350,7250,3058050
NIFTY03NOV2218100CE.NFO,31/10/2022,09:17:21,33.85,33.8,50,33.85,2000,9600,3058050
NIFTY03NOV2218100CE.NFO,31/10/2022,09:17:22,33.6,33.55,50,33.65,2000,8450,3058050
NIFTY03NOV2218100CE.NFO,31/10/2022,09:17:24,33.75,33.75,1200,33.85,2600,7500,3058050
NIFTY03NOV2218100CE.NFO,31/10/2022,09:17:25,33.9,33.85,1350,33.9,800,8650,3058050
NIFTY03NOV2218100CE.NFO,31/10/2022,09:17:26,33.8,33.7,450,33.8,2150,5850,3058050
NIFTY03NOV2218100CE.NFO,31/10/2022,09:17:27,33.7,33.65,400,33.75,900,7800,3058050
NIFTY03NOV2218100CE.NFO,31/10/2022,09:17:28,33.1,33,16050,33.1,3850,11400,3058050
NIFTY03NOV2218100CE.NFO,31/10/2022,09:17:29,33.05,33.05,900,33.1,50,17000,3058050
NIFTY03NOV2218100CE.NFO,31/10/2022,09:17:30,33.25,33.15,700,33.25,3050,2650,3058050
NIFTY03NOV2218100CE.NFO,31/10/2022,09:17:31,33.05,33,15350,33.15,2950,4750,3058050
NIFTY03NOV2218100CE.NFO,31/10/2022,09:17:32,33.05,33.05,3150,33.15,550,5100,3058050
NIFTY03NOV2218100CE.NFO,31/10/2022,09:17:32,33,33,7000,33.05,150,2700,3058050
NIFTY03NOV2218100CE.NFO,31/10/2022,09:17:33,33,33,3250,33.1,1300,11900,3058050
NIFTY03NOV2218100CE.NFO,31/10/2022,09:17:34,33,33.05,1700,33.1,50,5950,3058050
NIFTY03NOV2218100CE.NFO,31/10/2022,09:17:36,32.95,32.95,2600,33,150,4800,3058050
NIFTY03NOV2218100CE.NFO,31/10/2022,09:17:37,32.7,32.7,5100,32.8,50,7550,3058050
NIFTY03NOV2218100CE.NFO,31/10/2022,09:17:38,32.75,32.75,800,32.85,2250,3800,3058050
NIFTY03NOV2218100CE.NFO,31/10/2022,09:17:39,32.6,32.5,3400,32.6,150,6400,3058050
NIFTY03NOV2218100CE.NFO,31/10/2022,09:17:40,32.75,32.7,2750,32.75,950,12650,3058050
NIFTY03NOV2218100CE.NFO,31/10/2022,09:17:41,32.35,32.25,2850,32.35,1200,20400,3058050
NIFTY03NOV2218100CE.NFO,31/10/2022,09:17:43,33.05,33,1250,33.1,2150,17200,3058050
NIFTY03NOV2218100CE.NFO,31/10/2022,09:17:44,33.5,33.5,2600,33.6,2000,13350,3058050
NIFTY03NOV2218100CE.NFO,31/10/2022,09:17:45,33.8,33.75,3850,33.85,1700,20500,3058050
NIFTY03NOV2218100CE.NFO,31/10/2022,09:17:46,33.55,33.55,2800,33.65,2800,9300,3058050
NIFTY03NOV2218100CE.NFO,31/10/2022,09:17:47,33.9,33.9,300,33.95,1600,6250,3058050
NIFTY03NOV2218100CE.NFO,31/10/2022,09:17:48,34,33.9,3150,34,2550,15850,3058050
NIFTY03NOV2218100CE.NFO,31/10/2022,09:17:49,34.05,34.15,50,34.2,3600,7850,3058050
NIFTY03NOV2218100CE.NFO,31/10/2022,09:17:51,34.2,34.2,200,34.25,1750,12650,3058050
NIFTY03NOV2218100CE.NFO,31/10/2022,09:17:52,34.5,34.5,1750,34.65,4800,6300,3058050
NIFTY03NOV2218100CE.NFO,31/10/2022,09:17:53,34.75,34.7,1400,34.8,3950,8900,3058050
NIFTY03NOV2218100CE.NFO,31/10/2022,09:17:54,34.75,34.7,50,34.75,2800,8450,3058050
NIFTY03NOV2218100CE.NFO,31/10/2022,09:17:55,34.6,34.45,6050,34.6,1950,6600,3058050
NIFTY03NOV2218100CE.NFO,31/10/2022,09:17:56,34.6,34.65,3700,34.75,1100,8500,3058050
NIFTY03NOV2218100CE.NFO,31/10/2022,09:17:57,34.5,34.5,3750,34.55,100,11500,3058050
NIFTY03NOV2218100CE.NFO,31/10/2022,09:17:58,34.55,34.55,2600,34.65,650,2050,3058050
NIFTY03NOV2218100CE.NFO,31/10/2022,09:18:00,34.1,34.1,1800,34.15,100,9150,3058050
NIFTY03NOV2218100CE.NFO,31/10/2022,09:18:01,33.95,33.85,4450,33.95,1200,8850,3058050
NIFTY03NOV2218100CE.NFO,31/10/2022,09:18:02,34,33.9,3900,34,5350,3600,3058050
NIFTY03NOV2218100CE.NFO,31/10/2022,09:18:03,34.05,34.05,4650,34.15,2100,4700,3058050
NIFTY03NOV2218100CE.NFO,31/10/2022,09:18:04,34.5,34.45,100,34.5,250,3550,3058050
NIFTY03NOV2218100CE.NFO,31/10/2022,09:18:05,34.4,34.3,600,34.4,4150,5950,3058050
NIFTY03NOV2218100CE.NFO,31/10/2022,09:18:07,34.1,34.05,4600,34.1,100,8700,3058050
NIFTY03NOV2218100CE.NFO,31/10/2022,09:18:08,34.15,34.1,50,34.15,4250,2300,3058050
NIFTY03NOV2218100CE.NFO,31/10/2022,09:18:09,34.4,34.4,50,34.5,5350,12700,3058050
NIFTY03NOV2218100CE.NFO,31/10/2022,09:18:10,35.05,35.1,50,35.15,5400,30100,3058050
NIFTY03NOV2218100CE.NFO,31/10/2022,09:18:12,34.45,34.45,100,34.55,3500,12300,3058050
NIFTY03NOV2218100CE.NFO,31/10/2022,09:18:13,34.6,34.65,2650,34.7,50,5100,3058050
NIFTY03NOV2218100CE.NFO,31/10/2022,09:18:14,34.45,34.4,3100,34.5,5600,6200,3058050
NIFTY03NOV2218100CE.NFO,31/10/2022,09:18:15,34.9,34.8,100,34.9,2600,7300,3058050
NIFTY03NOV2218100CE.NFO,31/10/2022,09:18:16,34.85,34.8,200,34.85,2700,7800,3058050
NIFTY03NOV2218100CE.NFO,31/10/2022,09:18:17,34.4,34.3,950,34.35,2450,14450,3058050
NIFTY03NOV2218100CE.NFO,31/10/2022,09:18:18,34.25,34.2,50,34.25,2750,13400,3058050
NIFTY03NOV2218100CE.NFO,31/10/2022,09:18:19,34.15,34.05,1050,34.15,4800,6950,3058050
NIFTY03NOV2218100CE.NFO,31/10/2022,09:18:20,34.2,34.2,2450,34.25,50,12600,3058050
NIFTY03NOV2218100CE.NFO,31/10/2022,09:18:21,34.2,34.15,1000,34.25,7450,7000,3058050
NIFTY03NOV2218100CE.NFO,31/10/2022,09:18:23,34.15,34.1,2950,34.2,5050,11150,3058050
NIFTY03NOV2218100CE.NFO,31/10/2022,09:18:24,34,34.05,50,34.1,3850,14750,3058050
NIFTY03NOV2218100CE.NFO,31/10/2022,09:18:25,34.2,34.1,2650,34.2,2400,4100,3058050
NIFTY03NOV2218100CE.NFO,31/10/2022,09:18:26,34.3,34.25,100,34.3,2550,7650,3058050
NIFTY03NOV2218100CE.NFO,31/10/2022,09:18:27,33.85,33.75,2850,33.85,1450,11550,3058050
NIFTY03NOV2218100CE.NFO,31/10/2022,09:18:28,33.95,33.95,500,34.05,7250,7250,3058050
NIFTY03NOV2218100CE.NFO,31/10/2022,09:18:29,34.1,34.1,100,34.15,5150,3900,3058050
NIFTY03NOV2218100CE.NFO,31/10/2022,09:18:30,34,34,4050,34.1,50,4000,3058050
NIFTY03NOV2218100CE.NFO,31/10/2022,09:18:31,34.45,34.45,100,34.5,5100,6050,3058050
NIFTY03NOV2218100CE.NFO,31/10/2022,09:18:31,34.45,34.4,3700,34.5,5050,2050,3058050
NIFTY03NOV2218100CE.NFO,31/10/2022,09:18:33,34.4,34.35,3250,34.45,1650,10350,3058050
NIFTY03NOV2218100CE.NFO,31/10/2022,09:18:34,34.4,34.4,4300,34.5,2650,4550,3058050
NIFTY03NOV2218100CE.NFO,31/10/2022,09:18:35,34.65,34.6,900,34.7,5500,6250,3058050
NIFTY03NOV2218100CE.NFO,31/10/2022,09:18:36,34.75,34.75,5550,34.85,50,8850,3058050
NIFTY03NOV2218100CE.NFO,31/10/2022,09:18:37,34.95,34.85,150,34.95,3250,7850,3058050
NIFTY03NOV2218100CE.NFO,31/10/2022,09:18:37,34.9,34.85,5300,34.95,3400,4850,3058050
NIFTY03NOV2218100CE.NFO,31/10/2022,09:18:39,35.05,34.9,5500,35,4100,24000,3058050
NIFTY03NOV2218100CE.NFO,31/10/2022,09:18:40,35,35,700,35.1,4450,9850,3058050
NIFTY03NOV2218100CE.NFO,31/10/2022,09:18:41,35.2,35.1,50,35.2,2650,11050,3058050
NIFTY03NOV2218100CE.NFO,31/10/2022,09:18:42,35.45,35.4,2550,35.45,100,7800,3058050
NIFTY03NOV2218100CE.NFO,31/10/2022,09:18:44,35.2,35.1,3350,35.2,3000,7650,3058050
NIFTY03NOV2218100CE.NFO,31/10/2022,09:18:45,35.15,35.15,3350,35.25,2650,8300,3058050
NIFTY03NOV2218100CE.NFO,31/10/2022,09:18:46,35.1,35.1,2750,35.2,2500,5750,3058050
NIFTY03NOV2218100CE.NFO,31/10/2022,09:18:47,35.25,35.15,2400,35.25,3600,6750,3058050
NIFTY03NOV2218100CE.NFO,31/10/2022,09:18:49,35.3,35.3,100,35.35,2950,15750,3058050
NIFTY03NOV2218100CE.NFO,31/10/2022,09:18:50,34.95,35,3100,35.1,2550,15000,3058050
NIFTY03NOV2218100CE.NFO,31/10/2022,09:18:51,35.15,35.05,2550,35.15,4350,13500,3058050
NIFTY03NOV2218100CE.NFO,31/10/2022,09:18:53,35.45,35.4,50,35.5,3700,10900,3058050
NIFTY03NOV2218100CE.NFO,31/10/2022,09:18:54,35.55,35.45,3250,35.55,5900,10650,3058050
NIFTY03NOV2218100CE.NFO,31/10/2022,09:18:55,35.5,35.5,3500,35.55,100,8950,3058050
NIFTY03NOV2218100CE.NFO,31/10/2022,09:18:57,35.6,35.5,3250,35.6,5700,7700,3058050
NIFTY03NOV2218100CE.NFO,31/10/2022,09:18:58,35.35,35.3,150,35.4,4850,2450,3058050
NIFTY03NOV2218100CE.NFO,31/10/2022,09:18:59,35.15,35.1,5550,35.25,4800,19500,3058050
NIFTY03NOV2218100CE.NFO,31/10/2022,09:19:00,35.3,35.15,3950,35.3,5850,11750,3058050
NIFTY03NOV2218100CE.NFO,31/10/2022,09:19:02,35.45,35.45,400,35.5,2500,9050,3058050
NIFTY03NOV2218100CE.NFO,31/10/2022,09:19:03,35.45,35.4,4200,35.55,5550,16700,3058050
NIFTY03NOV2218100CE.NFO,31/10/2022,09:19:04,35.5,35.45,150,35.5,900,18850,3058050
NIFTY03NOV2218100CE.NFO,31/10/2022,09:19:06,35.8,35.75,2700,35.8,750,25400,3058050
NIFTY03NOV2218100CE.NFO,31/10/2022,09:19:07,35.7,35.7,1900,35.75,100,7600,3058050
NIFTY03NOV2218100CE.NFO,31/10/2022,09:19:08,35.45,35.45,4850,35.5,200,11850,3058050
NIFTY03NOV2218100CE.NFO,31/10/2022,09:19:10,35.2,35.25,600,35.3,50,22600,3058050
NIFTY03NOV2218100CE.NFO,31/10/2022,09:19:11,35.3,35.2,450,35.3,5700,9900,3058050
NIFTY03NOV2218100CE.NFO,31/10/2022,09:19:12,35.15,35.1,4900,35.15,900,13500,3058050
NIFTY03NOV2218100CE.NFO,31/10/2022,09:19:13,35.1,35.05,197550,35.1,1850,17500,3058050
NIFTY03NOV2218100CE.NFO,31/10/2022,09:19:15,35.25,35.2,50,35.25,6550,57900,3058050
NIFTY03NOV2218100CE.NFO,31/10/2022,09:19:16,35.1,35.05,119000,35.1,50,44800,3058050
NIFTY03NOV2218100CE.NFO,31/10/2022,09:19:17,35.1,35.15,200,35.25,7050,17050,3058050
NIFTY03NOV2218100CE.NFO,31/10/2022,09:19:18,35.15,35.05,116000,35.15,5150,5600,3058050
NIFTY03NOV2218100CE.NFO,31/10/2022,09:19:19,35.1,35.1,2250,35.2,4350,40050,3058050
NIFTY03NOV2218100CE.NFO,31/10/2022,09:19:21,35.4,35.35,5000,35.45,3750,20200,3058050
NIFTY03NOV2218100CE.NFO,31/10/2022,09:19:22,35.8,35.75,3550,35.85,2400,20050,3058050
NIFTY03NOV2218100CE.NFO,31/10/2022,09:19:23,36.3,36.2,3700,36.3,2700,38450,3058050
NIFTY03NOV2218100CE.NFO,31/10/2022,09:19:25,36.5,36.45,200,36.5,3750,19300,3058050
NIFTY03NOV2218100CE.NFO,31/10/2022,09:19:26,36.35,36.25,6250,36.35,4650,15050,3058050
NIFTY03NOV2218100CE.NFO,31/10/2022,09:19:27,36.5,36.45,300,36.5,3300,11700,3058050
NIFTY03NOV2218100CE.NFO,31/10/2022,09:19:29,36,35.95,150,36,700,10500,3058050
NIFTY03NOV2218100CE.NFO,31/10/2022,09:19:30,35.75,35.7,3600,35.8,1750,9100,3058050
NIFTY03NOV2218100CE.NFO,31/10/2022,09:19:31,36,35.9,2750,36,3200,18750,3058050
NIFTY03NOV2218100CE.NFO,31/10/2022,09:19:32,36.3,36.2,750,36.25,2700,7650,3058050
NIFTY03NOV2218100CE.NFO,31/10/2022,09:19:34,35.7,35.55,3600,35.65,2550,21150,3058050
NIFTY03NOV2218100CE.NFO,31/10/2022,09:19:35,35.8,35.7,5650,35.8,4600,5850,3058050
NIFTY03NOV2218100CE.NFO,31/10/2022,09:19:36,36,36,2350,36.05,550,10350,3058050
NIFTY03NOV2218100CE.NFO,31/10/2022,09:19:37,35.9,35.9,2650,35.95,200,10100,3058050
NIFTY03NOV2218100CE.NFO,31/10/2022,09:19:38,36.05,35.85,3450,35.95,6100,5100,3058050
NIFTY03NOV2218100CE.NFO,31/10/2022,09:19:40,36,36,5650,36.1,3900,8600,3058050
NIFTY03NOV2218100CE.NFO,31/10/2022,09:19:41,36.15,36.1,1050,36.15,4950,5950,3058050
NIFTY03NOV2218100CE.NFO,31/10/2022,09:19:42,36.2,36.25,150,36.3,2900,6300,3058050
NIFTY03NOV2218100CE.NFO,31/10/2022,09:19:43,36.1,36.1,4400,36.2,4600,5100,3058050
NIFTY03NOV2218100CE.NFO,31/10/2022,09:19:44,36.3,36.3,5550,36.4,3600,15100,3058050
NIFTY03NOV2218100CE.NFO,31/10/2022,09:19:45,36.35,36.25,8550,36.35,150,11500,3058050
NIFTY03NOV2218100CE.NFO,31/10/2022,09:19:46,36.5,36.5,6000,36.6,3050,3750,3058050
NIFTY03NOV2218100CE.NFO,31/10/2022,09:19:48,36.4,36.3,5150,36.4,3300,8250,3058050
NIFTY03NOV2218100CE.NFO,31/10/2022,09:19:49,36.2,36.1,6600,36.2,1200,5200,3058050
NIFTY03NOV2218100CE.NFO,31/10/2022,09:19:50,36.25,36.25,2700,36.35,3500,5850,3058050
NIFTY03NOV2218100CE.NFO,31/10/2022,09:19:51,36.2,36.15,5150,36.25,6700,6800,3058050
NIFTY03NOV2218100CE.NFO,31/10/2022,09:19:52,35.9,35.9,3100,35.95,150,7850,3058050
NIFTY03NOV2218100CE.NFO,31/10/2022,09:19:54,35.75,35.65,6350,35.7,150,12300,3058050
NIFTY03NOV2218100CE.NFO,31/10/2022,09:19:55,35.5,35.4,5650,35.5,5350,10350,3058050
NIFTY03NOV2218100CE.NFO,31/10/2022,09:19:56,35.6,35.6,150,35.7,6400,7400,3058050
NIFTY03NOV2218100CE.NFO,31/10/2022,09:19:57,35.7,35.6,7850,35.7,100,7150,3058050
NIFTY03NOV2218100CE.NFO,31/10/2022,09:19:58,35.8,35.75,50,35.8,3200,4500,3058050
NIFTY03NOV2218100CE.NFO,31/10/2022,09:19:59,35.95,35.9,800,35.95,950,11650,3058050
NIFTY03NOV2218100CE.NFO,31/10/2022,09:20:01,36.5,36.5,3350,36.55,50,24300,3058050
NIFTY03NOV2218100CE.NFO,31/10/2022,09:20:02,36.55,36.5,3400,36.55,600,24850,3058050
NIFTY03NOV2218100CE.NFO,31/10/2022,09:20:03,35.6,35.55,2400,35.65,3800,45200,3058050
NIFTY03NOV2218100CE.NFO,31/10/2022,09:20:05,35.6,35.6,5950,35.7,2800,32000,3058050
NIFTY03NOV2218100CE.NFO,31/10/2022,09:20:06,36,36,3150,36.1,2700,12000,3058050
NIFTY03NOV2218100CE.NFO,31/10/2022,09:20:07,35.9,35.9,4200,36,5700,15850,3058050
NIFTY03NOV2218100CE.NFO,31/10/2022,09:20:08,36.4,36.4,8250,36.5,7800,9450,3058050
NIFTY03NOV2218100CE.NFO,31/10/2022,09:20:09,36.4,36.4,4250,36.45,500,13650,3058050
NIFTY03NOV2218100CE.NFO,31/10/2022,09:20:11,35.2,35.2,500,35.25,2350,27050,3058050
NIFTY03NOV2218100CE.NFO,31/10/2022,09:20:12,35.05,35,4600,35.1,3300,37800,3058050
NIFTY03NOV2218100CE.NFO,31/10/2022,09:20:13,35.2,35.2,2650,35.25,150,4450,3058050
NIFTY03NOV2218100CE.NFO,31/10/2022,09:20:14,35.45,35.35,4700,35.45,3000,11800,3058050
NIFTY03NOV2218100CE.NFO,31/10/2022,09:20:15,35,34.95,3000,35,250,7550,3058050
NIFTY03NOV2218100CE.NFO,31/10/2022,09:20:16,35,35,6400,35.1,5900,11700,3058050
NIFTY03NOV2218100CE.NFO,31/10/2022,09:20:17,35.2,35.15,7900,35.25,5600,4500,3058050
NIFTY03NOV2218100CE.NFO,31/10/2022,09:20:18,35.55,35.5,4750,35.6,3950,6150,3249350
NIFTY03NOV2218100CE.NFO,31/10/2022,09:20:19,35.45,35.45,2800,35.55,5750,45550,3249350
NIFTY03NOV2218100CE.NFO,31/10/2022,09:20:20,35.05,35.05,1400,35.1,150,11400,3249350
NIFTY03NOV2218100CE.NFO,31/10/2022,09:20:21,35.05,35,5700,35.1,3000,12400,3249350
NIFTY03NOV2218100CE.NFO,31/10/2022,09:20:22,34.95,34.95,850,35.05,5250,4750,3249350
NIFTY03NOV2218100CE.NFO,31/10/2022,09:20:22,34.95,34.95,50,35,2050,2900,3249350
NIFTY03NOV2218100CE.NFO,31/10/2022,09:20:24,35,34.9,3900,35,2950,7400,3249350
NIFTY03NOV2218100CE.NFO,31/10/2022,09:20:25,35.3,35.25,3550,35.35,3850,3350,3249350
NIFTY03NOV2218100CE.NFO,31/10/2022,09:20:26,35.25,35.15,5600,35.2,500,8950,3249350
NIFTY03NOV2218100CE.NFO,31/10/2022,09:20:27,34.85,34.75,4050,34.85,2350,8700,3249350
NIFTY03NOV2218100CE.NFO,31/10/2022,09:20:28,34.75,34.75,3000,34.8,50,2800,3249350
NIFTY03NOV2218100CE.NFO,31/10/2022,09:20:29,34.75,34.7,4800,34.8,4600,6200,3249350
NIFTY03NOV2218100CE.NFO,31/10/2022,09:20:29,34.8,34.75,3650,34.85,5750,3050,3249350
NIFTY03NOV2218100CE.NFO,31/10/2022,09:20:31,34.85,34.75,2150,34.85,4100,4850,3249350
NIFTY03NOV2218100CE.NFO,31/10/2022,09:20:32,34.7,34.75,2300,34.8,600,3400,3249350
NIFTY03NOV2218100CE.NFO,31/10/2022,09:20:33,34.9,34.85,2800,34.9,550,10900,3249350
NIFTY03NOV2218100CE.NFO,31/10/2022,09:20:34,34.9,34.9,2800,35,3400,10550,3249350
NIFTY03NOV2218100CE.NFO,31/10/2022,09:20:35,35,35,3050,35.1,3650,5750,3249350
NIFTY03NOV2218100CE.NFO,31/10/2022,09:20:36,35,34.95,3300,35,150,3550,3249350
NIFTY03NOV2218100CE.NFO,31/10/2022,09:20:36,35.05,34.95,3000,35.05,6250,950,3249350
NIFTY03NOV2218100CE.NFO,31/10/2022,09:20:37,34.75,34.8,200,34.85,3700,7050,3249350
NIFTY03NOV2218100CE.NFO,31/10/2022,09:20:39,34.85,34.8,3400,34.9,2100,8650,3249350
NIFTY03NOV2218100CE.NFO,31/10/2022,09:20:40,34.9,34.8,3150,34.9,2200,9100,3249350
NIFTY03NOV2218100CE.NFO,31/10/2022,09:20:41,34.75,34.75,450,34.8,800,13150,3249350
NIFTY03NOV2218100CE.NFO,31/10/2022,09:20:42,35.1,35.05,2800,35.1,500,8500,3249350
NIFTY03NOV2218100CE.NFO,31/10/2022,09:20:43,35.1,35.1,50,35.15,3850,10750,3249350
NIFTY03NOV2218100CE.NFO,31/10/2022,09:20:43,35,35,5350,35.1,2250,400,3249350
NIFTY03NOV2218100CE.NFO,31/10/2022,09:20:44,34.9,34.9,100,34.95,750,9850,3249350
NIFTY03NOV2218100CE.NFO,31/10/2022,09:20:45,34.6,34.6,2650,34.65,50,8250,3249350
NIFTY03NOV2218100CE.NFO,31/10/2022,09:20:47,34.5,34.5,9500,34.55,1450,16300,3249350
NIFTY03NOV2218100CE.NFO,31/10/2022,09:20:48,34.55,34.55,2100,34.6,200,13000,3249350
NIFTY03NOV2218100CE.NFO,31/10/2022,09:20:49,34.2,34.2,6100,34.3,3500,14300,3249350
NIFTY03NOV2218100CE.NFO,31/10/2022,09:20:50,34.5,34.4,4550,34.5,3400,5350,3249350
NIFTY03NOV2218100CE.NFO,31/10/2022,09:20:51,34.3,34.3,5600,34.35,1500,4000,3249350
NIFTY03NOV2218100CE.NFO,31/10/2022,09:20:52,34.3,34.25,3450,34.35,5700,16350,3249350
NIFTY03NOV2218100CE.NFO,31/10/2022,09:20:53,34.15,34.1,4950,34.2,3050,4200,3249350
NIFTY03NOV2218100CE.NFO,31/10/2022,09:20:54,34.35,34.35,5800,34.45,5850,5050,3249350
NIFTY03NOV2218100CE.NFO,31/10/2022,09:20:55,34.4,34.45,100,34.55,5750,5850,3249350
NIFTY03NOV2218100CE.NFO,31/10/2022,09:20:56,34.55,34.55,6850,34.65,5450,3850,3249350
NIFTY03NOV2218100CE.NFO,31/10/2022,09:20:57,34.65,34.55,8000,34.65,3300,4000,3249350
NIFTY03NOV2218100CE.NFO,31/10/2022,09:20:58,34.45,34.4,4150,34.5,3000,1300,3249350
NIFTY03NOV2218100CE.NFO,31/10/2022,09:20:59,34.4,34.45,3000,34.5,2300,3500,3249350
NIFTY03NOV2218100CE.NFO,31/10/2022,09:21:00,34.6,34.6,7650,34.7,5350,2200,3249350
NIFTY03NOV2218100CE.NFO,31/10/2022,09:21:01,34.95,34.9,3400,35,5800,12550,3249350
NIFTY03NOV2218100CE.NFO,31/10/2022,09:21:02,34.8,34.7,3500,34.75,50,2750,3249350
NIFTY03NOV2218100CE.NFO,31/10/2022,09:21:03,34.55,34.5,50,34.55,5150,5400,3249350
NIFTY03NOV2218100CE.NFO,31/10/2022,09:21:04,34.75,34.65,200,34.75,6300,1800,3249350
NIFTY03NOV2218100CE.NFO,31/10/2022,09:21:05,34.9,34.85,5200,34.95,2950,12850,3249350
NIFTY03NOV2218100CE.NFO,31/10/2022,09:21:06,34.6,34.65,650,34.7,4600,5500,3249350
NIFTY03NOV2218100CE.NFO,31/10/2022,09:21:07,34.6,34.55,1300,34.6,4000,3800,3249350
NIFTY03NOV2218100CE.NFO,31/10/2022,09:21:08,34.55,34.45,3100,34.55,3900,7500,3249350
NIFTY03NOV2218100CE.NFO,31/10/2022,09:21:09,34.4,34.3,5600,34.4,5650,5750,3249350
NIFTY03NOV2218100CE.NFO,31/10/2022,09:21:11,34.85,34.8,5000,34.85,300,11550,3249350
NIFTY03NOV2218100CE.NFO,31/10/2022,09:21:12,34.4,34.35,5600,34.4,50,5500,3249350
NIFTY03NOV2218100CE.NFO,31/10/2022,09:21:13,34.25,34.15,4000,34.25,200,10550,3249350
NIFTY03NOV2218100CE.NFO,31/10/2022,09:21:14,34.05,34,16250,34.05,2050,14950,3249350
NIFTY03NOV2218100CE.NFO,31/10/2022,09:21:15,34.1,34.05,2800,34.1,2800,19350,3249350
NIFTY03NOV2218100CE.NFO,31/10/2022,09:21:16,34.3,34.2,7050,34.3,4800,11200,3249350
NIFTY03NOV2218100CE.NFO,31/10/2022,09:21:18,34.35,34.25,5350,34.35,2800,4800,3249350
NIFTY03NOV2218100CE.NFO,31/10/2022,09:21:19,34.3,34.25,3600,34.3,200,6700,3249350
NIFTY03NOV2218100CE.NFO,31/10/2022,09:21:20,34.35,34.25,3000,34.35,3750,2850,3249350
NIFTY03NOV2218100CE.NFO,31/10/2022,09:21:21,34.2,34.2,5400,34.3,200,1250,3249350
NIFTY03NOV2218100CE.NFO,31/10/2022,09:21:22,34.05,34.05,7300,34.15,2900,4800,3249350
NIFTY03NOV2218100CE.NFO,31/10/2022,09:21:23,34,34,2900,34.05,50,1750,3249350
NIFTY03NOV2218100CE.NFO,31/10/2022,09:21:24,33.75,33.75,3550,33.85,1200,11950,3249350
NIFTY03NOV2218100CE.NFO,31/10/2022,09:21:25,33.65,33.6,6300,33.7,3800,10550,3249350
NIFTY03NOV2218100CE.NFO,31/10/2022,09:21:26,33.55,33.5,6050,33.6,3350,1900,3249350
NIFTY03NOV2218100CE.NFO,31/10/2022,09:21:27,33.6,33.6,3250,33.7,150,7100,3249350
NIFTY03NOV2218100CE.NFO,31/10/2022,09:21:28,34,33.9,2200,34,4250,2700,3249350
NIFTY03NOV2218100CE.NFO,31/10/2022,09:21:29,33.95,33.95,5700,34.05,5750,4500,3249350
NIFTY03NOV2218100CE.NFO,31/10/2022,09:21:30,33.65,33.65,1200,33.7,150,5450,3249350
NIFTY03NOV2218100CE.NFO,31/10/2022,09:21:31,33.8,33.75,3100,33.85,3600,5700,3249350
NIFTY03NOV2218100CE.NFO,31/10/2022,09:21:32,33.75,33.7,4400,33.8,2700,1200,3249350
NIFTY03NOV2218100CE.NFO,31/10/2022,09:21:33,33.6,33.55,6250,33.65,5650,6300,3249350
NIFTY03NOV2218100CE.NFO,31/10/2022,09:21:34,33.75,33.65,9550,33.75,2900,3050,3249350
NIFTY03NOV2218100CE.NFO,31/10/2022,09:21:35,33.55,33.5,7400,33.6,4450,1800,3249350
NIFTY03NOV2218100CE.NFO,31/10/2022,09:21:36,33.5,33.5,1850,33.55,1700,4800,3249350
NIFTY03NOV2218100CE.NFO,31/10/2022,09:21:37,33.45,33.45,2850,33.55,3700,6150,3249350
NIFTY03NOV2218100CE.NFO,31/10/2022,09:21:38,33.35,33.35,2800,33.45,3300,5800,3249350
NIFTY03NOV2218100CE.NFO,31/10/2022,09:21:39,33.45,33.35,5600,33.45,2700,5350,3249350
NIFTY03NOV2218100CE.NFO,31/10/2022,09:21:40,33.2,33.2,4700,33.3,4150,4850,3249350
NIFTY03NOV2218100CE.NFO,31/10/2022,09:21:42,33.15,33.15,3300,33.25,5650,20050,3249350
NIFTY03NOV2218100CE.NFO,31/10/2022,09:21:43,33.3,33.3,2650,33.35,250,3350,3249350
NIFTY03NOV2218100CE.NFO,31/10/2022,09:21:44,33.85,33.75,750,33.85,6250,7000,3249350
NIFTY03NOV2218100CE.NFO,31/10/2022,09:21:45,33.7,33.7,50,33.75,3000,9750,3249350
NIFTY03NOV2218100CE.NFO,31/10/2022,09:21:46,33.8,33.85,1450,33.9,3450,11450,3249350
NIFTY03NOV2218100CE.NFO,31/10/2022,09:21:47,34.15,34.2,200,34.25,2850,17650,3249350
NIFTY03NOV2218100CE.NFO,31/10/2022,09:21:48,34.1,34.1,200,34.15,2800,7800,3249350
NIFTY03NOV2218100CE.NFO,31/10/2022,09:21:49,34.25,34.2,3450,34.3,3300,11800,3249350
NIFTY03NOV2218100CE.NFO,31/10/2022,09:21:51,34,34,2800,34.1,3900,6250,3249350
NIFTY03NOV2218100CE.NFO,31/10/2022,09:21:52,33.65,33.65,5750,33.75,50,5850,3249350
NIFTY03NOV2218100CE.NFO,31/10/2022,09:21:53,33.65,33.6,3600,33.65,50,4150,3249350
NIFTY03NOV2218100CE.NFO,31/10/2022,09:21:54,33.3,33.3,5350,33.4,4250,3350,3249350
NIFTY03NOV2218100CE.NFO,31/10/2022,09:21:55,33.45,33.35,6950,33.45,3300,3300,3249350
NIFTY03NOV2218100CE.NFO,31/10/2022,09:21:56,33.3,33.3,2600,33.35,50,2750,3249350
NIFTY03NOV2218100CE.NFO,31/10/2022,09:21:57,33.3,33.3,200,33.35,2850,6900,3249350
NIFTY03NOV2218100CE.NFO,31/10/2022,09:21:58,33.3,33.25,2450,33.35,4150,3550,3249350
NIFTY03NOV2218100CE.NFO,31/10/2022,09:21:59,33.7,33.6,7300,33.7,3700,3600,3249350
NIFTY03NOV2218100CE.NFO,31/10/2022,09:22:00,33.6,33.6,7000,33.7,6150,8100,3249350
NIFTY03NOV2218100CE.NFO,31/10/2022,09:22:01,33.55,33.55,4350,33.65,3400,1500,3249350
NIFTY03NOV2218100CE.NFO,31/10/2022,09:22:02,33.8,33.75,4100,33.85,3050,5250,3249350
NIFTY03NOV2218100CE.NFO,31/10/2022,09:22:03,34,33.9,4100,34,4900,14850,3249350
NIFTY03NOV2218100CE.NFO,31/10/2022,09:22:04,34.15,34.15,150,34.2,6850,5100,3249350
NIFTY03NOV2218100CE.NFO,31/10/2022,09:22:05,33.4,33.35,50,33.4,3450,13900,3249350
NIFTY03NOV2218100CE.NFO,31/10/2022,09:22:06,33.45,33.5,4050,33.55,50,7600,3249350
NIFTY03NOV2218100CE.NFO,31/10/2022,09:22:07,33.8,33.75,2550,33.8,50,4250,3249350
NIFTY03NOV2218100CE.NFO,31/10/2022,09:22:08,33.9,33.85,3350,33.95,2950,1400,3249350
NIFTY03NOV2218100CE.NFO,31/10/2022,09:22:09,33.6,33.65,200,33.7,2800,1950,3249350
NIFTY03NOV2218100CE.NFO,31/10/2022,09:22:10,33.5,33.5,300,33.55,6000,1200,3249350
NIFTY03NOV2218100CE.NFO,31/10/2022,09:22:11,33.65,33.6,150,33.7,5150,2750,3249350
NIFTY03NOV2218100CE.NFO,31/10/2022,09:22:12,33.5,33.5,900,33.55,250,4100,3249350
NIFTY03NOV2218100CE.NFO,31/10/2022,09:22:13,33.55,33.55,3550,33.6,200,3250,3249350
NIFTY03NOV2218100CE.NFO,31/10/2022,09:22:14,33.35,33.35,3050,33.45,2650,5900,3249350
NIFTY03NOV2218100CE.NFO,31/10/2022,09:22:15,33.4,33.3,4550,33.4,5450,9200,3249350
NIFTY03NOV2218100CE.NFO,31/10/2022,09:22:16,33.55,33.6,150,33.65,2850,10500,3249350
NIFTY03NOV2218100CE.NFO,31/10/2022,09:22:17,33.55,33.55,8200,33.65,200,2800,3249350
NIFTY03NOV2218100CE.NFO,31/10/2022,09:22:18,33.55,33.5,3250,33.55,200,1800,3249350
NIFTY03NOV2218100CE.NFO,31/10/2022,09:22:19,33.45,33.35,4100,33.45,4400,3550,3249350
NIFTY03NOV2218100CE.NFO,31/10/2022,09:22:20,33.1,33.1,1250,33.15,250,8350,3249350
NIFTY03NOV2218100CE.NFO,31/10/2022,09:22:21,33.05,33.05,4700,33.15,6350,2750,3249350
NIFTY03NOV2218100CE.NFO,31/10/2022,09:22:22,33.05,33.05,2750,33.1,450,6950,3249350
NIFTY03NOV2218100CE.NFO,31/10/2022,09:22:23,33.1,33.1,3600,33.15,300,5850,3249350
NIFTY03NOV2218100CE.NFO,31/10/2022,09:22:24,33.15,33.15,150,33.2,2800,600,3249350
NIFTY03NOV2218100CE.NFO,31/10/2022,09:22:25,33.35,33.35,200,33.4,2900,4450,3249350
NIFTY03NOV2218100CE.NFO,31/10/2022,09:22:26,33.5,33.5,150,33.55,3050,2850,3249350
NIFTY03NOV2218100CE.NFO,31/10/2022,09:22:27,33.45,33.45,2200,33.5,2800,450,3249350
NIFTY03NOV2218100CE.NFO,31/10/2022,09:22:28,33.6,33.55,3450,33.6,50,5550,3249350
NIFTY03NOV2218100CE.NFO,31/10/2022,09:22:29,33.55,33.55,2150,33.65,6300,6450,3249350
NIFTY03NOV2218100CE.NFO,31/10/2022,09:22:30,33.6,33.55,650,33.6,5550,4350,3249350
NIFTY03NOV2218100CE.NFO,31/10/2022,09:22:31,33.55,33.5,200,33.55,2800,1600,3249350
NIFTY03NOV2218100CE.NFO,31/10/2022,09:22:32,33.8,33.8,250,33.85,3150,12700,3249350
NIFTY03NOV2218100CE.NFO,31/10/2022,09:22:33,33.95,33.9,2050,34,4550,3300,3249350
NIFTY03NOV2218100CE.NFO,31/10/2022,09:22:34,34.1,34.1,4250,34.2,5650,2450,3249350
NIFTY03NOV2218100CE.NFO,31/10/2022,09:22:36,34.15,34.1,3200,34.15,500,6000,3249350
NIFTY03NOV2218100CE.NFO,31/10/2022,09:22:37,34.25,34.15,7850,34.25,5750,1400,3249350
NIFTY03NOV2218100CE.NFO,31/10/2022,09:22:38,34.25,34.25,550,34.35,5950,1200,3249350
NIFTY03NOV2218100CE.NFO,31/10/2022,09:22:39,34.3,34.2,5450,34.35,6550,4550,3249350
NIFTY03NOV2218100CE.NFO,31/10/2022,09:22:40,34.6,34.5,3750,34.6,6550,8750,3249350
NIFTY03NOV2218100CE.NFO,31/10/2022,09:22:42,34.25,34.2,5200,34.3,7700,7350,3249350
NIFTY03NOV2218100CE.NFO,31/10/2022,09:22:43,34.25,34.15,2500,34.25,4250,3450,3249350
NIFTY03NOV2218100CE.NFO,31/10/2022,09:22:44,34.35,34.25,3050,34.35,1000,3450,3249350
NIFTY03NOV2218100CE.NFO,31/10/2022,09:22:45,34.2,34.2,2900,34.3,3200,5750,3249350
NIFTY03NOV2218100CE.NFO,31/10/2022,09:22:46,33.55,33.5,3050,33.6,3950,6650,3249350
NIFTY03NOV2218100CE.NFO,31/10/2022,09:22:47,33.6,33.55,7050,33.65,3650,1700,3249350
NIFTY03NOV2218100CE.NFO,31/10/2022,09:22:48,33.55,33.5,5600,33.6,350,2000,3249350
NIFTY03NOV2218100CE.NFO,31/10/2022,09:22:49,33.4,33.4,3400,33.5,4950,4650,3249350
NIFTY03NOV2218100CE.NFO,31/10/2022,09:22:50,33.6,33.55,5300,33.65,1650,2650,3249350
NIFTY03NOV2218100CE.NFO,31/10/2022,09:22:51,33.9,33.95,150,34,2800,6700,3249350
NIFTY03NOV2218100CE.NFO,31/10/2022,09:22:52,34.05,34.1,2000,34.15,2850,9600,3249350
NIFTY03NOV2218100CE.NFO,31/10/2022,09:22:53,34.05,34,5400,34.1,3000,4400,3249350
NIFTY03NOV2218100CE.NFO,31/10/2022,09:22:54,34.15,34.15,150,34.2,2800,6800,3249350
NIFTY03NOV2218100CE.NFO,31/10/2022,09:22:55,33.85,33.75,3100,33.8,250,6000,3249350
NIFTY03NOV2218100CE.NFO,31/10/2022,09:22:56,33.85,33.8,2850,33.85,50,3600,3249350
NIFTY03NOV2218100CE.NFO,31/10/2022,09:22:57,33.6,33.55,4350,33.65,3400,2750,3249350
NIFTY03NOV2218100CE.NFO,31/10/2022,09:22:58,33.4,33.35,3000,33.4,150,6550,3249350
NIFTY03NOV2218100CE.NFO,31/10/2022,09:22:59,32.8,32.8,3200,32.9,6400,36900,3249350
NIFTY03NOV2218100CE.NFO,31/10/2022,09:23:00,32.55,32.55,2700,32.6,50,15750,3249350
NIFTY03NOV2218100CE.NFO,31/10/2022,09:23:01,33,33,100,33.05,2750,14200,3249350
NIFTY03NOV2218100CE.NFO,31/10/2022,09:23:02,33.35,33.3,350,33.35,5800,7250,3249350
NIFTY03NOV2218100CE.NFO,31/10/2022,09:23:03,33.3,33.25,7800,33.35,6050,1250,3249350
NIFTY03NOV2218100CE.NFO,31/10/2022,09:23:04,33.65,33.55,6050,33.65,2950,5150,3249350
NIFTY03NOV2218100CE.NFO,31/10/2022,09:23:05,33.95,33.85,50,33.9,4250,6050,3249350
NIFTY03NOV2218100CE.NFO,31/10/2022,09:23:06,33.9,33.8,3750,33.9,950,8100,3249350
NIFTY03NOV2218100CE.NFO,31/10/2022,09:23:07,34.25,34.2,5550,34.25,150,13900,3249350
NIFTY03NOV2218100CE.NFO,31/10/2022,09:23:08,34.3,34.3,7000,34.4,3350,9850,3249350
NIFTY03NOV2218100CE.NFO,31/10/2022,09:23:09,34.25,34.25,100,34.3,2650,4500,3249350
NIFTY03NOV2218100CE.NFO,31/10/2022,09:23:10,34.05,33.95,6550,34.05,3250,4050,3249350
NIFTY03NOV2218100CE.NFO,31/10/2022,09:23:11,33.95,33.95,2650,34,50,1950,3249350
NIFTY03NOV2218100CE.NFO,31/10/2022,09:23:12,33.85,34,2100,34.05,2900,2550,3249350
NIFTY03NOV2218100CE.NFO,31/10/2022,09:23:13,34.2,34.1,5150,34.2,3300,750,3249350
NIFTY03NOV2218100CE.NFO,31/10/2022,09:23:14,34.25,34.25,4050,34.35,4400,5200,3249350
NIFTY03NOV2218100CE.NFO,31/10/2022,09:23:15,34.3,34.2,8250,34.3,5150,7400,3249350
NIFTY03NOV2218100CE.NFO,31/10/2022,09:23:16,34.35,34.3,3750,34.4,3050,1200,3249350
NIFTY03NOV2218100CE.NFO,31/10/2022,09:23:17,34.2,34.2,8000,34.3,3100,4100,3249350
NIFTY03NOV2218100CE.NFO,31/10/2022,09:23:18,34.55,34.4,5750,34.45,50,7000,3352200
NIFTY03NOV2218100CE.NFO,31/10/2022,09:23:19,34.65,34.6,5100,34.65,50,8750,3352200
NIFTY03NOV2218100CE.NFO,31/10/2022,09:23:20,34.55,34.5,2800,34.55,1300,1850,3352200
NIFTY03NOV2218100CE.NFO,31/10/2022,09:23:21,34.6,34.6,7450,34.7,3200,3600,3352200
NIFTY03NOV2218100CE.NFO,31/10/2022,09:23:22,34.4,34.35,1850,34.45,3600,9300,3352200
NIFTY03NOV2218100CE.NFO,31/10/2022,09:23:23,34.45,34.4,4200,34.45,50,11900,3352200
NIFTY03NOV2218100CE.NFO,31/10/2022,09:23:24,34.6,34.45,3450,34.5,200,5000,3352200
NIFTY03NOV2218100CE.NFO,31/10/2022,09:23:25,34.65,34.6,2950,34.7,5250,4800,3352200
NIFTY03NOV2218100CE.NFO,31/10/2022,09:23:27,34.95,34.85,7850,34.95,3150,7100,3352200
NIFTY03NOV2218100CE.NFO,31/10/2022,09:23:28,34.9,34.85,3600,34.95,6350,4650,3352200
NIFTY03NOV2218100CE.NFO,31/10/2022,09:23:29,34.85,34.75,4050,34.85,4100,6750,3352200
NIFTY03NOV2218100CE.NFO,31/10/2022,09:23:30,34.85,34.8,6300,34.9,3000,1000,3352200
NIFTY03NOV2218100CE.NFO,31/10/2022,09:23:31,34.95,34.9,500,34.95,3100,3050,3352200
NIFTY03NOV2218100CE.NFO,31/10/2022,09:23:32,34.8,34.75,3300,34.8,150,6200,3352200
NIFTY03NOV2218100CE.NFO,31/10/2022,09:23:33,34.65,34.55,2950,34.65,5800,3950,3352200
NIFTY03NOV2218100CE.NFO,31/10/2022,09:23:34,34.4,34.4,850,34.45,4350,3800,3352200
NIFTY03NOV2218100CE.NFO,31/10/2022,09:23:35,33.85,33.85,50,33.9,3250,11100,3352200
NIFTY03NOV2218100CE.NFO,31/10/2022,09:23:36,34.25,34.25,3200,34.3,50,5200,3352200
NIFTY03NOV2218100CE.NFO,31/10/2022,09:23:37,34.45,34.3,3350,34.4,500,6150,3352200
NIFTY03NOV2218100CE.NFO,31/10/2022,09:23:38,34.4,34.35,5950,34.4,50,4400,3352200
NIFTY03NOV2218100CE.NFO,31/10/2022,09:23:39,34.1,34.05,2350,34.1,50,4400,3352200
NIFTY03NOV2218100CE.NFO,31/10/2022,09:23:40,34,33.95,5550,34,50,1700,3352200
NIFTY03NOV2218100CE.NFO,31/10/2022,09:23:42,34.25,34.15,2450,34.2,600,3150,3352200
NIFTY03NOV2218100CE.NFO,31/10/2022,09:23:42,34.25,34.15,5400,34.25,3750,300,3352200
NIFTY03NOV2218100CE.NFO,31/10/2022,09:23:43,34.35,34.3,6750,34.35,500,650,3352200
NIFTY03NOV2218100CE.NFO,31/10/2022,09:23:44,34.75,34.65,6050,34.7,50,9450,3352200
NIFTY03NOV2218100CE.NFO,31/10/2022,09:23:45,34.75,34.7,200,34.75,700,2950,3352200
NIFTY03NOV2218100CE.NFO,31/10/2022,09:23:46,34.85,34.8,2000,34.85,1750,650,3352200
NIFTY03NOV2218100CE.NFO,31/10/2022,09:23:47,34.85,34.85,4850,34.9,50,35700,3352200
NIFTY03NOV2218100CE.NFO,31/10/2022,09:23:48,34.8,34.75,4200,34.85,5900,4200,3352200
NIFTY03NOV2218100CE.NFO,31/10/2022,09:23:49,34.95,34.95,2400,35,150,7850,3352200
NIFTY03NOV2218100CE.NFO,31/10/2022,09:23:50,34.95,34.9,3350,34.95,50,6950,3352200
NIFTY03NOV2218100CE.NFO,31/10/2022,09:23:52,35,34.95,7050,35.05,2850,5500,3352200
NIFTY03NOV2218100CE.NFO,31/10/2022,09:23:52,34.8,34.8,200,34.85,3000,1150,3352200
NIFTY03NOV2218100CE.NFO,31/10/2022,09:23:53,34.95,34.85,2200,34.9,3900,1250,3352200
NIFTY03NOV2218100CE.NFO,31/10/2022,09:23:54,34.75,34.7,5450,34.8,4700,3350,3352200
NIFTY03NOV2218100CE.NFO,31/10/2022,09:23:55,34.65,34.55,5750,34.65,3500,4350,3352200
NIFTY03NOV2218100CE.NFO,31/10/2022,09:23:56,34.3,34.25,4700,34.35,4050,4900,3352200
NIFTY03NOV2218100CE.NFO,31/10/2022,09:23:57,34.25,34.15,50,34.2,1650,100,3352200
NIFTY03NOV2218100CE.NFO,31/10/2022,09:23:58,34.35,34.35,300,34.4,3300,3450,3352200
NIFTY03NOV2218100CE.NFO,31/10/2022,09:23:59,34.5,34.4,3300,34.5,5300,2200,3352200
NIFTY03NOV2218100CE.NFO,31/10/2022,09:24:00,34.4,34.45,1950,34.55,3500,2500,3352200
NIFTY03NOV2218100CE.NFO,31/10/2022,09:24:01,34.4,34.35,4050,34.45,4800,9400,3352200
NIFTY03NOV2218100CE.NFO,31/10/2022,09:24:03,34.1,34,10750,34.1,3600,2400,3352200
NIFTY03NOV2218100CE.NFO,31/10/2022,09:24:04,34.4,34.35,3500,34.45,5050,9500,3352200
NIFTY03NOV2218100CE.NFO,31/10/2022,09:24:05,34.4,34.3,6000,34.4,1150,1000,3352200
NIFTY03NOV2218100CE.NFO,31/10/2022,09:24:06,34.45,34.4,3500,34.5,3650,3300,3352200
NIFTY03NOV2218100CE.NFO,31/10/2022,09:24:07,34.15,34.15,950,34.2,250,6300,3352200
NIFTY03NOV2218100CE.NFO,31/10/2022,09:24:08,34.35,34.25,6700,34.35,500,2300,3352200
NIFTY03NOV2218100CE.NFO,31/10/2022,09:24:09,34.4,34.35,4050,34.45,4400,5450,3352200
NIFTY03NOV2218100CE.NFO,31/10/2022,09:24:10,34.45,34.35,100,34.4,3450,300,3352200
NIFTY03NOV2218100CE.NFO,31/10/2022,09:24:11,34.5,34.5,9250,34.6,3450,6200,3352200
NIFTY03NOV2218100CE.NFO,31/10/2022,09:24:12,34.55,34.55,6900,34.65,2850,3650,3352200
NIFTY03NOV2218100CE.NFO,31/10/2022,09:24:13,34.6,34.65,5700,34.75,3250,600,3352200
NIFTY03NOV2218100CE.NFO,31/10/2022,09:24:14,34.8,34.75,750,34.85,3850,3700,3352200
NIFTY03NOV2218100CE.NFO,31/10/2022,09:24:15,34.75,34.75,200,34.8,200,3600,3352200
NIFTY03NOV2218100CE.NFO,31/10/2022,09:24:16,34.8,34.8,200,34.85,3950,950,3352200
NIFTY03NOV2218100CE.NFO,31/10/2022,09:24:17,34.9,34.85,3700,34.9,250,1500,3352200
NIFTY03NOV2218100CE.NFO,31/10/2022,09:24:18,34.9,34.85,4450,34.95,5600,7900,3352200
NIFTY03NOV2218100CE.NFO,31/10/2022,09:24:19,34.8,34.9,200,34.95,6100,6350,3352200
NIFTY03NOV2218100CE.NFO,31/10/2022,09:24:20,34.75,34.75,6150,34.85,5600,3550,3352200
NIFTY03NOV2218100CE.NFO,31/10/2022,09:24:21,34.85,34.7,4400,34.8,3450,1450,3352200
NIFTY03NOV2218100CE.NFO,31/10/2022,09:24:22,34.9,34.85,550,34.9,5650,700,3352200
NIFTY03NOV2218100CE.NFO,31/10/2022,09:24:24,34.8,34.8,3850,34.9,3500,3900,3352200
NIFTY03NOV2218100CE.NFO,31/10/2022,09:24:24,34.8,34.8,4600,34.85,2800,450,3352200
NIFTY03NOV2218100CE.NFO,31/10/2022,09:24:25,35.15,35.05,4450,35.15,2650,15550,3352200
NIFTY03NOV2218100CE.NFO,31/10/2022,09:24:26,35.2,35.15,3650,35.25,6100,3300,3352200
NIFTY03NOV2218100CE.NFO,31/10/2022,09:24:27,35.15,35.2,3950,35.3,3600,2400,3352200
NIFTY03NOV2218100CE.NFO,31/10/2022,09:24:28,35.3,35.3,100,35.35,4850,6400,3352200
NIFTY03NOV2218100CE.NFO,31/10/2022,09:24:29,35,35,5350,35.1,3000,11100,3352200
NIFTY03NOV2218100CE.NFO,31/10/2022,09:24:30,35.1,35.1,1950,35.15,1300,7650,3352200
NIFTY03NOV2218100CE.NFO,31/10/2022,09:24:31,35.1,35,6750,35.1,3000,3100,3352200
NIFTY03NOV2218100CE.NFO,31/10/2022,09:24:32,35,35.05,200,35.1,3100,1250,3352200
NIFTY03NOV2218100CE.NFO,31/10/2022,09:24:33,35.2,35.1,6150,35.2,3850,2200,3352200
NIFTY03NOV2218100CE.NFO,31/10/2022,09:24:34,34.95,34.9,5950,35,200,3300,3352200
NIFTY03NOV2218100CE.NFO,31/10/2022,09:24:35,34.8,34.75,50,34.8,5550,5950,3352200
NIFTY03NOV2218100CE.NFO,31/10/2022,09:24:37,35,34.95,10950,35.05,350,5150,3352200
NIFTY03NOV2218100CE.NFO,31/10/2022,09:24:37,35.05,35,5750,35.1,3450,100,3352200
NIFTY03NOV2218100CE.NFO,31/10/2022,09:24:38,35.05,35.05,7950,35.15,3300,3650,3352200
NIFTY03NOV2218100CE.NFO,31/10/2022,09:24:39,35,35,1450,35.05,2750,1550,3352200
NIFTY03NOV2218100CE.NFO,31/10/2022,09:24:40,35.15,35.15,700,35.2,2800,3150,3352200
NIFTY03NOV2218100CE.NFO,31/10/2022,09:24:41,35,35,3300,35.05,1450,3000,3352200
NIFTY03NOV2218100CE.NFO,31/10/2022,09:24:42,35,34.9,900,34.95,4100,5900,3352200
NIFTY03NOV2218100CE.NFO,31/10/2022,09:24:43,34.95,34.85,5250,34.95,3100,1450,3352200
NIFTY03NOV2218100CE.NFO,31/10/2022,09:24:44,34.8,34.65,4300,34.75,3000,6100,3352200
NIFTY03NOV2218100CE.NFO,31/10/2022,09:24:45,34.8,34.7,4050,34.8,4200,3700,3352200
NIFTY03NOV2218100CE.NFO,31/10/2022,09:24:46,34.6,34.6,7750,34.7,4500,1300,3352200
NIFTY03NOV2218100CE.NFO,31/10/2022,09:24:47,34.7,34.7,3500,34.8,4100,8550,3352200
NIFTY03NOV2218100CE.NFO,31/10/2022,09:24:48,34.75,34.65,5500,34.75,1550,800,3352200
NIFTY03NOV2218100CE.NFO,31/10/2022,09:24:49,34.85,34.8,3400,34.9,5650,8650,3352200
NIFTY03NOV2218100CE.NFO,31/10/2022,09:24:50,35,34.95,4950,35.05,4300,9250,3352200
NIFTY03NOV2218100CE.NFO,31/10/2022,09:24:51,34.9,34.8,7050,34.9,100,3150,3352200
NIFTY03NOV2218100CE.NFO,31/10/2022,09:24:53,34.85,34.75,3700,34.85,5550,1550,3352200
NIFTY03NOV2218100CE.NFO,31/10/2022,09:24:53,34.7,34.75,1800,34.8,3450,500,3352200
NIFTY03NOV2218100CE.NFO,31/10/2022,09:24:54,34.8,34.7,4600,34.8,2450,2850,3352200
NIFTY03NOV2218100CE.NFO,31/10/2022,09:24:55,34.7,34.6,250,34.65,250,1350,3352200
NIFTY03NOV2218100CE.NFO,31/10/2022,09:24:56,34.65,34.6,2800,34.65,50,1850,3352200
NIFTY03NOV2218100CE.NFO,31/10/2022,09:24:57,34.75,34.7,6200,34.8,3550,4650,3352200
NIFTY03NOV2218100CE.NFO,31/10/2022,09:24:58,34.55,34.55,500,34.6,3750,2100,3352200
NIFTY03NOV2218100CE.NFO,31/10/2022,09:24:59,34.55,34.45,7100,34.55,2700,5150,3352200
NIFTY03NOV2218100CE.NFO,31/10/2022,09:25:00,34.5,34.5,1650,34.6,4150,3650,3352200
NIFTY03NOV2218100CE.NFO,31/10/2022,09:25:01,35,34.9,1700,35,2050,5700,3352200
NIFTY03NOV2218100CE.NFO,31/10/2022,09:25:02,34.9,34.85,1400,34.95,500,4300,3352200
NIFTY03NOV2218100CE.NFO,31/10/2022,09:25:03,34.7,34.65,300,34.7,750,2250,3352200
NIFTY03NOV2218100CE.NFO,31/10/2022,09:25:04,34.35,34.25,1000,34.3,100,8900,3352200
NIFTY03NOV2218100CE.NFO,31/10/2022,09:25:05,34.5,34.55,100,34.6,500,4750,3352200
NIFTY03NOV2218100CE.NFO,31/10/2022,09:25:06,34.25,34.25,1250,34.3,150,2800,3352200
NIFTY03NOV2218100CE.NFO,31/10/2022,09:25:07,34.65,34.6,2800,34.7,700,3300,3352200
NIFTY03NOV2218100CE.NFO,31/10/2022,09:25:08,34.6,34.5,2200,34.6,2350,2000,3352200
NIFTY03NOV2218100CE.NFO,31/10/2022,09:25:09,34.45,34.4,1400,34.45,2800,2050,3352200
NIFTY03NOV2218100CE.NFO,31/10/2022,09:25:10,34.7,34.65,3050,34.75,2200,9950,3352200
NIFTY03NOV2218100CE.NFO,31/10/2022,09:25:11,34.55,34.55,2000,34.6,50,3350,3352200
NIFTY03NOV2218100CE.NFO,31/10/2022,09:25:12,34.6,34.6,600,34.65,500,3400,3352200
NIFTY03NOV2218100CE.NFO,31/10/2022,09:25:13,34.65,34.65,1850,34.75,3550,3200,3352200
NIFTY03NOV2218100CE.NFO,31/10/2022,09:25:14,34.65,34.65,800,34.75,1900,5150,3352200
NIFTY03NOV2218100CE.NFO,31/10/2022,09:25:15,34.8,34.7,1950,34.8,900,7000,3352200
NIFTY03NOV2218100CE.NFO,31/10/2022,09:25:16,34.95,34.8,7250,34.9,150,7600,3352200
NIFTY03NOV2218100CE.NFO,31/10/2022,09:25:17,34.55,34.55,1950,34.6,100,6600,3352200
NIFTY03NOV2218100CE.NFO,31/10/2022,09:25:18,34.6,34.5,2750,34.55,500,1050,3352200
NIFTY03NOV2218100CE.NFO,31/10/2022,09:25:19,35,34.9,2200,35,6200,4450,3352200
NIFTY03NOV2218100CE.NFO,31/10/2022,09:25:20,34.9,34.8,900,34.9,2900,4850,3352200
NIFTY03NOV2218100CE.NFO,31/10/2022,09:25:21,34.85,34.75,1150,34.85,1600,2400,3352200
NIFTY03NOV2218100CE.NFO,31/10/2022,09:25:22,34.8,34.75,900,34.85,1150,4950,3352200
NIFTY03NOV2218100CE.NFO,31/10/2022,09:25:23,34.8,34.75,200,34.85,600,150,3352200
NIFTY03NOV2218100CE.NFO,31/10/2022,09:25:24,34.9,34.8,1850,34.85,150,1700,3352200
NIFTY03NOV2218100CE.NFO,31/10/2022,09:25:25,34.8,34.8,50,34.85,850,7850,3352200
NIFTY03NOV2218100CE.NFO,31/10/2022,09:25:26,34.75,34.7,2000,34.8,750,3050,3352200
NIFTY03NOV2218100CE.NFO,31/10/2022,09:25:27,34.85,34.7,3300,34.8,150,2600,3352200
NIFTY03NOV2218100CE.NFO,31/10/2022,09:25:28,34.85,34.8,50,34.9,5200,1500,3352200
NIFTY03NOV2218100CE.NFO,31/10/2022,09:25:29,34.65,34.7,350,34.8,2850,4000,3352200
NIFTY03NOV2218100CE.NFO,31/10/2022,09:25:30,34.8,34.65,1700,34.75,3350,3400,3352200
NIFTY03NOV2218100CE.NFO,31/10/2022,09:25:31,34.7,34.6,1100,34.7,150,1050,3352200
NIFTY03NOV2218100CE.NFO,31/10/2022,09:25:32,34.35,34.35,2000,34.4,100,2100,3352200
NIFTY03NOV2218100CE.NFO,31/10/2022,09:25:33,34.25,34.25,200,34.35,3050,1900,3352200
NIFTY03NOV2218100CE.NFO,31/10/2022,09:25:34,34.3,34.2,3150,34.3,3550,4100,3352200
NIFTY03NOV2218100CE.NFO,31/10/2022,09:25:36,34.7,34.7,2600,34.8,1100,5700,3352200
NIFTY03NOV2218100CE.NFO,31/10/2022,09:25:36,34.85,34.85,150,34.9,3150,600,3352200
NIFTY03NOV2218100CE.NFO,31/10/2022,09:25:37,35,34.9,2550,35,8450,5000,3352200
NIFTY03NOV2218100CE.NFO,31/10/2022,09:25:38,35,35,6550,35.1,100,15450,3352200
NIFTY03NOV2218100CE.NFO,31/10/2022,09:25:40,35.05,34.95,3050,35.05,200,6550,3352200
NIFTY03NOV2218100CE.NFO,31/10/2022,09:25:40,35.2,35.15,2650,35.2,2050,2200,3352200
NIFTY03NOV2218100CE.NFO,31/10/2022,09:25:41,35.1,35.15,2350,35.2,1650,6550,3352200
NIFTY03NOV2218100CE.NFO,31/10/2022,09:25:42,35.2,35.05,3900,35.15,350,3100,3352200
NIFTY03NOV2218100CE.NFO,31/10/2022,09:25:43,35.05,35,3550,35.1,700,1400,3352200
NIFTY03NOV2218100CE.NFO,31/10/2022,09:25:44,35.15,35.15,1800,35.2,50,1350,3352200
NIFTY03NOV2218100CE.NFO,31/10/2022,09:25:45,35.2,35.2,3050,35.3,2350,2300,3352200
NIFTY03NOV2218100CE.NFO,31/10/2022,09:25:47,35.35,35.25,400,35.35,1800,7450,3352200
NIFTY03NOV2218100CE.NFO,31/10/2022,09:25:47,35.1,35.1,50,35.2,2500,3350,3352200
NIFTY03NOV2218100CE.NFO,31/10/2022,09:25:48,35.15,35.05,4000,35.15,1800,300,3352200
NIFTY03NOV2218100CE.NFO,31/10/2022,09:25:49,35,34.9,1600,35,2000,6750,3352200
NIFTY03NOV2218100CE.NFO,31/10/2022,09:25:50,35.05,34.9,3950,35,1800,1000,3352200
NIFTY03NOV2218100CE.NFO,31/10/2022,09:25:51,34.9,34.8,2250,34.9,2700,4700,3352200
NIFTY03NOV2218100CE.NFO,31/10/2022,09:25:52,34.85,34.75,1450,34.85,1850,2100,3352200
NIFTY03NOV2218100CE.NFO,31/10/2022,09:25:53,34.7,34.7,2450,34.8,650,550,3352200
NIFTY03NOV2218100CE.NFO,31/10/2022,09:25:54,34.85,34.75,1850,34.85,850,3800,3352200
NIFTY03NOV2218100CE.NFO,31/10/2022,09:25:55,34.85,34.85,500,34.95,1350,10300,3352200
NIFTY03NOV2218100CE.NFO,31/10/2022,09:25:56,34.9,34.8,2400,34.95,4100,3650,3352200
NIFTY03NOV2218100CE.NFO,31/10/2022,09:25:57,35,34.9,2300,35,300,2800,3352200
NIFTY03NOV2218100CE.NFO,31/10/2022,09:25:58,34.9,34.9,300,34.95,1800,2000,3352200
NIFTY03NOV2218100CE.NFO,31/10/2022,09:25:59,34.75,34.65,2550,34.8,5650,4050,3352200
NIFTY03NOV2218100CE.NFO,31/10/2022,09:26:00,34.9,34.8,3800,34.95,5050,600,3352200
NIFTY03NOV2218100CE.NFO,31/10/2022,09:26:01,34.9,34.9,3000,35,1700,4100,3352200
NIFTY03NOV2218100CE.NFO,31/10/2022,09:26:02,34.9,34.9,650,35,2150,300,3352200
NIFTY03NOV2218100CE.NFO,31/10/2022,09:26:03,34.75,34.7,4100,34.8,100,2600,3352200
NIFTY03NOV2218100CE.NFO,31/10/2022,09:26:04,34.9,34.8,4100,34.9,550,1950,3352200
NIFTY03NOV2218100CE.NFO,31/10/2022,09:26:05,35.05,35.05,1200,35.1,50,3400,3352200
NIFTY03NOV2218100CE.NFO,31/10/2022,09:26:07,35.15,35,650,35.1,2050,1100,3352200
NIFTY03NOV2218100CE.NFO,31/10/2022,09:26:08,34.9,34.85,3300,34.95,1950,700,3352200
NIFTY03NOV2218100CE.NFO,31/10/2022,09:26:09,34.95,34.9,2650,34.95,50,2850,3352200
NIFTY03NOV2218100CE.NFO,31/10/2022,09:26:09,34.95,34.8,3850,34.9,200,100,3352200
NIFTY03NOV2218100CE.NFO,31/10/2022,09:26:10,34.95,34.8,3900,34.9,150,5000,3352200
NIFTY03NOV2218100CE.NFO,31/10/2022,09:26:11,34.9,34.8,1150,34.9,2250,1100,3352200
NIFTY03NOV2218100CE.NFO,31/10/2022,09:26:12,35,34.9,2450,35,2200,400,3352200
NIFTY03NOV2218100CE.NFO,31/10/2022,09:26:13,34.85,34.85,3200,34.95,2050,2500,3352200
NIFTY03NOV2218100CE.NFO,31/10/2022,09:26:14,35.05,35.05,2800,35.15,1350,3500,3352200
NIFTY03NOV2218100CE.NFO,31/10/2022,09:26:15,35.25,35.15,250,35.2,600,2950,3352200
NIFTY03NOV2218100CE.NFO,31/10/2022,09:26:16,35.05,35.05,600,35.1,100,2200,3352200
NIFTY03NOV2218100CE.NFO,31/10/2022,09:26:18,34.75,34.75,150,34.85,2600,4850,3352200
NIFTY03NOV2218100CE.NFO,31/10/2022,09:26:19,34.8,34.8,2050,34.9,1850,450,3325900
NIFTY03NOV2218100CE.NFO,31/10/2022,09:26:20,34.95,34.95,1150,35.05,1950,3350,3325900
NIFTY03NOV2218100CE.NFO,31/10/2022,09:26:20,34.9,34.9,1650,35,1900,100,3325900
NIFTY03NOV2218100CE.NFO,31/10/2022,09:26:21,34.8,34.75,2200,34.85,1900,3650,3325900
NIFTY03NOV2218100CE.NFO,31/10/2022,09:26:22,34.75,34.8,1200,34.9,3700,500,3325900
NIFTY03NOV2218100CE.NFO,31/10/2022,09:26:24,35.1,35.1,1650,35.15,50,4850,3325900
NIFTY03NOV2218100CE.NFO,31/10/2022,09:26:25,35.3,35.35,50,35.4,200,8550,3325900
NIFTY03NOV2218100CE.NFO,31/10/2022,09:26:26,35.3,35.3,50,35.35,1050,2000,3325900
NIFTY03NOV2218100CE.NFO,31/10/2022,09:26:27,35.35,35.25,150,35.35,1800,6850,3325900
NIFTY03NOV2218100CE.NFO,31/10/2022,09:26:27,35.35,35.3,500,35.4,2000,1750,3325900
NIFTY03NOV2218100CE.NFO,31/10/2022,09:26:28,35.35,35.3,500,35.4,950,800,3325900
NIFTY03NOV2218100CE.NFO,31/10/2022,09:26:29,35.3,35.3,300,35.4,2000,1150,3325900
NIFTY03NOV2218100CE.NFO,31/10/2022,09:26:30,35.35,35.3,2450,35.4,1850,2750,3325900
NIFTY03NOV2218100CE.NFO,31/10/2022,09:26:32,35.4,35.3,250,35.4,2200,4050,3325900
NIFTY03NOV2218100CE.NFO,31/10/2022,09:26:33,35.25,35.25,4200,35.4,2850,1050,3325900
NIFTY03NOV2218100CE.NFO,31/10/2022,09:26:33,35.4,35.3,3050,35.4,400,450,3325900
NIFTY03NOV2218100CE.NFO,31/10/2022,09:26:35,35.45,35.35,1350,35.45,400,2500,3325900
NIFTY03NOV2218100CE.NFO,31/10/2022,09:26:35,35.4,35.4,2400,35.5,3850,700,3325900
NIFTY03NOV2218100CE.NFO,31/10/2022,09:26:36,35.4,35.35,3050,35.5,4100,3300,3325900
NIFTY03NOV2218100CE.NFO,31/10/2022,09:26:37,35.3,35.25,50,35.35,2100,3800,3325900
NIFTY03NOV2218100CE.NFO,31/10/2022,09:26:38,35.25,35.3,1000,35.4,1300,5250,3325900
NIFTY03NOV2218100CE.NFO,31/10/2022,09:26:40,35.35,35.35,100,35.45,2050,4450,3325900
NIFTY03NOV2218100CE.NFO,31/10/2022,09:26:41,35.55,35.55,200,35.65,550,7850,3325900
NIFTY03NOV2218100CE.NFO,31/10/2022,09:26:41,35.6,35.6,1400,35.65,100,5650,3325900
NIFTY03NOV2218100CE.NFO,31/10/2022,09:26:43,35.55,35.55,950,35.65,1550,6500,3325900
NIFTY03NOV2218100CE.NFO,31/10/2022,09:26:44,35.5,35.45,300,35.55,1650,3900,3325900
NIFTY03NOV2218100CE.NFO,31/10/2022,09:26:44,35.4,35.45,450,35.55,1600,2200,3325900
NIFTY03NOV2218100CE.NFO,31/10/2022,09:26:45,35.15,35.05,950,35.15,4050,4400,3325900
NIFTY03NOV2218100CE.NFO,31/10/2022,09:26:47,35.3,35.2,900,35.3,2200,3200,3325900
NIFTY03NOV2218100CE.NFO,31/10/2022,09:26:48,35.35,35.25,3050,35.35,1450,7950,3325900
NIFTY03NOV2218100CE.NFO,31/10/2022,09:26:49,35.4,35.35,450,35.45,700,600,3325900
NIFTY03NOV2218100CE.NFO,31/10/2022,09:26:50,35.6,35.5,3500,35.6,5100,2850,3325900
NIFTY03NOV2218100CE.NFO,31/10/2022,09:26:50,35.6,35.5,1850,35.6,3300,1750,3325900
NIFTY03NOV2218100CE.NFO,31/10/2022,09:26:51,35.75,35.65,400,35.75,1600,5100,3325900
NIFTY03NOV2218100CE.NFO,31/10/2022,09:26:52,35.85,35.8,1350,35.85,50,950,3325900
NIFTY03NOV2218100CE.NFO,31/10/2022,09:26:53,35.9,35.85,650,35.9,700,2250,3325900
NIFTY03NOV2218100CE.NFO,31/10/2022,09:26:54,35.85,35.8,2300,35.85,500,10600,3325900
NIFTY03NOV2218100CE.NFO,31/10/2022,09:26:56,35.8,35.7,4250,35.8,650,8250,3325900
NIFTY03NOV2218100CE.NFO,31/10/2022,09:26:56,35.8,35.7,4050,35.8,100,1350,3325900
NIFTY03NOV2218100CE.NFO,31/10/2022,09:26:58,35.8,35.7,350,35.75,100,3950,3325900
NIFTY03NOV2218100CE.NFO,31/10/2022,09:26:59,35.6,35.6,450,35.65,50,1700,3325900
NIFTY03NOV2218100CE.NFO,31/10/2022,09:27:00,35.7,35.6,4200,35.75,4400,7200,3325900
NIFTY03NOV2218100CE.NFO,31/10/2022,09:27:01,35.55,35.55,600,35.6,100,2000,3325900
NIFTY03NOV2218100CE.NFO,31/10/2022,09:27:02,35.65,35.65,400,35.75,1000,3250,3325900
NIFTY03NOV2218100CE.NFO,31/10/2022,09:27:03,35.9,35.85,250,35.9,1450,2000,3325900
NIFTY03NOV2218100CE.NFO,31/10/2022,09:27:04,35.8,35.75,2900,35.85,200,5500,3325900
NIFTY03NOV2218100CE.NFO,31/10/2022,09:27:05,35.75,35.7,2050,35.75,100,8700,3325900
NIFTY03NOV2218100CE.NFO,31/10/2022,09:27:05,35.7,35.7,2100,35.75,100,150,3325900
NIFTY03NOV2218100CE.NFO,31/10/2022,09:27:06,35.7,35.7,2150,35.8,950,4100,3325900
NIFTY03NOV2218100CE.NFO,31/10/2022,09:27:08,35.8,35.8,150,35.85,150,6350,3325900
NIFTY03NOV2218100CE.NFO,31/10/2022,09:27:09,36,35.9,750,36,13850,7450,3325900
NIFTY03NOV2218100CE.NFO,31/10/2022,09:27:10,35.95,35.9,3850,35.95,200,8900,3325900
NIFTY03NOV2218100CE.NFO,31/10/2022,09:27:11,36,36,100,36.05,200,11650,3325900
NIFTY03NOV2218100CE.NFO,31/10/2022,09:27:12,36,35.95,3750,36.1,4750,2950,3325900
NIFTY03NOV2218100CE.NFO,31/10/2022,09:27:14,36,36,150,36.05,450,2500,3325900
NIFTY03NOV2218100CE.NFO,31/10/2022,09:27:15,36.1,36,500,36.1,1300,3300,3325900
NIFTY03NOV2218100CE.NFO,31/10/2022,09:27:16,36.05,36.05,1950,36.15,500,5250,3325900
NIFTY03NOV2218100CE.NFO,31/10/2022,09:27:17,36.2,36.1,50,36.2,1500,11550,3325900
NIFTY03NOV2218100CE.NFO,31/10/2022,09:27:18,36.2,36.1,2850,36.2,50,2100,3325900
NIFTY03NOV2218100CE.NFO,31/10/2022,09:27:19,36.15,36.15,200,36.25,1550,6900,3325900
NIFTY03NOV2218100CE.NFO,31/10/2022,09:27:19,36.25,36.15,4250,36.25,500,800,3325900
NIFTY03NOV2218100CE.NFO,31/10/2022,09:27:20,36.45,36.4,1100,36.5,150,22000,3325900
NIFTY03NOV2218100CE.NFO,31/10/2022,09:27:21,36.4,36.45,450,36.55,1500,8150,3325900
NIFTY03NOV2218100CE.NFO,31/10/2022,09:27:22,36.6,36.55,2450,36.7,550,2750,3325900
NIFTY03NOV2218100CE.NFO,31/10/2022,09:27:23,36.65,36.65,1050,36.75,800,13150,3325900
NIFTY03NOV2218100CE.NFO,31/10/2022,09:27:24,36.65,36.55,150,36.6,450,10650,3325900
NIFTY03NOV2218100CE.NFO,31/10/2022,09:27:26,36.75,36.65,3100,36.8,1800,9000,3325900
NIFTY03NOV2218100CE.NFO,31/10/2022,09:27:27,36.9,36.8,1150,36.95,2900,10550,3325900
NIFTY03NOV2218100CE.NFO,31/10/2022,09:27:28,37,36.95,150,37,11500,8800,3325900
NIFTY03NOV2218100CE.NFO,31/10/2022,09:27:28,37,36.95,150,37,9350,1950,3325900
NIFTY03NOV2218100CE.NFO,31/10/2022,09:27:29,37,37.05,500,37.15,2950,14350,3325900
NIFTY03NOV2218100CE.NFO,31/10/2022,09:27:30,37.15,37.15,1800,37.25,4100,18850,3325900
NIFTY03NOV2218100CE.NFO,31/10/2022,09:27:32,37.35,37.3,1700,37.4,250,10350,3325900
NIFTY03NOV2218100CE.NFO,31/10/2022,09:27:33,37.55,37.45,750,37.55,400,7200,3325900
NIFTY03NOV2218100CE.NFO,31/10/2022,09:27:34,37.55,37.5,1450,37.6,150,5100,3325900
NIFTY03NOV2218100CE.NFO,31/10/2022,09:27:35,37.55,37.55,200,37.6,2000,7800,3325900
NIFTY03NOV2218100CE.NFO,31/10/2022,09:27:36,37.65,37.65,100,37.7,150,6050,3325900
NIFTY03NOV2218100CE.NFO,31/10/2022,09:27:37,37.6,37.6,600,37.7,1050,14550,3325900
NIFTY03NOV2218100CE.NFO,31/10/2022,09:27:38,37.7,37.65,1050,37.75,50,3800,3325900
NIFTY03NOV2218100CE.NFO,31/10/2022,09:27:39,37.4,37.25,1950,37.35,50,7100,3325900
NIFTY03NOV2218100CE.NFO,31/10/2022,09:27:40,37.35,37.25,650,37.3,200,9800,3325900
NIFTY03NOV2218100CE.NFO,31/10/2022,09:27:42,37.15,37.15,50,37.2,1050,13200,3325900
NIFTY03NOV2218100CE.NFO,31/10/2022,09:27:43,37.25,37.15,2300,37.3,1900,7350,3325900
NIFTY03NOV2218100CE.NFO,31/10/2022,09:27:44,37.35,37.2,250,37.3,1850,2100,3325900
NIFTY03NOV2218100CE.NFO,31/10/2022,09:27:45,37.5,37.45,100,37.5,800,9900,3325900
NIFTY03NOV2218100CE.NFO,31/10/2022,09:27:45,37.5,37.45,900,37.5,400,550,3325900
NIFTY03NOV2218100CE.NFO,31/10/2022,09:27:46,37.5,37.4,1050,37.5,200,7650,3325900
NIFTY03NOV2218100CE.NFO,31/10/2022,09:27:47,36.65,36.7,1500,36.8,1050,39700,3325900
NIFTY03NOV2218100CE.NFO,31/10/2022,09:27:48,36.35,36.4,750,36.45,200,8950,3325900
NIFTY03NOV2218100CE.NFO,31/10/2022,09:27:50,36.45,36.35,750,36.45,1400,7200,3325900
NIFTY03NOV2218100CE.NFO,31/10/2022,09:27:51,36.5,36.4,1450,36.5,100,6100,3325900
NIFTY03NOV2218100CE.NFO,31/10/2022,09:27:52,36.8,36.75,100,36.8,200,3100,3325900
NIFTY03NOV2218100CE.NFO,31/10/2022,09:27:53,37.2,37.15,2250,37.3,3000,6950,3325900
NIFTY03NOV2218100CE.NFO,31/10/2022,09:27:54,37.5,37.5,1300,37.55,200,6750,3325900
NIFTY03NOV2218100CE.NFO,31/10/2022,09:27:55,37.5,37.5,250,37.6,2550,550,3325900
NIFTY03NOV2218100CE.NFO,31/10/2022,09:27:56,37.65,37.65,250,37.75,200,4350,3325900
NIFTY03NOV2218100CE.NFO,31/10/2022,09:27:57,38,38,1300,38.05,50,23550,3325900
NIFTY03NOV2218100CE.NFO,31/10/2022,09:27:58,38.1,38,1150,38.1,1250,7600,3325900
NIFTY03NOV2218100CE.NFO,31/10/2022,09:27:59,38.35,38.4,200,38.45,1200,13100,3325900
NIFTY03NOV2218100CE.NFO,31/10/2022,09:28:01,39,38.95,850,39,3550,20550,3325900
NIFTY03NOV2218100CE.NFO,31/10/2022,09:28:02,38.9,38.8,450,38.9,850,8950,3325900
NIFTY03NOV2218100CE.NFO,31/10/2022,09:28:03,39.1,39.05,500,39.15,2700,9550,3325900
NIFTY03NOV2218100CE.NFO,31/10/2022,09:28:03,39.25,39.05,500,39.15,2700,0,3325900
NIFTY03NOV2218100CE.NFO,31/10/2022,09:28:04,39,38.95,500,39.05,300,11700,3325900
NIFTY03NOV2218100CE.NFO,31/10/2022,09:28:04,39.35,38.95,500,39.05,300,0,3325900
NIFTY03NOV2218100CE.NFO,31/10/2022,09:28:06,39.1,39,500,39.1,2250,14850,3325900
NIFTY03NOV2218100CE.NFO,31/10/2022,09:28:07,38.95,39,1100,39.05,100,28050,3325900
NIFTY03NOV2218100CE.NFO,31/10/2022,09:28:08,39.3,39.1,1100,39.2,100,8550,3325900
NIFTY03NOV2218100CE.NFO,31/10/2022,09:28:08,39,39,250,39.1,200,850,3325900
NIFTY03NOV2218100CE.NFO,31/10/2022,09:28:09,39.1,39,200,39.1,1100,7800,3325900
NIFTY03NOV2218100CE.NFO,31/10/2022,09:28:10,39,38.95,150,39,3650,6000,3325900
NIFTY03NOV2218100CE.NFO,31/10/2022,09:28:11,39.05,38.9,2400,39.05,1900,7350,3325900
NIFTY03NOV2218100CE.NFO,31/10/2022,09:28:12,38.8,38.7,2000,38.8,750,5800,3325900
NIFTY03NOV2218100CE.NFO,31/10/2022,09:28:14,38.8,38.75,400,38.8,50,3650,3325900
NIFTY03NOV2218100CE.NFO,31/10/2022,09:28:15,38.85,38.75,2600,38.9,2550,3800,3325900
NIFTY03NOV2218100CE.NFO,31/10/2022,09:28:15,38.9,38.8,3550,38.9,1100,12400,3325900
NIFTY03NOV2218100CE.NFO,31/10/2022,09:28:17,38.65,38.7,1350,38.75,1100,19050,3325900
NIFTY03NOV2218100CE.NFO,31/10/2022,09:28:18,38.85,38.8,1450,38.9,550,5300,3325900
NIFTY03NOV2218100CE.NFO,31/10/2022,09:28:19,38.55,38.45,1350,38.55,350,6900,3325900
NIFTY03NOV2218100CE.NFO,31/10/2022,09:28:20,38.55,38.55,1450,38.65,1150,10700,3325900
NIFTY03NOV2218100CE.NFO,31/10/2022,09:28:22,38.45,38.35,400,38.45,1150,6550,3325900
NIFTY03NOV2218100CE.NFO,31/10/2022,09:28:23,38.45,38.45,250,38.55,1200,2500,3325900
NIFTY03NOV2218100CE.NFO,31/10/2022,09:28:24,38.75,38.65,800,38.75,1500,1650,3325900
NIFTY03NOV2218100CE.NFO,31/10/2022,09:28:25,38.75,38.8,200,38.9,250,5850,3325900
NIFTY03NOV2218100CE.NFO,31/10/2022,09:28:26,39,39,150,39.1,1050,4900,3325900
NIFTY03NOV2218100CE.NFO,31/10/2022,09:28:27,38.9,38.9,50,39,1350,5300,3325900
NIFTY03NOV2218100CE.NFO,31/10/2022,09:28:27,38.95,38.95,100,39.05,900,3050,3325900
NIFTY03NOV2218100CE.NFO,31/10/2022,09:28:29,39.05,39.05,700,39.15,1100,7850,3325900
NIFTY03NOV2218100CE.NFO,31/10/2022,09:28:30,39,38.95,650,39,2000,6450,3325900
NIFTY03NOV2218100CE.NFO,31/10/2022,09:28:31,39.1,39.05,200,39.15,1300,6900,3325900
NIFTY03NOV2218100CE.NFO,31/10/2022,09:28:32,39,39,1350,39.15,3000,3900,3325900
NIFTY03NOV2218100CE.NFO,31/10/2022,09:28:33,39.2,39.05,1600,39.2,1300,5750,3325900
NIFTY03NOV2218100CE.NFO,31/10/2022,09:28:33,39.15,39.05,850,39.15,650,350,3325900
NIFTY03NOV2218100CE.NFO,31/10/2022,09:28:34,39.1,39,1250,39.1,400,2900,3325900
NIFTY03NOV2218100CE.NFO,31/10/2022,09:28:36,39.1,39,2250,39.1,700,4600,3325900
NIFTY03NOV2218100CE.NFO,31/10/2022,09:28:37,39.4,39.35,700,39.45,300,23400,3325900
NIFTY03NOV2218100CE.NFO,31/10/2022,09:28:37,39.4,39.35,700,39.45,300,0,3325900
NIFTY03NOV2218100CE.NFO,31/10/2022,09:28:38,39.4,39.35,400,39.4,850,9400,3325900
NIFTY03NOV2218100CE.NFO,31/10/2022,09:28:38,39.5,39.35,400,39.4,850,0,3325900
NIFTY03NOV2218100CE.NFO,31/10/2022,09:28:39,39.75,39.65,250,39.75,1050,8550,3325900
NIFTY03NOV2218100CE.NFO,31/10/2022,09:28:39,39.85,39.65,250,39.75,1050,0,3325900
NIFTY03NOV2218100CE.NFO,31/10/2022,09:28:40,39.9,39.9,1650,40,33700,13050,3325900
NIFTY03NOV2218100CE.NFO,31/10/2022,09:28:40,40,39.9,1650,40,33700,0,3325900
NIFTY03NOV2218100CE.NFO,31/10/2022,09:28:40,39.75,39.7,1250,39.8,1100,16700,3325900
NIFTY03NOV2218100CE.NFO,31/10/2022,09:28:42,39.85,39.7,1200,39.8,300,16950,3325900
NIFTY03NOV2218100CE.NFO,31/10/2022,09:28:43,39.8,39.75,50,39.8,300,3350,3325900
NIFTY03NOV2218100CE.NFO,31/10/2022,09:28:44,39.85,39.8,550,39.9,350,7650,3325900
NIFTY03NOV2218100CE.NFO,31/10/2022,09:28:45,40.2,40.2,1000,40.3,250,40300,3325900
NIFTY03NOV2218100CE.NFO,31/10/2022,09:28:45,40.3,40.2,1000,40.3,250,0,3325900
NIFTY03NOV2218100CE.NFO,31/10/2022,09:28:46,40.05,40,550,40.05,400,5150,3325900
NIFTY03NOV2218100CE.NFO,31/10/2022,09:28:47,40.75,40.75,1250,40.85,350,32600,3325900
NIFTY03NOV2218100CE.NFO,31/10/2022,09:28:47,40.95,40.75,1250,40.85,350,0,3325900
NIFTY03NOV2218100CE.NFO,31/10/2022,09:28:48,40.6,40.55,350,40.6,150,25550,3325900
NIFTY03NOV2218100CE.NFO,31/10/2022,09:28:49,40.6,40.5,850,40.6,200,12500,3325900
NIFTY03NOV2218100CE.NFO,31/10/2022,09:28:50,40.6,40.6,850,40.7,1050,10650,3325900
NIFTY03NOV2218100CE.NFO,31/10/2022,09:28:51,40.8,40.7,900,40.8,550,5400,3325900
NIFTY03NOV2218100CE.NFO,31/10/2022,09:28:53,41.4,41.35,900,41.45,400,29200,3325900
NIFTY03NOV2218100CE.NFO,31/10/2022,09:28:53,41.5,41.35,900,41.45,400,0,3325900
NIFTY03NOV2218100CE.NFO,31/10/2022,09:28:54,41.6,41.65,1450,41.8,700,13500,3325900
NIFTY03NOV2218100CE.NFO,31/10/2022,09:28:54,41.85,41.65,1450,41.8,700,0,3325900
NIFTY03NOV2218100CE.NFO,31/10/2022,09:28:55,42.25,42.15,200,42.25,800,27050,3325900
NIFTY03NOV2218100CE.NFO,31/10/2022,09:28:55,42.25,42.15,200,42.25,800,0,3325900
NIFTY03NOV2218100CE.NFO,31/10/2022,09:28:56,42.05,42,50,42.1,1000,21750,3325900
NIFTY03NOV2218100CE.NFO,31/10/2022,09:28:56,42.45,42,50,42.1,1000,0,3325900
NIFTY03NOV2218100CE.NFO,31/10/2022,09:28:57,42.65,42.55,350,42.7,1100,21150,3325900
NIFTY03NOV2218100CE.NFO,31/10/2022,09:28:57,42.65,42.55,350,42.7,1100,0,3325900
NIFTY03NOV2218100CE.NFO,31/10/2022,09:28:58,42.75,42.65,650,42.8,1150,13600,3325900
NIFTY03NOV2218100CE.NFO,31/10/2022,09:28:58,42.85,42.65,650,42.8,1150,0,3325900
NIFTY03NOV2218100CE.NFO,31/10/2022,09:28:59,42.95,42.9,850,43,8150,15000,3325900
NIFTY03NOV2218100CE.NFO,31/10/2022,09:28:59,43,42.9,850,43,8150,0,3325900
NIFTY03NOV2218100CE.NFO,31/10/2022,09:29:00,43.3,43.2,1300,43.35,1000,18950,3325900
NIFTY03NOV2218100CE.NFO,31/10/2022,09:29:00,43.35,43.2,1300,43.35,1000,0,3325900
NIFTY03NOV2218100CE.NFO,31/10/2022,09:29:01,43.2,43.2,250,43.3,200,18150,3325900
NIFTY03NOV2218100CE.NFO,31/10/2022,09:29:01,43.65,43.2,250,43.3,200,0,3325900
NIFTY03NOV2218100CE.NFO,31/10/2022,09:29:02,43.35,43.35,8400,43.45,1750,26800,3325900
NIFTY03NOV2218100CE.NFO,31/10/2022,09:29:04,43.55,43.5,1400,43.55,400,15800,3325900
NIFTY03NOV2218100CE.NFO,31/10/2022,09:29:05,43.2,43.2,950,43.35,750,31700,3325900
NIFTY03NOV2218100CE.NFO,31/10/2022,09:29:05,43.7,43.2,950,43.35,750,0,3325900
NIFTY03NOV2218100CE.NFO,31/10/2022,09:29:06,42.9,42.8,1200,42.95,750,24400,3325900
NIFTY03NOV2218100CE.NFO,31/10/2022,09:29:07,42.85,42.75,950,42.9,450,35800,3325900
NIFTY03NOV2218100CE.NFO,31/10/2022,09:29:08,43.3,43.2,1350,43.25,500,22950,3325900
NIFTY03NOV2218100CE.NFO,31/10/2022,09:29:09,42.85,42.75,3800,42.9,700,18250,3325900
NIFTY03NOV2218100CE.NFO,31/10/2022,09:29:10,42.75,42.8,400,42.9,850,9450,3325900
NIFTY03NOV2218100CE.NFO,31/10/2022,09:29:11,42.25,42.15,700,42.25,100,19950,3325900
NIFTY03NOV2218100CE.NFO,31/10/2022,09:29:12,42.15,42.05,250,42.15,650,30100,3325900
NIFTY03NOV2218100CE.NFO,31/10/2022,09:29:13,42.6,42.45,1150,42.6,800,14150,3325900
NIFTY03NOV2218100CE.NFO,31/10/2022,09:29:14,42.6,42.65,300,42.7,300,10950,3325900
NIFTY03NOV2218100CE.NFO,31/10/2022,09:29:16,42.1,42.1,750,42.2,1200,4200,3325900
NIFTY03NOV2218100CE.NFO,31/10/2022,09:29:17,42.2,42.1,250,42.2,450,11300,3325900
NIFTY03NOV2218100CE.NFO,31/10/2022,09:29:18,42.4,42.25,150,42.35,650,10050,3325900
NIFTY03NOV2218100CE.NFO,31/10/2022,09:29:19,42.1,42,1700,42.1,1700,13650,3307000
NIFTY03NOV2218100CE.NFO,31/10/2022,09:29:19,42.1,42.2,150,42.3,1300,6050,3307000
NIFTY03NOV2218100CE.NFO,31/10/2022,09:29:21,42.2,42.1,300,42.2,450,19250,3307000
NIFTY03NOV2218100CE.NFO,31/10/2022,09:29:22,42.2,42.2,250,42.25,200,10300,3307000
NIFTY03NOV2218100CE.NFO,31/10/2022,09:29:23,42.1,42.1,50,42.2,1000,5950,3307000
NIFTY03NOV2218100CE.NFO,31/10/2022,09:29:24,42.2,42.2,2200,42.3,250,19600,3307000
NIFTY03NOV2218100CE.NFO,31/10/2022,09:29:25,42.4,42.35,750,42.45,100,10600,3307000
NIFTY03NOV2218100CE.NFO,31/10/2022,09:29:25,42.3,42.25,1400,42.3,300,950,3307000
NIFTY03NOV2218100CE.NFO,31/10/2022,09:29:27,42.3,42.3,50,42.4,900,6950,3307000
NIFTY03NOV2218100CE.NFO,31/10/2022,09:29:28,42.6,42.5,1150,42.6,350,5550,3307000
NIFTY03NOV2218100CE.NFO,31/10/2022,09:29:29,42.75,42.75,50,42.85,650,10850,3307000
NIFTY03NOV2218100CE.NFO,31/10/2022,09:29:29,42.9,42.8,100,42.9,800,1350,3307000
NIFTY03NOV2218100CE.NFO,31/10/2022,09:29:30,43.1,43.05,1450,43.15,650,13450,3307000
NIFTY03NOV2218100CE.NFO,31/10/2022,09:29:32,43.05,43.1,750,43.15,50,7700,3307000
NIFTY03NOV2218100CE.NFO,31/10/2022,09:29:33,42.85,42.85,3500,43,1150,13100,3307000
NIFTY03NOV2218100CE.NFO,31/10/2022,09:29:34,42.95,42.8,800,42.95,2800,4700,3307000
NIFTY03NOV2218100CE.NFO,31/10/2022,09:29:35,42.9,42.9,200,43,800,4750,3307000
NIFTY03NOV2218100CE.NFO,31/10/2022,09:29:36,43,42.95,2400,43.05,150,9350,3307000
NIFTY03NOV2218100CE.NFO,31/10/2022,09:29:37,43.05,42.9,4200,43.05,650,10750,3307000
NIFTY03NOV2218100CE.NFO,31/10/2022,09:29:38,43.2,43.15,200,43.2,1700,11050,3307000
NIFTY03NOV2218100CE.NFO,31/10/2022,09:29:38,43.15,43.05,350,43.2,4500,2350,3307000
NIFTY03NOV2218100CE.NFO,31/10/2022,09:29:39,43.15,43.05,2450,43.2,1000,10500,3307000
NIFTY03NOV2218100CE.NFO,31/10/2022,09:29:40,43.1,43.1,1700,43.2,200,4550,3307000
NIFTY03NOV2218100CE.NFO,31/10/2022,09:29:41,43.2,43.25,1050,43.3,150,7550,3307000
NIFTY03NOV2218100CE.NFO,31/10/2022,09:29:42,43.4,43.4,100,43.5,2350,7850,3307000
NIFTY03NOV2218100CE.NFO,31/10/2022,09:29:44,43.45,43.35,200,43.45,1300,19850,3307000
NIFTY03NOV2218100CE.NFO,31/10/2022,09:29:45,43.2,43.2,150,43.3,1250,9400,3307000
NIFTY03NOV2218100CE.NFO,31/10/2022,09:29:46,43.45,43.45,100,43.55,350,7450,3307000
NIFTY03NOV2218100CE.NFO,31/10/2022,09:29:47,43.05,43.05,2750,43.2,900,15900,3307000
NIFTY03NOV2218100CE.NFO,31/10/2022,09:29:48,43.3,43.3,550,43.4,1500,8400,3307000
NIFTY03NOV2218100CE.NFO,31/10/2022,09:29:48,43.5,43.4,1350,43.5,500,3200,3307000
NIFTY03NOV2218100CE.NFO,31/10/2022,09:29:49,43.95,43.95,300,44,5350,22600,3307000
NIFTY03NOV2218100CE.NFO,31/10/2022,09:29:49,44,43.95,300,44,5350,0,3307000
NIFTY03NOV2218100CE.NFO,31/10/2022,09:29:51,44.15,44.05,1550,44.15,100,18800,3307000
NIFTY03NOV2218100CE.NFO,31/10/2022,09:29:51,44.3,44.05,1550,44.15,100,0,3307000
NIFTY03NOV2218100CE.NFO,31/10/2022,09:29:52,44.3,44.2,2250,44.35,400,11350,3307000
NIFTY03NOV2218100CE.NFO,31/10/2022,09:29:52,44.35,44.2,2250,44.35,400,0,3307000
NIFTY03NOV2218100CE.NFO,31/10/2022,09:29:53,44,44,4400,44.15,1250,15350,3307000
NIFTY03NOV2218100CE.NFO,31/10/2022,09:29:53,44.4,44,4400,44.15,1250,0,3307000
NIFTY03NOV2218100CE.NFO,31/10/2022,09:29:54,44,43.95,50,44.05,2300,8600,3307000
NIFTY03NOV2218100CE.NFO,31/10/2022,09:29:55,43.95,43.8,250,43.9,650,7500,3307000
NIFTY03NOV2218100CE.NFO,31/10/2022,09:29:55,43.6,43.5,200,43.6,600,6250,3307000
NIFTY03NOV2218100CE.NFO,31/10/2022,09:29:56,43.7,43.7,800,43.8,1850,5500,3307000
NIFTY03NOV2218100CE.NFO,31/10/2022,09:29:58,43.65,43.6,1750,43.7,1500,11200,3307000
NIFTY03NOV2218100CE.NFO,31/10/2022,09:29:59,43.65,43.5,150,43.55,150,6500,3307000
NIFTY03NOV2218100CE.NFO,31/10/2022,09:30:00,43.6,43.6,600,43.7,550,8850,3307000
NIFTY03NOV2218100CE.NFO,31/10/2022,09:30:01,43.65,43.6,200,43.7,1350,7700,3307000
NIFTY03NOV2218100CE.NFO,31/10/2022,09:30:01,43.6,43.5,4500,43.65,900,1550,3307000
NIFTY03NOV2218100CE.NFO,31/10/2022,09:30:03,43.9,43.9,950,43.95,200,11300,3307000
NIFTY03NOV2218100CE.NFO,31/10/2022,09:30:04,43.9,43.8,200,43.9,1050,11100,3307000
NIFTY03NOV2218100CE.NFO,31/10/2022,09:30:05,43.55,43.6,1150,43.7,50,10700,3307000
NIFTY03NOV2218100CE.NFO,31/10/2022,09:30:06,43.85,43.75,100,43.85,1000,5750,3307000
NIFTY03NOV2218100CE.NFO,31/10/2022,09:30:07,43.9,43.9,550,43.95,50,10300,3307000
NIFTY03NOV2218100CE.NFO,31/10/2022,09:30:08,43.95,43.9,100,43.95,1550,5150,3307000
NIFTY03NOV2218100CE.NFO,31/10/2022,09:30:09,43.9,43.75,1050,43.85,1600,9800,3307000
NIFTY03NOV2218100CE.NFO,31/10/2022,09:30:10,44.6,44.55,1000,44.7,2350,20600,3307000
NIFTY03NOV2218100CE.NFO,31/10/2022,09:30:10,44.85,44.55,1000,44.7,2350,0,3307000
NIFTY03NOV2218100CE.NFO,31/10/2022,09:30:12,45.5,45.45,150,45.5,250,194450,3307000
NIFTY03NOV2218100CE.NFO,31/10/2022,09:30:12,46.1,45.45,150,45.5,250,0,3307000
NIFTY03NOV2218100CE.NFO,31/10/2022,09:30:13,45.15,45.1,150,45.2,1900,18450,3307000
NIFTY03NOV2218100CE.NFO,31/10/2022,09:30:14,45.2,45.2,1450,45.3,1400,27700,3307000
NIFTY03NOV2218100CE.NFO,31/10/2022,09:30:15,45.15,45.05,1500,45.15,550,18150,3307000
NIFTY03NOV2218100CE.NFO,31/10/2022,09:30:16,44.75,44.75,700,44.85,1300,7150,3307000
NIFTY03NOV2218100CE.NFO,31/10/2022,09:30:17,44.65,44.55,500,44.65,100,16100,3307000
NIFTY03NOV2218100CE.NFO,31/10/2022,09:30:18,45.15,45,1150,45.15,1850,9900,3307000
NIFTY03NOV2218100CE.NFO,31/10/2022,09:30:19,45.05,45.05,250,45.15,2450,7450,3307000
NIFTY03NOV2218100CE.NFO,31/10/2022,09:30:20,45.3,45.2,300,45.3,2050,8450,3307000
NIFTY03NOV2218100CE.NFO,31/10/2022,09:30:21,45.4,45.3,1550,45.4,50,5450,3307000
NIFTY03NOV2218100CE.NFO,31/10/2022,09:30:22,45.45,45.35,50,45.4,50,3550,3307000
NIFTY03NOV2218100CE.NFO,31/10/2022,09:30:23,45,45.05,200,45.15,1350,17900,3307000
NIFTY03NOV2218100CE.NFO,31/10/2022,09:30:25,45.45,45.45,1400,45.6,1800,13150,3307000
NIFTY03NOV2218100CE.NFO,31/10/2022,09:30:26,45.1,45.1,100,45.2,1050,6100,3307000
NIFTY03NOV2218100CE.NFO,31/10/2022,09:30:27,45.45,45.45,400,45.55,1050,17450,3307000
NIFTY03NOV2218100CE.NFO,31/10/2022,09:30:28,45.85,45.7,2750,45.85,1550,17250,3307000
NIFTY03NOV2218100CE.NFO,31/10/2022,09:30:29,45.95,45.85,1850,45.95,150,8250,3307000
NIFTY03NOV2218100CE.NFO,31/10/2022,09:30:30,45.7,45.6,350,45.7,500,7000,3307000
NIFTY03NOV2218100CE.NFO,31/10/2022,09:30:31,45.55,45.55,650,45.6,100,10650,3307000
NIFTY03NOV2218100CE.NFO,31/10/2022,09:30:32,45.45,45.45,600,45.55,150,12900,3307000
NIFTY03NOV2218100CE.NFO,31/10/2022,09:30:33,45.6,45.5,50,45.6,1550,4550,3307000
NIFTY03NOV2218100CE.NFO,31/10/2022,09:30:34,45.4,45.4,200,45.45,50,8050,3307000
NIFTY03NOV2218100CE.NFO,31/10/2022,09:30:35,45.5,45.45,250,45.5,100,6750,3307000
NIFTY03NOV2218100CE.NFO,31/10/2022,09:30:36,45.6,45.5,350,45.55,50,4950,3307000
NIFTY03NOV2218100CE.NFO,31/10/2022,09:30:37,45.6,45.6,2150,45.75,3650,11300,3307000
NIFTY03NOV2218100CE.NFO,31/10/2022,09:30:38,45.7,45.65,300,45.75,450,10600,3307000
NIFTY03NOV2218100CE.NFO,31/10/2022,09:30:39,45.6,45.65,200,45.7,50,3950,3307000
NIFTY03NOV2218100CE.NFO,31/10/2022,09:30:40,45.5,45.5,1100,45.55,50,8400,3307000
NIFTY03NOV2218100CE.NFO,31/10/2022,09:30:41,45.3,45.25,600,45.3,50,4000,3307000
NIFTY03NOV2218100CE.NFO,31/10/2022,09:30:42,45.35,45.25,150,45.35,1750,8000,3307000
NIFTY03NOV2218100CE.NFO,31/10/2022,09:30:42,45.3,45.2,1350,45.3,350,550,3307000
NIFTY03NOV2218100CE.NFO,31/10/2022,09:30:44,45.2,45.15,50,45.2,1700,10650,3307000
NIFTY03NOV2218100CE.NFO,31/10/2022,09:30:45,45.2,45.15,1550,45.25,200,5850,3307000
NIFTY03NOV2218100CE.NFO,31/10/2022,09:30:46,45.45,45.4,1150,45.5,500,7650,3307000
NIFTY03NOV2218100CE.NFO,31/10/2022,09:30:47,45.7,45.7,2050,45.85,500,10100,3307000
NIFTY03NOV2218100CE.NFO,31/10/2022,09:30:48,45.8,45.65,2950,45.75,650,3650,3307000
NIFTY03NOV2218100CE.NFO,31/10/2022,09:30:49,45.95,45.8,3150,45.9,150,6300,3307000
NIFTY03NOV2218100CE.NFO,31/10/2022,09:30:50,45.9,45.8,1150,45.9,1950,4250,3307000
NIFTY03NOV2218100CE.NFO,31/10/2022,09:30:51,45.55,45.55,1650,45.65,700,4450,3307000
NIFTY03NOV2218100CE.NFO,31/10/2022,09:30:52,45.85,45.75,50,45.85,1700,3750,3307000
NIFTY03NOV2218100CE.NFO,31/10/2022,09:30:53,45.7,45.55,50,45.6,550,10900,3307000
NIFTY03NOV2218100CE.NFO,31/10/2022,09:30:54,45.5,45.4,100,45.5,550,7300,3307000
NIFTY03NOV2218100CE.NFO,31/10/2022,09:30:55,45.25,45.25,1800,45.35,100,12000,3307000
NIFTY03NOV2218100CE.NFO,31/10/2022,09:30:56,45.1,45.1,850,45.2,1550,5500,3307000
NIFTY03NOV2218100CE.NFO,31/10/2022,09:30:57,45.3,45.15,900,45.3,5700,2900,3307000
NIFTY03NOV2218100CE.NFO,31/10/2022,09:30:58,45.3,45.15,2850,45.3,2000,1050,3307000
NIFTY03NOV2218100CE.NFO,31/10/2022,09:30:59,45.1,45.1,3350,45.25,1400,2150,3307000
NIFTY03NOV2218100CE.NFO,31/10/2022,09:31:00,45.6,45.5,2150,45.6,250,3750,3307000
NIFTY03NOV2218100CE.NFO,31/10/2022,09:31:01,46.2,46.1,1650,46.2,50,25950,3307000
NIFTY03NOV2218100CE.NFO,31/10/2022,09:31:01,46.3,46.1,1650,46.2,50,0,3307000
NIFTY03NOV2218100CE.NFO,31/10/2022,09:31:02,46.65,46.55,400,46.65,900,16050,3307000
NIFTY03NOV2218100CE.NFO,31/10/2022,09:31:02,46.65,46.55,400,46.65,900,0,3307000
NIFTY03NOV2218100CE.NFO,31/10/2022,09:31:03,46.5,46.5,100,46.55,50,10100,3307000
NIFTY03NOV2218100CE.NFO,31/10/2022,09:31:03,46.75,46.5,100,46.55,50,0,3307000
NIFTY03NOV2218100CE.NFO,31/10/2022,09:31:04,46.8,46.7,2100,46.85,2150,14750,3307000
NIFTY03NOV2218100CE.NFO,31/10/2022,09:31:04,46.95,46.7,2100,46.85,2150,0,3307000
NIFTY03NOV2218100CE.NFO,31/10/2022,09:31:05,46.4,46.4,500,46.55,3850,9350,3307000
NIFTY03NOV2218100CE.NFO,31/10/2022,09:31:06,46.6,46.5,1750,46.6,250,11250,3307000
NIFTY03NOV2218100CE.NFO,31/10/2022,09:31:07,46.65,46.65,100,46.7,100,7200,3307000
NIFTY03NOV2218100CE.NFO,31/10/2022,09:31:08,46,45.9,1400,46,1250,12900,3307000
NIFTY03NOV2218100CE.NFO,31/10/2022,09:31:10,46.05,46,100,46.05,450,5900,3307000
NIFTY03NOV2218100CE.NFO,31/10/2022,09:31:11,45.9,45.8,1700,45.9,200,3450,3307000
NIFTY03NOV2218100CE.NFO,31/10/2022,09:31:12,45.75,45.65,250,45.75,2850,3350,3307000
NIFTY03NOV2218100CE.NFO,31/10/2022,09:31:13,45.15,45.15,300,45.25,200,6350,3307000
NIFTY03NOV2218100CE.NFO,31/10/2022,09:31:14,45.15,45.15,100,45.25,1150,8650,3307000
NIFTY03NOV2218100CE.NFO,31/10/2022,09:31:15,45.1,45.05,1900,45.15,100,19450,3307000
NIFTY03NOV2218100CE.NFO,31/10/2022,09:31:16,45,44.95,1900,45.05,200,31750,3307000
NIFTY03NOV2218100CE.NFO,31/10/2022,09:31:18,45.35,45.35,100,45.45,1700,13050,3307000
NIFTY03NOV2218100CE.NFO,31/10/2022,09:31:19,45.35,45.35,1700,45.45,1600,3500,3307000
NIFTY03NOV2218100CE.NFO,31/10/2022,09:31:20,45.4,45.35,2000,45.5,1550,6600,3307000
NIFTY03NOV2218100CE.NFO,31/10/2022,09:31:21,45.55,45.45,50,45.5,500,6950,3307000
NIFTY03NOV2218100CE.NFO,31/10/2022,09:31:22,45.4,45.4,650,45.5,250,3050,3307000
NIFTY03NOV2218100CE.NFO,31/10/2022,09:31:23,46.05,46,100,46.1,1200,10900,3307000
NIFTY03NOV2218100CE.NFO,31/10/2022,09:31:24,46.15,46.05,250,46.15,150,5000,3307000
NIFTY03NOV2218100CE.NFO,31/10/2022,09:31:25,46.3,46.2,300,46.3,800,6100,3307000
NIFTY03NOV2218100CE.NFO,31/10/2022,09:31:26,46.35,46.2,1100,46.3,2400,4550,3307000
NIFTY03NOV2218100CE.NFO,31/10/2022,09:31:27,45.9,45.9,4350,46.05,600,6900,3307000
NIFTY03NOV2218100CE.NFO,31/10/2022,09:31:28,45.85,45.75,1700,45.9,3750,5050,3307000
NIFTY03NOV2218100CE.NFO,31/10/2022,09:31:29,45.7,45.7,1950,45.75,200,4950,3307000
NIFTY03NOV2218100CE.NFO,31/10/2022,09:31:30,45.95,45.9,350,45.95,700,5300,3307000
NIFTY03NOV2218100CE.NFO,31/10/2022,09:31:31,45.8,45.8,850,45.95,2850,3200,3307000
NIFTY03NOV2218100CE.NFO,31/10/2022,09:31:33,45.8,45.7,1700,45.8,150,1100,3307000
NIFTY03NOV2218100CE.NFO,31/10/2022,09:31:34,45.95,45.85,50,45.95,1500,2450,3307000
NIFTY03NOV2218100CE.NFO,31/10/2022,09:31:35,45.75,45.75,1950,45.85,300,5100,3307000
NIFTY03NOV2218100CE.NFO,31/10/2022,09:31:36,45.85,45.75,1650,45.85,350,4500,3307000
NIFTY03NOV2218100CE.NFO,31/10/2022,09:31:37,45.55,45.5,600,45.6,1200,5150,3307000
NIFTY03NOV2218100CE.NFO,31/10/2022,09:31:37,45.5,45.5,450,45.6,3800,150,3307000
NIFTY03NOV2218100CE.NFO,31/10/2022,09:31:39,45.6,45.5,550,45.6,3550,6200,3307000
NIFTY03NOV2218100CE.NFO,31/10/2022,09:31:40,45.35,45.25,2550,45.4,800,7800,3307000
NIFTY03NOV2218100CE.NFO,31/10/2022,09:31:41,45.5,45.45,1450,45.6,1900,5750,3307000
NIFTY03NOV2218100CE.NFO,31/10/2022,09:31:42,45.35,45.3,2050,45.35,50,3150,3307000
NIFTY03NOV2218100CE.NFO,31/10/2022,09:31:43,45.45,45.35,1100,45.45,250,1300,3307000
NIFTY03NOV2218100CE.NFO,31/10/2022,09:31:44,45.8,45.75,1050,45.8,150,3600,3307000
NIFTY03NOV2218100CE.NFO,31/10/2022,09:31:45,46.05,45.9,1500,46,550,8150,3307000
NIFTY03NOV2218100CE.NFO,31/10/2022,09:31:46,45.95,45.95,500,46.05,3400,4150,3307000
NIFTY03NOV2218100CE.NFO,31/10/2022,09:31:47,45.9,45.9,50,46,550,3250,3307000
NIFTY03NOV2218100CE.NFO,31/10/2022,09:31:47,45.95,45.95,250,46,1100,4450,3307000
NIFTY03NOV2218100CE.NFO,31/10/2022,09:31:49,45.55,45.55,500,45.65,250,11800,3307000
NIFTY03NOV2218100CE.NFO,31/10/2022,09:31:50,45.5,45.4,2200,45.55,1150,7000,3307000
NIFTY03NOV2218100CE.NFO,31/10/2022,09:31:51,45.45,45.4,2350,45.55,2600,7900,3307000
NIFTY03NOV2218100CE.NFO,31/10/2022,09:31:52,45.25,45.25,1850,45.35,150,3550,3307000
NIFTY03NOV2218100CE.NFO,31/10/2022,09:31:53,45.3,45.35,2000,45.45,50,2900,3307000
NIFTY03NOV2218100CE.NFO,31/10/2022,09:31:54,45.35,45.3,200,45.4,1150,3350,3307000
NIFTY03NOV2218100CE.NFO,31/10/2022,09:31:55,45.25,45.25,700,45.3,100,3200,3307000
NIFTY03NOV2218100CE.NFO,31/10/2022,09:31:56,45.15,45.1,50,45.15,1100,5150,3307000
NIFTY03NOV2218100CE.NFO,31/10/2022,09:31:57,45.05,45.05,50,45.15,750,12300,3307000
NIFTY03NOV2218100CE.NFO,31/10/2022,09:31:58,45,45,7000,45.05,650,7200,3307000
NIFTY03NOV2218100CE.NFO,31/10/2022,09:31:59,45,45,500,45.1,400,12700,3307000
NIFTY03NOV2218100CE.NFO,31/10/2022,09:32:00,45.1,45.15,750,45.25,1700,4000,3307000
NIFTY03NOV2218100CE.NFO,31/10/2022,09:32:01,45.4,45.35,1650,45.45,150,5800,3307000
NIFTY03NOV2218100CE.NFO,31/10/2022,09:32:02,45.4,45.4,600,45.5,150,1950,3307000
NIFTY03NOV2218100CE.NFO,31/10/2022,09:32:03,45.45,45.3,1400,45.45,1650,650,3307000
NIFTY03NOV2218100CE.NFO,31/10/2022,09:32:04,45.45,45.25,1400,45.35,2100,2900,3307000
NIFTY03NOV2218100CE.NFO,31/10/2022,09:32:05,45.25,45.15,1350,45.25,150,3650,3307000
NIFTY03NOV2218100CE.NFO,31/10/2022,09:32:06,45.65,45.65,6000,45.8,1400,10900,3307000
NIFTY03NOV2218100CE.NFO,31/10/2022,09:32:07,45.45,45.4,250,45.5,1100,4800,3307000
NIFTY03NOV2218100CE.NFO,31/10/2022,09:32:07,45.35,45.35,1000,45.45,150,150,3307000
NIFTY03NOV2218100CE.NFO,31/10/2022,09:32:09,45.35,45.15,2250,45.3,1550,3150,3307000
NIFTY03NOV2218100CE.NFO,31/10/2022,09:32:10,45.25,45.25,2550,45.4,2150,1000,3307000
NIFTY03NOV2218100CE.NFO,31/10/2022,09:32:11,45.4,45.4,3200,45.55,1600,4050,3307000
NIFTY03NOV2218100CE.NFO,31/10/2022,09:32:12,45.3,45.3,1250,45.4,200,3050,3307000
NIFTY03NOV2218100CE.NFO,31/10/2022,09:32:14,44.9,44.85,150,44.95,1000,15100,3307000
NIFTY03NOV2218100CE.NFO,31/10/2022,09:32:15,44.75,44.75,750,44.85,1750,4050,3307000
NIFTY03NOV2218100CE.NFO,31/10/2022,09:32:16,45.05,45.05,900,45.15,250,9550,3307000
NIFTY03NOV2218100CE.NFO,31/10/2022,09:32:17,44.9,44.9,2200,45,200,3700,3307000
NIFTY03NOV2218100CE.NFO,31/10/2022,09:32:18,45.25,45.1,2400,45.25,1800,4850,3307000
NIFTY03NOV2218100CE.NFO,31/10/2022,09:32:19,44.85,44.85,100,44.95,1100,6600,3307000
NIFTY03NOV2218100CE.NFO,31/10/2022,09:32:20,45.05,45.05,50,45.1,100,2800,3318250
NIFTY03NOV2218100CE.NFO,31/10/2022,09:32:21,44.85,44.85,150,44.95,2300,4050,3318250
NIFTY03NOV2218100CE.NFO,31/10/2022,09:32:22,45.2,45.25,200,45.35,1850,8900,3318250
NIFTY03NOV2218100CE.NFO,31/10/2022,09:32:23,45.75,45.75,800,45.85,750,9550,3318250
NIFTY03NOV2218100CE.NFO,31/10/2022,09:32:24,45.8,45.7,50,45.8,1800,4350,3318250
NIFTY03NOV2218100CE.NFO,31/10/2022,09:32:25,45.35,45.35,50,45.4,2000,4250,3318250
NIFTY03NOV2218100CE.NFO,31/10/2022,09:32:26,45.3,45.3,2050,45.4,200,4900,3318250
NIFTY03NOV2218100CE.NFO,31/10/2022,09:32:27,45.8,45.7,400,45.8,50,4350,3318250
NIFTY03NOV2218100CE.NFO,31/10/2022,09:32:28,45.35,45.3,2200,45.4,1250,5500,3318250
NIFTY03NOV2218100CE.NFO,31/10/2022,09:32:29,45.35,45.3,1600,45.4,400,1600,3318250
NIFTY03NOV2218100CE.NFO,31/10/2022,09:32:30,45.3,45.2,1550,45.3,700,2550,3318250
NIFTY03NOV2218100CE.NFO,31/10/2022,09:32:31,45.3,45.3,950,45.4,1200,700,3318250
NIFTY03NOV2218100CE.NFO,31/10/2022,09:32:32,45.4,45.35,2700,45.45,700,3550,3318250
NIFTY03NOV2218100CE.NFO,31/10/2022,09:32:33,45.5,45.4,800,45.45,50,1600,3318250
NIFTY03NOV2218100CE.NFO,31/10/2022,09:32:34,44.95,45,50,45.05,950,13000,3318250
NIFTY03NOV2218100CE.NFO,31/10/2022,09:32:35,45,44.9,350,45,700,5500,3318250
NIFTY03NOV2218100CE.NFO,31/10/2022,09:32:36,45,44.9,500,45,1800,1450,3318250
NIFTY03NOV2218100CE.NFO,31/10/2022,09:32:37,44.7,44.6,750,44.7,1500,15650,3318250
NIFTY03NOV2218100CE.NFO,31/10/2022,09:32:38,44.65,44.5,2750,44.6,50,3050,3318250
NIFTY03NOV2218100CE.NFO,31/10/2022,09:32:39,44.4,44.4,50,44.5,3550,150,3318250
NIFTY03NOV2218100CE.NFO,31/10/2022,09:32:40,44.55,44.55,350,44.65,50,8800,3318250
NIFTY03NOV2218100CE.NFO,31/10/2022,09:32:41,44.6,44.6,500,44.7,350,2450,3318250
NIFTY03NOV2218100CE.NFO,31/10/2022,09:32:42,44.55,44.55,1400,44.6,50,4300,3318250
NIFTY03NOV2218100CE.NFO,31/10/2022,09:32:43,44.95,44.85,650,44.95,1050,10650,3318250
NIFTY03NOV2218100CE.NFO,31/10/2022,09:32:44,45.1,45,1350,45.1,1100,3900,3318250
NIFTY03NOV2218100CE.NFO,31/10/2022,09:32:45,45.2,45.1,1100,45.2,750,4800,3318250
NIFTY03NOV2218100CE.NFO,31/10/2022,09:32:46,45.15,45.15,200,45.25,750,6000,3318250
NIFTY03NOV2218100CE.NFO,31/10/2022,09:32:47,44.85,44.85,200,44.95,450,6650,3318250
NIFTY03NOV2218100CE.NFO,31/10/2022,09:32:49,44.7,44.6,1400,44.7,550,4950,3318250
NIFTY03NOV2218100CE.NFO,31/10/2022,09:32:50,44.85,44.75,150,44.85,750,2850,3318250
NIFTY03NOV2218100CE.NFO,31/10/2022,09:32:51,44.8,44.7,750,44.75,400,4850,3318250
NIFTY03NOV2218100CE.NFO,31/10/2022,09:32:52,45,44.9,1300,45,50,2750,3318250
NIFTY03NOV2218100CE.NFO,31/10/2022,09:32:53,44.65,44.7,100,44.8,1300,3400,3318250
NIFTY03NOV2218100CE.NFO,31/10/2022,09:32:54,44.95,44.95,50,45.05,1100,3200,3318250
NIFTY03NOV2218100CE.NFO,31/10/2022,09:32:55,45,44.9,1300,45.05,2800,1050,3318250
NIFTY03NOV2218100CE.NFO,31/10/2022,09:32:56,44.7,44.65,1400,44.7,900,4050,3318250
NIFTY03NOV2218100CE.NFO,31/10/2022,09:32:57,44.55,44.5,2400,44.6,900,4950,3318250
NIFTY03NOV2218100CE.NFO,31/10/2022,09:32:58,44.8,44.8,400,44.9,2450,2200,3318250
NIFTY03NOV2218100CE.NFO,31/10/2022,09:32:59,44.9,44.85,150,44.9,1600,3050,3318250
NIFTY03NOV2218100CE.NFO,31/10/2022,09:33:00,44.85,44.85,800,44.95,350,2200,3318250
NIFTY03NOV2218100CE.NFO,31/10/2022,09:33:01,45.05,45.05,700,45.1,150,2200,3318250
NIFTY03NOV2218100CE.NFO,31/10/2022,09:33:02,44.95,44.85,50,44.95,1300,3850,3318250
NIFTY03NOV2218100CE.NFO,31/10/2022,09:33:03,44.9,44.75,1950,44.85,1150,4750,3318250
NIFTY03NOV2218100CE.NFO,31/10/2022,09:33:04,44.75,44.7,2950,44.85,2150,4400,3318250
NIFTY03NOV2218100CE.NFO,31/10/2022,09:33:05,44.85,44.75,50,44.85,850,4750,3318250
NIFTY03NOV2218100CE.NFO,31/10/2022,09:33:06,44.85,44.7,3900,44.85,2400,3150,3318250
NIFTY03NOV2218100CE.NFO,31/10/2022,09:33:07,44.8,44.85,2450,44.95,400,1550,3318250
NIFTY03NOV2218100CE.NFO,31/10/2022,09:33:08,44.85,44.85,150,44.95,500,2150,3318250
NIFTY03NOV2218100CE.NFO,31/10/2022,09:33:09,44.95,44.9,1300,45,750,6750,3318250
NIFTY03NOV2218100CE.NFO,31/10/2022,09:33:10,44.9,44.95,1550,45,750,3250,3318250
NIFTY03NOV2218100CE.NFO,31/10/2022,09:33:11,44.85,44.75,250,44.85,250,9150,3318250
NIFTY03NOV2218100CE.NFO,31/10/2022,09:33:12,44.8,44.8,800,44.85,100,1950,3318250
NIFTY03NOV2218100CE.NFO,31/10/2022,09:33:13,44.95,44.8,550,44.9,50,5000,3318250
NIFTY03NOV2218100CE.NFO,31/10/2022,09:33:14,44.95,44.95,1550,45,100,6150,3318250
NIFTY03NOV2218100CE.NFO,31/10/2022,09:33:15,45.1,45.1,850,45.2,1250,5700,3318250
NIFTY03NOV2218100CE.NFO,31/10/2022,09:33:17,45.3,45.2,1950,45.3,400,16950,3318250
NIFTY03NOV2218100CE.NFO,31/10/2022,09:33:18,44.95,44.9,300,44.95,100,14550,3318250
NIFTY03NOV2218100CE.NFO,31/10/2022,09:33:19,44.95,44.75,2650,44.9,900,7750,3318250
NIFTY03NOV2218100CE.NFO,31/10/2022,09:33:20,44.7,44.7,1850,44.8,1600,3550,3318250
NIFTY03NOV2218100CE.NFO,31/10/2022,09:33:21,44.95,44.9,3150,45,50,15600,3318250
NIFTY03NOV2218100CE.NFO,31/10/2022,09:33:22,44.9,44.75,2400,44.9,3900,2300,3318250
NIFTY03NOV2218100CE.NFO,31/10/2022,09:33:23,44.55,44.55,1350,44.65,200,20800,3318250
NIFTY03NOV2218100CE.NFO,31/10/2022,09:33:24,44.45,44.3,2950,44.45,1350,7500,3318250
NIFTY03NOV2218100CE.NFO,31/10/2022,09:33:25,44.15,44.1,2900,44.25,1650,10550,3318250
NIFTY03NOV2218100CE.NFO,31/10/2022,09:33:26,43.7,43.6,3800,43.75,1500,37050,3318250
NIFTY03NOV2218100CE.NFO,31/10/2022,09:33:28,43.5,43.5,1100,43.6,1950,7800,3318250
NIFTY03NOV2218100CE.NFO,31/10/2022,09:33:29,43.45,43.3,950,43.45,2500,13600,3318250
NIFTY03NOV2218100CE.NFO,31/10/2022,09:33:30,43.35,43.35,1700,43.45,50,9450,3318250
NIFTY03NOV2218100CE.NFO,31/10/2022,09:33:31,43.7,43.65,1050,43.7,50,9450,3318250
NIFTY03NOV2218100CE.NFO,31/10/2022,09:33:32,44,43.9,150,44,1500,9800,3318250
NIFTY03NOV2218100CE.NFO,31/10/2022,09:33:33,44.05,43.95,50,44.05,2600,550,3318250
NIFTY03NOV2218100CE.NFO,31/10/2022,09:33:34,44,43.9,100,44,1100,1950,3318250
NIFTY03NOV2218100CE.NFO,31/10/2022,09:33:35,44.05,43.95,50,44.05,1500,7700,3318250
NIFTY03NOV2218100CE.NFO,31/10/2022,09:33:36,43.8,43.7,150,43.8,2050,7550,3318250
NIFTY03NOV2218100CE.NFO,31/10/2022,09:33:37,43.8,43.75,1650,43.9,3350,2500,3318250
NIFTY03NOV2218100CE.NFO,31/10/2022,09:33:38,44.05,43.95,200,44.05,800,7750,3318250
NIFTY03NOV2218100CE.NFO,31/10/2022,09:33:40,44.15,44,3400,44.15,2750,3050,3318250
NIFTY03NOV2218100CE.NFO,31/10/2022,09:33:41,44.2,44.15,350,44.25,50,4600,3318250
NIFTY03NOV2218100CE.NFO,31/10/2022,09:33:42,44.4,44.35,1650,44.45,150,3750,3318250
NIFTY03NOV2218100CE.NFO,31/10/2022,09:33:43,44.6,44.35,3050,44.5,700,5050,3318250
NIFTY03NOV2218100CE.NFO,31/10/2022,09:33:44,44.55,44.45,150,44.55,1800,2200,3318250
NIFTY03NOV2218100CE.NFO,31/10/2022,09:33:45,44.8,44.8,200,44.85,600,7250,3318250
NIFTY03NOV2218100CE.NFO,31/10/2022,09:33:46,44.45,44.45,2250,44.55,150,2450,3318250
NIFTY03NOV2218100CE.NFO,31/10/2022,09:33:47,44.45,44.35,150,44.45,1600,1750,3318250
NIFTY03NOV2218100CE.NFO,31/10/2022,09:33:48,44.5,44.55,2200,44.7,650,7750,3318250
NIFTY03NOV2218100CE.NFO,31/10/2022,09:33:49,44.85,44.75,1250,44.85,250,4600,3318250
NIFTY03NOV2218100CE.NFO,31/10/2022,09:33:50,44.9,44.9,150,45,1150,8100,3318250
NIFTY03NOV2218100CE.NFO,31/10/2022,09:33:51,45,45,500,45.1,3750,5150,3318250
NIFTY03NOV2218100CE.NFO,31/10/2022,09:33:52,45.05,45,550,45.1,1550,2600,3318250
NIFTY03NOV2218100CE.NFO,31/10/2022,09:33:53,45.1,44.95,1350,45.05,1000,9350,3318250
NIFTY03NOV2218100CE.NFO,31/10/2022,09:33:54,45,44.95,2000,45,100,500,3318250
NIFTY03NOV2218100CE.NFO,31/10/2022,09:33:55,45,44.8,1750,44.9,150,5600,3318250
NIFTY03NOV2218100CE.NFO,31/10/2022,09:33:56,44.85,44.75,150,44.85,700,5850,3318250
NIFTY03NOV2218100CE.NFO,31/10/2022,09:33:57,45,44.9,150,45,1700,1850,3318250
NIFTY03NOV2218100CE.NFO,31/10/2022,09:33:58,45,44.95,600,45,100,1800,3318250
NIFTY03NOV2218100CE.NFO,31/10/2022,09:33:59,45.35,45.3,2000,45.35,200,13700,3318250
NIFTY03NOV2218100CE.NFO,31/10/2022,09:34:00,45.5,45.5,100,45.55,1700,7350,3318250
NIFTY03NOV2218100CE.NFO,31/10/2022,09:34:01,45.25,45.15,1100,45.3,2000,5900,3318250
NIFTY03NOV2218100CE.NFO,31/10/2022,09:34:02,45.15,45.1,2050,45.25,1700,7600,3318250
NIFTY03NOV2218100CE.NFO,31/10/2022,09:34:04,44.5,44.5,1050,44.55,550,9400,3318250
NIFTY03NOV2218100CE.NFO,31/10/2022,09:34:05,44.95,44.8,3050,44.95,1550,27550,3318250
NIFTY03NOV2218100CE.NFO,31/10/2022,09:34:06,45.1,45,1950,45.1,1200,12100,3318250
NIFTY03NOV2218100CE.NFO,31/10/2022,09:34:07,45.05,45.05,1100,45.15,1500,3200,3318250
NIFTY03NOV2218100CE.NFO,31/10/2022,09:34:08,45,44.95,2150,45.05,200,2700,3318250
NIFTY03NOV2218100CE.NFO,31/10/2022,09:34:09,45.1,45.05,500,45.1,50,4350,3318250
NIFTY03NOV2218100CE.NFO,31/10/2022,09:34:10,44.85,44.85,450,44.9,50,2250,3318250
NIFTY03NOV2218100CE.NFO,31/10/2022,09:34:11,44.95,44.85,550,44.95,200,550,3318250
NIFTY03NOV2218100CE.NFO,31/10/2022,09:34:12,45.05,45,1250,45.1,750,9550,3318250
NIFTY03NOV2218100CE.NFO,31/10/2022,09:34:13,45,44.9,5700,45.05,900,4900,3318250
NIFTY03NOV2218100CE.NFO,31/10/2022,09:34:14,45.05,44.95,150,45,150,9250,3318250
NIFTY03NOV2218100CE.NFO,31/10/2022,09:34:15,44.8,44.75,2050,44.8,800,3400,3318250
NIFTY03NOV2218100CE.NFO,31/10/2022,09:34:16,45.05,44.9,1150,45,750,4100,3318250
NIFTY03NOV2218100CE.NFO,31/10/2022,09:34:17,45.05,44.95,150,45.05,1850,700,3318250
NIFTY03NOV2218100CE.NFO,31/10/2022,09:34:18,45.3,45.25,950,45.35,250,4400,3318250
NIFTY03NOV2218100CE.NFO,31/10/2022,09:34:19,45.35,45.3,50,45.35,100,10600,3318250
NIFTY03NOV2218100CE.NFO,31/10/2022,09:34:20,45.1,45.05,650,45.2,3950,6900,3318250
NIFTY03NOV2218100CE.NFO,31/10/2022,09:34:21,45.25,45.25,500,45.3,50,1800,3318250
NIFTY03NOV2218100CE.NFO,31/10/2022,09:34:22,45.3,45.3,500,45.4,600,400,3318250
NIFTY03NOV2218100CE.NFO,31/10/2022,09:34:23,45.3,45.2,150,45.3,2850,9800,3318250
NIFTY03NOV2218100CE.NFO,31/10/2022,09:34:24,45.15,45.15,2650,45.25,150,2450,3318250
NIFTY03NOV2218100CE.NFO,31/10/2022,09:34:25,45.2,45.1,2800,45.2,350,1200,3318250
NIFTY03NOV2218100CE.NFO,31/10/2022,09:34:26,45,44.85,2800,45,2900,8850,3318250
NIFTY03NOV2218100CE.NFO,31/10/2022,09:34:27,45,44.9,2850,45,50,350,3318250
NIFTY03NOV2218100CE.NFO,31/10/2022,09:34:28,44.95,44.85,300,44.95,2550,4350,3318250
NIFTY03NOV2218100CE.NFO,31/10/2022,09:34:29,44.6,44.5,5400,44.65,500,10200,3318250
NIFTY03NOV2218100CE.NFO,31/10/2022,09:34:30,44.8,44.65,2900,44.8,2050,4200,3318250
NIFTY03NOV2218100CE.NFO,31/10/2022,09:34:31,44.9,44.75,2250,44.9,2500,5450,3318250
NIFTY03NOV2218100CE.NFO,31/10/2022,09:34:32,44.85,44.85,2800,45,1800,4400,3318250
NIFTY03NOV2218100CE.NFO,31/10/2022,09:34:33,44.65,44.6,1500,44.75,3200,7150,3318250
NIFTY03NOV2218100CE.NFO,31/10/2022,09:34:35,44.7,44.7,4800,44.85,2300,2850,3318250
NIFTY03NOV2218100CE.NFO,31/10/2022,09:34:36,44.9,44.75,2100,44.85,750,5100,3318250
NIFTY03NOV2218100CE.NFO,31/10/2022,09:34:36,44.9,44.85,350,44.95,2250,1050,3318250
NIFTY03NOV2218100CE.NFO,31/10/2022,09:34:37,44.75,44.7,1200,44.8,700,950,3318250
NIFTY03NOV2218100CE.NFO,31/10/2022,09:34:38,44.9,44.75,2450,44.9,5250,1900,3318250
NIFTY03NOV2218100CE.NFO,31/10/2022,09:34:39,44.9,44.8,50,44.9,1850,2800,3318250
NIFTY03NOV2218100CE.NFO,31/10/2022,09:34:40,44.8,44.85,1550,44.95,600,5600,3318250
NIFTY03NOV2218100CE.NFO,31/10/2022,09:34:41,44.7,44.7,1900,44.85,4250,550,3318250
NIFTY03NOV2218100CE.NFO,31/10/2022,09:34:42,45,44.85,850,45,3650,5050,3318250
NIFTY03NOV2218100CE.NFO,31/10/2022,09:34:43,44.85,44.75,3150,44.85,50,2100,3318250
NIFTY03NOV2218100CE.NFO,31/10/2022,09:34:44,45,44.9,1900,45,300,13100,3318250
NIFTY03NOV2218100CE.NFO,31/10/2022,09:34:45,45.05,44.95,2150,45.05,600,40850,3318250
NIFTY03NOV2218100CE.NFO,31/10/2022,09:34:46,45,44.95,100,45,50,7000,3318250
NIFTY03NOV2218100CE.NFO,31/10/2022,09:34:47,45.05,45,2350,45.05,150,3300,3318250
NIFTY03NOV2218100CE.NFO,31/10/2022,09:34:49,45,44.95,1600,45.05,250,3950,3318250
NIFTY03NOV2218100CE.NFO,31/10/2022,09:34:50,45,44.95,150,45,200,2600,3318250
NIFTY03NOV2218100CE.NFO,31/10/2022,09:34:51,44.95,44.9,50,44.95,300,4800,3318250
NIFTY03NOV2218100CE.NFO,31/10/2022,09:34:52,44.95,45,150,45.1,250,6000,3318250
NIFTY03NOV2218100CE.NFO,31/10/2022,09:34:53,45.1,45,600,45.1,1550,4350,3318250
NIFTY03NOV2218100CE.NFO,31/10/2022,09:34:53,45.1,45,500,45.05,550,650,3318250
NIFTY03NOV2218100CE.NFO,31/10/2022,09:34:54,45.1,45.05,1900,45.2,1500,2550,3318250
NIFTY03NOV2218100CE.NFO,31/10/2022,09:34:55,45.35,45.35,50,45.45,2150,10800,3318250
NIFTY03NOV2218100CE.NFO,31/10/2022,09:34:56,45.35,45.2,1150,45.35,4250,3700,3318250
NIFTY03NOV2218100CE.NFO,31/10/2022,09:34:57,45.35,45.25,150,45.35,3150,3050,3318250
NIFTY03NOV2218100CE.NFO,31/10/2022,09:34:58,45.4,45.25,3400,45.35,50,2100,3318250
NIFTY03NOV2218100CE.NFO,31/10/2022,09:35:00,45.4,45.4,700,45.5,5550,2650,3318250
NIFTY03NOV2218100CE.NFO,31/10/2022,09:35:01,45.6,45.55,50,45.6,200,17000,3318250
NIFTY03NOV2218100CE.NFO,31/10/2022,09:35:02,45.8,45.65,600,45.75,250,6500,3318250
NIFTY03NOV2218100CE.NFO,31/10/2022,09:35:03,45.8,45.85,1500,45.95,200,8500,3318250
NIFTY03NOV2218100CE.NFO,31/10/2022,09:35:04,45.95,45.9,600,46,23150,5350,3318250
NIFTY03NOV2218100CE.NFO,31/10/2022,09:35:04,45.85,45.8,750,45.85,50,950,3318250
NIFTY03NOV2218100CE.NFO,31/10/2022,09:35:05,45.7,45.65,150,45.7,1450,7150,3318250
NIFTY03NOV2218100CE.NFO,31/10/2022,09:35:06,45.45,45.35,1900,45.5,2250,6250,3318250
NIFTY03NOV2218100CE.NFO,31/10/2022,09:35:07,45.4,45.3,750,45.4,300,2500,3318250
NIFTY03NOV2218100CE.NFO,31/10/2022,09:35:08,45.6,45.55,900,45.6,550,7200,3318250
NIFTY03NOV2218100CE.NFO,31/10/2022,09:35:09,45.8,45.65,1550,45.75,300,5450,3318250
NIFTY03NOV2218100CE.NFO,31/10/2022,09:35:10,45.9,45.85,2850,45.95,200,7300,3318250
NIFTY03NOV2218100CE.NFO,31/10/2022,09:35:11,45.5,45.5,2700,45.65,2300,7150,3318250
NIFTY03NOV2218100CE.NFO,31/10/2022,09:35:13,45.75,45.75,100,45.8,1750,13600,3318250
NIFTY03NOV2218100CE.NFO,31/10/2022,09:35:13,45.75,45.75,150,45.8,50,2100,3318250
NIFTY03NOV2218100CE.NFO,31/10/2022,09:35:14,46,45.9,1500,46,24550,9800,3318250
NIFTY03NOV2218100CE.NFO,31/10/2022,09:35:15,46,46,2900,46.1,150,32400,3318250
NIFTY03NOV2218100CE.NFO,31/10/2022,09:35:16,46,45.95,3550,46.1,450,7750,3318250
NIFTY03NOV2218100CE.NFO,31/10/2022,09:35:18,46.1,46,1100,46.1,450,4950,3318250
NIFTY03NOV2218100CE.NFO,31/10/2022,09:35:19,46,45.95,1100,46.1,3300,6800,3318250
NIFTY03NOV2218100CE.NFO,31/10/2022,09:35:19,46.1,46,1450,46.1,100,10700,3318250
NIFTY03NOV2218100CE.NFO,31/10/2022,09:35:21,45.6,45.55,200,45.6,150,23150,3397050
NIFTY03NOV2218100CE.NFO,31/10/2022,09:35:22,45.6,45.6,2900,45.75,1100,4750,3397050
NIFTY03NOV2218100CE.NFO,31/10/2022,09:35:23,45.9,45.8,2350,45.9,850,6950,3397050
NIFTY03NOV2218100CE.NFO,31/10/2022,09:35:24,46,45.9,2050,46,4250,8750,3397050
NIFTY03NOV2218100CE.NFO,31/10/2022,09:35:25,46.2,46.1,1350,46.2,1700,9700,3397050
NIFTY03NOV2218100CE.NFO,31/10/2022,09:35:26,46.05,45.95,250,46.05,850,3250,3397050
NIFTY03NOV2218100CE.NFO,31/10/2022,09:35:27,45.65,45.65,1200,45.75,500,7850,3397050
NIFTY03NOV2218100CE.NFO,31/10/2022,09:35:29,45.4,45.3,1500,45.4,100,17250,3397050
NIFTY03NOV2218100CE.NFO,31/10/2022,09:35:29,45.35,45.25,300,45.35,100,300,3397050
NIFTY03NOV2218100CE.NFO,31/10/2022,09:35:30,45.5,45.5,150,45.6,1850,4550,3397050
NIFTY03NOV2218100CE.NFO,31/10/2022,09:35:31,45.1,45.1,3300,45.25,1700,16900,3397050
NIFTY03NOV2218100CE.NFO,31/10/2022,09:35:32,45.15,45,20000,45.15,1650,3750,3397050
NIFTY03NOV2218100CE.NFO,31/10/2022,09:35:33,45,45,1550,45.1,300,26600,3397050
NIFTY03NOV2218100CE.NFO,31/10/2022,09:35:34,45,44.9,1000,45,250,4650,3397050
NIFTY03NOV2218100CE.NFO,31/10/2022,09:35:35,44.95,44.85,150,44.95,1100,5150,3397050
NIFTY03NOV2218100CE.NFO,31/10/2022,09:35:37,44.55,44.5,3100,44.6,50,10400,3397050
NIFTY03NOV2218100CE.NFO,31/10/2022,09:35:38,44.5,44.5,300,44.55,100,11200,3397050
NIFTY03NOV2218100CE.NFO,31/10/2022,09:35:39,44.7,44.55,100,44.65,1900,9900,3397050
NIFTY03NOV2218100CE.NFO,31/10/2022,09:35:40,44.8,44.75,1400,44.9,1200,12000,3397050
NIFTY03NOV2218100CE.NFO,31/10/2022,09:35:41,44.65,44.65,150,44.75,1500,2000,3397050
NIFTY03NOV2218100CE.NFO,31/10/2022,09:35:42,44.85,44.8,100,44.9,850,4550,3397050
NIFTY03NOV2218100CE.NFO,31/10/2022,09:35:43,44.7,44.75,450,44.8,100,4600,3397050
NIFTY03NOV2218100CE.NFO,31/10/2022,09:35:44,45.05,45.05,550,45.1,150,4050,3397050
NIFTY03NOV2218100CE.NFO,31/10/2022,09:35:46,45,44.9,100,44.95,150,6400,3397050
NIFTY03NOV2218100CE.NFO,31/10/2022,09:35:47,45.2,45.1,1100,45.2,100,6500,3397050
NIFTY03NOV2218100CE.NFO,31/10/2022,09:35:48,44.95,44.95,1550,45.05,150,15550,3397050
NIFTY03NOV2218100CE.NFO,31/10/2022,09:35:49,45,45,1700,45.1,600,3000,3397050
NIFTY03NOV2218100CE.NFO,31/10/2022,09:35:51,45,45,750,45.1,1750,4850,3397050
NIFTY03NOV2218100CE.NFO,31/10/2022,09:35:52,45.15,45.05,600,45.15,1700,5250,3397050
NIFTY03NOV2218100CE.NFO,31/10/2022,09:35:52,45.25,45.15,250,45.25,1900,3800,3397050
