Ticker,Date,Time,LTP,BuyPrice,BuyQty,SellPrice,SellQty,LTQ,OpenInterest
NIFTY03NOV2218100PE.NFO,31/10/2022,09:15:01,215.65,214.6,150,218,100,3150,73350
NIFTY03NOV2218100PE.NFO,31/10/2022,09:15:01,214.5,214.6,150,218,100,0,73350
NIFTY03NOV2218100PE.NFO,31/10/2022,09:15:01,241.95,214.6,150,218,100,0,73350
NIFTY03NOV2218100PE.NFO,31/10/2022,09:15:01,211.05,214.6,150,218,100,0,73350
NIFTY03NOV2218100PE.NFO,31/10/2022,09:15:03,217.6,215.4,50,216.9,100,2200,73350
NIFTY03NOV2218100PE.NFO,31/10/2022,09:15:04,216.55,213.3,100,214.3,200,550,73350
NIFTY03NOV2218100PE.NFO,31/10/2022,09:15:06,213.55,211.45,100,212.9,50,2450,73350
NIFTY03NOV2218100PE.NFO,31/10/2022,09:15:07,208.25,207.35,50,208.45,100,1850,73350
NIFTY03NOV2218100PE.NFO,31/10/2022,09:15:07,204.35,207.35,50,208.45,100,0,73350
NIFTY03NOV2218100PE.NFO,31/10/2022,09:15:08,206.55,205.9,100,208.7,100,1000,73350
NIFTY03NOV2218100PE.NFO,31/10/2022,09:15:10,206.75,206,100,207.9,50,5100,73350
NIFTY03NOV2218100PE.NFO,31/10/2022,09:15:11,209.65,209.65,50,211.25,50,2350,73350
NIFTY03NOV2218100PE.NFO,31/10/2022,09:15:12,210,210,100,211,200,4450,73350
NIFTY03NOV2218100PE.NFO,31/10/2022,09:15:12,207.8,207.9,50,209.1,450,1350,73350
NIFTY03NOV2218100PE.NFO,31/10/2022,09:15:14,206,205.95,200,206.7,50,8450,73350
NIFTY03NOV2218100PE.NFO,31/10/2022,09:15:15,205.4,205.3,250,206.2,50,4350,73350
NIFTY03NOV2218100PE.NFO,31/10/2022,09:15:16,202.7,202.85,50,203.5,50,3150,73350
NIFTY03NOV2218100PE.NFO,31/10/2022,09:15:16,202.7,202.85,50,203.5,50,0,73350
NIFTY03NOV2218100PE.NFO,31/10/2022,09:15:17,203,202.65,50,203.45,100,3100,73350
NIFTY03NOV2218100PE.NFO,31/10/2022,09:15:17,202.1,202.65,50,203.45,100,0,73350
NIFTY03NOV2218100PE.NFO,31/10/2022,09:15:18,202.5,202.45,200,203.45,100,1450,73350
NIFTY03NOV2218100PE.NFO,31/10/2022,09:15:19,201.95,201.6,400,202.5,300,2100,73350
NIFTY03NOV2218100PE.NFO,31/10/2022,09:15:19,201.45,201.6,400,202.5,300,0,73350
NIFTY03NOV2218100PE.NFO,31/10/2022,09:15:19,201.4,201.4,200,202.35,100,450,73350
NIFTY03NOV2218100PE.NFO,31/10/2022,09:15:19,201.4,201.4,200,202.35,100,0,73350
NIFTY03NOV2218100PE.NFO,31/10/2022,09:15:20,200.65,200.5,200,201.4,200,1650,73350
NIFTY03NOV2218100PE.NFO,31/10/2022,09:15:20,200.65,200.5,200,201.4,200,0,73350
NIFTY03NOV2218100PE.NFO,31/10/2022,09:15:22,199.85,199.15,100,199.9,300,3400,73350
NIFTY03NOV2218100PE.NFO,31/10/2022,09:15:22,198.8,199.15,100,199.9,300,0,73350
NIFTY03NOV2218100PE.NFO,31/10/2022,09:15:23,199.1,199.65,150,200.7,250,2950,73350
NIFTY03NOV2218100PE.NFO,31/10/2022,09:15:24,204.5,203.7,200,204.5,200,7400,73350
NIFTY03NOV2218100PE.NFO,31/10/2022,09:15:25,206.2,206.45,150,207.3,200,4900,73350
NIFTY03NOV2218100PE.NFO,31/10/2022,09:15:26,208.45,208.4,50,209,200,3450,73350
NIFTY03NOV2218100PE.NFO,31/10/2022,09:15:27,209.05,208.8,550,209.5,200,2950,73350
NIFTY03NOV2218100PE.NFO,31/10/2022,09:15:29,210.1,209.45,350,210.75,150,2100,73350
NIFTY03NOV2218100PE.NFO,31/10/2022,09:15:30,207,207.1,100,207.6,200,2050,73350
NIFTY03NOV2218100PE.NFO,31/10/2022,09:15:31,207.8,206.7,200,207.3,200,1650,73350
NIFTY03NOV2218100PE.NFO,31/10/2022,09:15:32,205.7,205.2,550,205.85,50,2300,73350
NIFTY03NOV2218100PE.NFO,31/10/2022,09:15:33,205.8,205.7,50,206.15,200,800,73350
NIFTY03NOV2218100PE.NFO,31/10/2022,09:15:34,205.5,205.45,50,205.85,150,1550,73350
NIFTY03NOV2218100PE.NFO,31/10/2022,09:15:35,204.3,204.3,50,204.85,50,1700,73350
NIFTY03NOV2218100PE.NFO,31/10/2022,09:15:36,203.1,203.05,100,203.55,100,1500,73350
NIFTY03NOV2218100PE.NFO,31/10/2022,09:15:37,203.4,203.55,50,204.3,350,1200,73350
NIFTY03NOV2218100PE.NFO,31/10/2022,09:15:38,202.9,202.55,50,202.9,150,1950,73350
NIFTY03NOV2218100PE.NFO,31/10/2022,09:15:39,203.35,202.8,700,203.5,200,750,73350
NIFTY03NOV2218100PE.NFO,31/10/2022,09:15:41,202.5,202.5,100,203,550,1500,73350
NIFTY03NOV2218100PE.NFO,31/10/2022,09:15:42,202.3,201.7,200,202.3,200,1700,73350
NIFTY03NOV2218100PE.NFO,31/10/2022,09:15:43,201.6,201,1550,201.7,200,3300,73350
NIFTY03NOV2218100PE.NFO,31/10/2022,09:15:44,201.55,201.2,550,201.9,550,550,73350
NIFTY03NOV2218100PE.NFO,31/10/2022,09:15:45,201.05,200.5,150,201.1,200,1450,73350
NIFTY03NOV2218100PE.NFO,31/10/2022,09:15:46,200.15,200.15,100,200.7,600,2650,73350
NIFTY03NOV2218100PE.NFO,31/10/2022,09:15:47,201.65,201.15,50,201.7,550,2350,73350
NIFTY03NOV2218100PE.NFO,31/10/2022,09:15:48,200.8,201.4,50,202,550,1150,73350
NIFTY03NOV2218100PE.NFO,31/10/2022,09:15:49,201,200.55,150,201.1,200,1300,73350
NIFTY03NOV2218100PE.NFO,31/10/2022,09:15:49,201.2,200.8,200,201.4,200,100,73350
NIFTY03NOV2218100PE.NFO,31/10/2022,09:15:51,200.45,200.55,50,201.1,350,1250,73350
NIFTY03NOV2218100PE.NFO,31/10/2022,09:15:52,202.1,201.75,50,202.3,550,650,73350
NIFTY03NOV2218100PE.NFO,31/10/2022,09:15:53,202,201.85,100,202.3,550,2850,73350
NIFTY03NOV2218100PE.NFO,31/10/2022,09:15:53,202.45,202,200,202.7,200,1800,73350
NIFTY03NOV2218100PE.NFO,31/10/2022,09:15:55,202.95,202.6,50,202.95,50,1050,73350
NIFTY03NOV2218100PE.NFO,31/10/2022,09:15:56,202.7,202.3,200,202.9,200,2300,73350
NIFTY03NOV2218100PE.NFO,31/10/2022,09:15:57,202.5,202.6,700,203.2,200,550,73350
NIFTY03NOV2218100PE.NFO,31/10/2022,09:15:58,202.5,202.1,50,202.4,550,1300,73350
NIFTY03NOV2218100PE.NFO,31/10/2022,09:15:58,201.8,201.7,300,202.25,50,350,73350
NIFTY03NOV2218100PE.NFO,31/10/2022,09:15:59,202.35,202.5,50,202.95,50,1400,73350
NIFTY03NOV2218100PE.NFO,31/10/2022,09:16:00,200.85,200.8,250,201.2,100,4850,73350
NIFTY03NOV2218100PE.NFO,31/10/2022,09:16:02,200.3,200.3,100,200.7,150,4350,73350
NIFTY03NOV2218100PE.NFO,31/10/2022,09:16:03,200.05,200,1150,200.2,150,3350,73350
NIFTY03NOV2218100PE.NFO,31/10/2022,09:16:04,199.75,199.35,50,199.75,50,3400,73350
NIFTY03NOV2218100PE.NFO,31/10/2022,09:16:05,199.5,199.1,200,199.5,700,1500,73350
NIFTY03NOV2218100PE.NFO,31/10/2022,09:16:06,200.7,200.4,50,200.8,200,1450,73350
NIFTY03NOV2218100PE.NFO,31/10/2022,09:16:06,200.7,200.2,50,200.8,200,0,73350
NIFTY03NOV2218100PE.NFO,31/10/2022,09:16:08,200.3,200.1,200,200.5,200,500,73350
NIFTY03NOV2218100PE.NFO,31/10/2022,09:16:09,199.65,199.4,150,199.65,50,2300,73350
NIFTY03NOV2218100PE.NFO,31/10/2022,09:16:10,199.3,199.3,100,199.4,200,1100,73350
NIFTY03NOV2218100PE.NFO,31/10/2022,09:16:11,199.05,199.05,150,199.2,350,2250,73350
NIFTY03NOV2218100PE.NFO,31/10/2022,09:16:12,198.55,198.6,150,198.95,50,1700,73350
NIFTY03NOV2218100PE.NFO,31/10/2022,09:16:12,197.9,198.6,150,198.95,50,0,73350
NIFTY03NOV2218100PE.NFO,31/10/2022,09:16:13,198.65,198.6,150,199,100,1600,73350
NIFTY03NOV2218100PE.NFO,31/10/2022,09:16:13,198.35,197.9,50,198.25,50,250,73350
NIFTY03NOV2218100PE.NFO,31/10/2022,09:16:14,198.6,198.35,50,198.7,550,3750,73350
NIFTY03NOV2218100PE.NFO,31/10/2022,09:16:16,198.45,198,150,198.35,50,1050,73350
NIFTY03NOV2218100PE.NFO,31/10/2022,09:16:16,198,197.9,150,198.2,200,800,73350
NIFTY03NOV2218100PE.NFO,31/10/2022,09:16:16,197.65,197.9,150,198.2,200,0,73350
NIFTY03NOV2218100PE.NFO,31/10/2022,09:16:17,197.45,197,1050,197.2,200,1400,73350
NIFTY03NOV2218100PE.NFO,31/10/2022,09:16:17,197.35,197,1050,197.2,200,0,73350
NIFTY03NOV2218100PE.NFO,31/10/2022,09:16:18,197,196.55,50,197,100,1350,73350
NIFTY03NOV2218100PE.NFO,31/10/2022,09:16:18,197,196.55,50,197,100,0,73350
NIFTY03NOV2218100PE.NFO,31/10/2022,09:16:20,197.75,197.6,150,197.8,50,500,73350
NIFTY03NOV2218100PE.NFO,31/10/2022,09:16:21,197.6,197.45,150,197.6,50,1250,73350
NIFTY03NOV2218100PE.NFO,31/10/2022,09:16:22,197.2,197.05,150,197.3,200,1500,73350
NIFTY03NOV2218100PE.NFO,31/10/2022,09:16:23,198.05,197.75,200,198.2,200,8450,73350
NIFTY03NOV2218100PE.NFO,31/10/2022,09:16:23,196.65,197.75,200,198.2,200,0,73350
NIFTY03NOV2218100PE.NFO,31/10/2022,09:16:23,198,197.15,150,197.6,200,50,73350
NIFTY03NOV2218100PE.NFO,31/10/2022,09:16:25,197.45,197.2,150,197.5,600,600,73350
NIFTY03NOV2218100PE.NFO,31/10/2022,09:16:26,197.15,197.65,300,197.9,50,100,73350
NIFTY03NOV2218100PE.NFO,31/10/2022,09:16:27,199,198.9,100,199.1,200,300,73350
NIFTY03NOV2218100PE.NFO,31/10/2022,09:16:28,199.6,199.5,100,199.8,150,1650,73350
NIFTY03NOV2218100PE.NFO,31/10/2022,09:16:28,200.5,200.4,50,200.7,200,150,73350
NIFTY03NOV2218100PE.NFO,31/10/2022,09:16:29,200.85,201.1,50,201.25,150,1450,73350
NIFTY03NOV2218100PE.NFO,31/10/2022,09:16:31,199.85,199.65,200,199.9,50,1350,73350
NIFTY03NOV2218100PE.NFO,31/10/2022,09:16:32,199.9,199.65,150,200.05,150,1400,73350
NIFTY03NOV2218100PE.NFO,31/10/2022,09:16:33,199.15,199.1,50,199.5,200,600,73350
NIFTY03NOV2218100PE.NFO,31/10/2022,09:16:34,199.35,199.05,50,199.2,200,600,73350
NIFTY03NOV2218100PE.NFO,31/10/2022,09:16:35,199.5,199.2,50,199.5,150,1200,73350
NIFTY03NOV2218100PE.NFO,31/10/2022,09:16:36,198.35,198.3,350,198.7,200,1500,73350
NIFTY03NOV2218100PE.NFO,31/10/2022,09:16:36,197.75,197.55,50,197.85,100,1450,73350
NIFTY03NOV2218100PE.NFO,31/10/2022,09:16:37,197.5,197.5,150,197.8,200,250,73350
NIFTY03NOV2218100PE.NFO,31/10/2022,09:16:38,197.7,197.45,50,197.6,200,1750,73350
NIFTY03NOV2218100PE.NFO,31/10/2022,09:16:40,197.45,197.15,150,197.4,100,350,73350
NIFTY03NOV2218100PE.NFO,31/10/2022,09:16:41,197.6,197.45,50,197.8,150,2400,73350
NIFTY03NOV2218100PE.NFO,31/10/2022,09:16:42,197.95,198.25,50,198.6,600,100,73350
NIFTY03NOV2218100PE.NFO,31/10/2022,09:16:42,197.95,198.1,200,198.5,400,0,73350
NIFTY03NOV2218100PE.NFO,31/10/2022,09:16:43,197.9,197.7,50,198.15,50,550,73350
NIFTY03NOV2218100PE.NFO,31/10/2022,09:16:44,197.45,197.4,50,197.8,50,250,73350
NIFTY03NOV2218100PE.NFO,31/10/2022,09:16:46,198.1,198.05,250,198.55,100,2550,73350
NIFTY03NOV2218100PE.NFO,31/10/2022,09:16:47,198.55,198.2,50,198.65,50,250,73350
NIFTY03NOV2218100PE.NFO,31/10/2022,09:16:48,198,197.5,50,197.8,200,100,73350
NIFTY03NOV2218100PE.NFO,31/10/2022,09:16:49,198.5,198.6,50,198.9,200,200,73350
NIFTY03NOV2218100PE.NFO,31/10/2022,09:16:49,198.35,198.15,50,198.65,150,50,73350
NIFTY03NOV2218100PE.NFO,31/10/2022,09:16:50,197.9,197.6,50,197.95,100,500,73350
NIFTY03NOV2218100PE.NFO,31/10/2022,09:16:51,198.6,198.45,50,198.8,200,250,73350
NIFTY03NOV2218100PE.NFO,31/10/2022,09:16:53,198.5,198.05,250,198.45,200,250,73350
NIFTY03NOV2218100PE.NFO,31/10/2022,09:16:54,198.8,198.5,50,198.8,200,2050,73350
NIFTY03NOV2218100PE.NFO,31/10/2022,09:16:55,198.9,198.7,50,198.85,100,200,73350
NIFTY03NOV2218100PE.NFO,31/10/2022,09:16:56,199.05,198.95,50,199.05,50,350,73350
NIFTY03NOV2218100PE.NFO,31/10/2022,09:16:57,198.95,198.6,200,198.95,100,1000,73350
NIFTY03NOV2218100PE.NFO,31/10/2022,09:16:58,198.65,198.5,150,198.7,200,600,73350
NIFTY03NOV2218100PE.NFO,31/10/2022,09:16:59,198.8,198.55,50,198.8,550,1000,73350
NIFTY03NOV2218100PE.NFO,31/10/2022,09:17:00,198.3,198.3,150,198.7,200,700,73350
NIFTY03NOV2218100PE.NFO,31/10/2022,09:17:00,198.15,198.3,100,198.65,50,3400,73350
NIFTY03NOV2218100PE.NFO,31/10/2022,09:17:01,198.6,198.5,100,198.8,400,750,73350
NIFTY03NOV2218100PE.NFO,31/10/2022,09:17:02,200.7,201,50,201.45,100,2550,73350
NIFTY03NOV2218100PE.NFO,31/10/2022,09:17:04,201.9,202.1,100,202.35,100,750,73350
NIFTY03NOV2218100PE.NFO,31/10/2022,09:17:05,201.95,201.8,100,202.05,50,2800,73350
NIFTY03NOV2218100PE.NFO,31/10/2022,09:17:06,201.3,200.65,350,200.9,200,1000,73350
NIFTY03NOV2218100PE.NFO,31/10/2022,09:17:07,202.1,201.75,100,202.1,50,1950,73350
NIFTY03NOV2218100PE.NFO,31/10/2022,09:17:08,202.3,202.45,50,202.8,200,300,73350
NIFTY03NOV2218100PE.NFO,31/10/2022,09:17:08,202.3,202.45,50,202.75,100,0,73350
NIFTY03NOV2218100PE.NFO,31/10/2022,09:17:09,201.35,201,100,201.45,50,3100,73350
NIFTY03NOV2218100PE.NFO,31/10/2022,09:17:11,199.9,199.5,100,199.85,50,1750,73350
NIFTY03NOV2218100PE.NFO,31/10/2022,09:17:12,202,201.85,300,202.3,100,1300,73350
NIFTY03NOV2218100PE.NFO,31/10/2022,09:17:13,201.85,201.5,50,201.75,200,1250,73350
NIFTY03NOV2218100PE.NFO,31/10/2022,09:17:14,202.05,202.1,50,202.45,150,550,73350
NIFTY03NOV2218100PE.NFO,31/10/2022,09:17:14,202.5,202.5,50,202.75,100,250,73350
NIFTY03NOV2218100PE.NFO,31/10/2022,09:17:15,203.1,203.15,50,203.6,50,1550,73350
NIFTY03NOV2218100PE.NFO,31/10/2022,09:17:16,203.75,203.3,100,203.7,200,1300,73350
NIFTY03NOV2218100PE.NFO,31/10/2022,09:17:17,203.1,203.15,50,203.6,200,1000,73350
NIFTY03NOV2218100PE.NFO,31/10/2022,09:17:18,203.45,204,50,204.4,100,500,176600
NIFTY03NOV2218100PE.NFO,31/10/2022,09:17:20,202.5,202.5,200,202.75,550,1100,176600
NIFTY03NOV2218100PE.NFO,31/10/2022,09:17:21,202.25,202.25,100,202.6,200,1350,176600
NIFTY03NOV2218100PE.NFO,31/10/2022,09:17:22,202.4,202.6,50,203.1,50,500,176600
NIFTY03NOV2218100PE.NFO,31/10/2022,09:17:23,202.6,202.4,550,202.9,200,350,176600
NIFTY03NOV2218100PE.NFO,31/10/2022,09:17:24,202.4,202.05,350,202.4,50,100,176600
NIFTY03NOV2218100PE.NFO,31/10/2022,09:17:25,202.1,202.05,350,202.3,150,1300,176600
NIFTY03NOV2218100PE.NFO,31/10/2022,09:17:26,202.45,202.15,50,202.45,50,100,176600
NIFTY03NOV2218100PE.NFO,31/10/2022,09:17:27,202.15,202.15,50,202.55,50,150,176600
NIFTY03NOV2218100PE.NFO,31/10/2022,09:17:28,205.15,205.1,250,205.5,400,4000,176600
NIFTY03NOV2218100PE.NFO,31/10/2022,09:17:29,204.85,204.85,50,205.25,100,1600,176600
NIFTY03NOV2218100PE.NFO,31/10/2022,09:17:31,204.85,204.55,150,204.85,100,1000,176600
NIFTY03NOV2218100PE.NFO,31/10/2022,09:17:32,204.95,204.8,100,204.95,100,700,176600
NIFTY03NOV2218100PE.NFO,31/10/2022,09:17:33,205.1,204.95,50,205.3,100,1350,176600
NIFTY03NOV2218100PE.NFO,31/10/2022,09:17:34,204.95,205.15,150,205.5,400,200,176600
NIFTY03NOV2218100PE.NFO,31/10/2022,09:17:35,204.75,204.75,250,205.15,50,1700,176600
NIFTY03NOV2218100PE.NFO,31/10/2022,09:17:36,205.15,205.15,250,205.5,100,50,176600
NIFTY03NOV2218100PE.NFO,31/10/2022,09:17:37,205.35,205.15,50,205.6,250,2200,176600
NIFTY03NOV2218100PE.NFO,31/10/2022,09:17:38,205.5,205.15,50,205.5,500,300,176600
NIFTY03NOV2218100PE.NFO,31/10/2022,09:17:39,206.15,205.85,100,206.2,350,3100,176600
NIFTY03NOV2218100PE.NFO,31/10/2022,09:17:40,206,205.95,150,206.4,50,950,176600
NIFTY03NOV2218100PE.NFO,31/10/2022,09:17:41,205.55,205.55,100,205.9,200,1800,176600
NIFTY03NOV2218100PE.NFO,31/10/2022,09:17:42,206.1,206.05,300,206.25,200,950,176600
NIFTY03NOV2218100PE.NFO,31/10/2022,09:17:43,204.85,204.75,200,205.05,100,1700,176600
NIFTY03NOV2218100PE.NFO,31/10/2022,09:17:44,204.5,204.3,50,204.75,50,2150,176600
NIFTY03NOV2218100PE.NFO,31/10/2022,09:17:45,203.05,203,50,203.45,150,2200,176600
NIFTY03NOV2218100PE.NFO,31/10/2022,09:17:45,203.85,203.65,100,204.15,100,350,176600
NIFTY03NOV2218100PE.NFO,31/10/2022,09:17:47,203.35,202.95,300,203.35,100,1300,176600
NIFTY03NOV2218100PE.NFO,31/10/2022,09:17:48,202.4,202.1,50,202.4,200,2250,176600
NIFTY03NOV2218100PE.NFO,31/10/2022,09:17:49,202.25,202.1,100,202.35,200,800,176600
NIFTY03NOV2218100PE.NFO,31/10/2022,09:17:50,201.5,201.5,350,201.9,200,1500,176600
NIFTY03NOV2218100PE.NFO,31/10/2022,09:17:51,201.5,201.2,150,201.85,250,2600,176600
NIFTY03NOV2218100PE.NFO,31/10/2022,09:17:52,200.05,200,1350,200.35,350,4200,176600
NIFTY03NOV2218100PE.NFO,31/10/2022,09:17:53,200.2,199.75,350,200.25,200,1700,176600
NIFTY03NOV2218100PE.NFO,31/10/2022,09:17:54,199.55,199.6,100,199.85,50,1450,176600
NIFTY03NOV2218100PE.NFO,31/10/2022,09:17:54,200.1,199.75,100,200.1,250,650,176600
NIFTY03NOV2218100PE.NFO,31/10/2022,09:17:56,200.15,199.7,100,200,300,1350,176600
NIFTY03NOV2218100PE.NFO,31/10/2022,09:17:57,200.25,200.2,100,200.35,350,1600,176600
NIFTY03NOV2218100PE.NFO,31/10/2022,09:17:58,199.95,199.1,100,199.45,50,250,176600
NIFTY03NOV2218100PE.NFO,31/10/2022,09:17:59,199.95,199.95,100,200.1,200,750,176600
NIFTY03NOV2218100PE.NFO,31/10/2022,09:18:00,201.3,201.2,100,201.45,100,950,176600
NIFTY03NOV2218100PE.NFO,31/10/2022,09:18:01,200.85,200.6,50,200.95,100,1350,176600
NIFTY03NOV2218100PE.NFO,31/10/2022,09:18:01,200.55,200.65,50,200.95,100,50,176600
NIFTY03NOV2218100PE.NFO,31/10/2022,09:18:03,201.05,200.85,100,201.2,200,400,176600
NIFTY03NOV2218100PE.NFO,31/10/2022,09:18:04,199.8,199.95,100,200.25,200,500,176600
NIFTY03NOV2218100PE.NFO,31/10/2022,09:18:05,199.6,200.1,100,200.3,550,2500,176600
NIFTY03NOV2218100PE.NFO,31/10/2022,09:18:06,200.15,200.25,100,200.55,50,750,176600
NIFTY03NOV2218100PE.NFO,31/10/2022,09:18:07,200.7,200.6,100,200.9,100,250,176600
NIFTY03NOV2218100PE.NFO,31/10/2022,09:18:08,200.95,200.35,100,200.75,200,900,176600
NIFTY03NOV2218100PE.NFO,31/10/2022,09:18:09,199.9,199.6,50,200,100,1650,176600
NIFTY03NOV2218100PE.NFO,31/10/2022,09:18:10,197.95,197.8,150,198,200,5400,176600
NIFTY03NOV2218100PE.NFO,31/10/2022,09:18:12,199,199.1,100,199.45,200,1550,176600
NIFTY03NOV2218100PE.NFO,31/10/2022,09:18:13,199,198.65,200,199,550,400,176600
NIFTY03NOV2218100PE.NFO,31/10/2022,09:18:13,199.1,199.15,150,199.45,100,1300,176600
NIFTY03NOV2218100PE.NFO,31/10/2022,09:18:15,199,198.75,150,199.05,150,200,176600
NIFTY03NOV2218100PE.NFO,31/10/2022,09:18:16,198.4,198.25,150,198.5,100,1500,176600
NIFTY03NOV2218100PE.NFO,31/10/2022,09:18:17,199.55,199.5,150,199.85,150,2050,176600
NIFTY03NOV2218100PE.NFO,31/10/2022,09:18:18,200.2,199.9,100,200.25,200,550,176600
NIFTY03NOV2218100PE.NFO,31/10/2022,09:18:19,200.3,200.15,50,200.3,200,1900,176600
NIFTY03NOV2218100PE.NFO,31/10/2022,09:18:20,199.85,199.65,50,199.9,300,3850,176600
NIFTY03NOV2218100PE.NFO,31/10/2022,09:18:21,200.4,200.45,50,200.65,150,750,176600
NIFTY03NOV2218100PE.NFO,31/10/2022,09:18:22,200.3,200.35,150,200.4,200,500,176600
NIFTY03NOV2218100PE.NFO,31/10/2022,09:18:23,200.35,200.25,250,200.55,350,150,176600
NIFTY03NOV2218100PE.NFO,31/10/2022,09:18:24,201.05,200.75,100,201.15,200,100,176600
NIFTY03NOV2218100PE.NFO,31/10/2022,09:18:25,200.75,200.5,200,200.9,50,900,176600
NIFTY03NOV2218100PE.NFO,31/10/2022,09:18:26,200.6,200.75,150,201.05,50,800,176600
NIFTY03NOV2218100PE.NFO,31/10/2022,09:18:27,202.3,201,50,201.25,100,1400,176600
NIFTY03NOV2218100PE.NFO,31/10/2022,09:18:28,200.4,200.05,150,200.4,500,1450,176600
NIFTY03NOV2218100PE.NFO,31/10/2022,09:18:28,200.5,200,1650,200.4,50,650,176600
NIFTY03NOV2218100PE.NFO,31/10/2022,09:18:30,200.5,200.05,100,200.45,100,1200,176600
NIFTY03NOV2218100PE.NFO,31/10/2022,09:18:31,199,198.8,200,199.15,200,700,176600
NIFTY03NOV2218100PE.NFO,31/10/2022,09:18:32,199,198.5,50,198.9,650,0,176600
NIFTY03NOV2218100PE.NFO,31/10/2022,09:18:33,199.1,198.85,200,199.25,500,1350,176600
NIFTY03NOV2218100PE.NFO,31/10/2022,09:18:34,198.85,198.35,50,198.8,550,500,176600
NIFTY03NOV2218100PE.NFO,31/10/2022,09:18:35,198,197.9,50,198.2,700,600,176600
NIFTY03NOV2218100PE.NFO,31/10/2022,09:18:36,197.45,197.2,50,197.4,150,950,176600
NIFTY03NOV2218100PE.NFO,31/10/2022,09:18:37,197.2,197.15,50,197.25,200,2450,176600
NIFTY03NOV2218100PE.NFO,31/10/2022,09:18:38,196.8,196.65,50,196.85,250,1250,176600
NIFTY03NOV2218100PE.NFO,31/10/2022,09:18:38,196.55,196.65,50,196.85,250,0,176600
NIFTY03NOV2218100PE.NFO,31/10/2022,09:18:39,197.45,197.1,50,197.35,350,900,176600
NIFTY03NOV2218100PE.NFO,31/10/2022,09:18:39,196.85,196.55,550,196.95,350,100,176600
NIFTY03NOV2218100PE.NFO,31/10/2022,09:18:41,196.45,196.15,200,196.45,350,2050,176600
NIFTY03NOV2218100PE.NFO,31/10/2022,09:18:41,196.25,196.15,200,196.45,350,0,176600
NIFTY03NOV2218100PE.NFO,31/10/2022,09:18:42,196,195.85,50,195.9,150,450,176600
NIFTY03NOV2218100PE.NFO,31/10/2022,09:18:42,196,195.85,50,195.9,150,0,176600
NIFTY03NOV2218100PE.NFO,31/10/2022,09:18:43,195.8,195.5,100,195.8,150,550,176600
NIFTY03NOV2218100PE.NFO,31/10/2022,09:18:43,195.45,195.5,100,195.8,150,0,176600
NIFTY03NOV2218100PE.NFO,31/10/2022,09:18:44,196.45,196.1,150,196.45,450,1000,176600
NIFTY03NOV2218100PE.NFO,31/10/2022,09:18:45,196.4,196,2700,196.4,50,2100,176600
NIFTY03NOV2218100PE.NFO,31/10/2022,09:18:46,195.9,195.85,100,196.1,50,3900,176600
NIFTY03NOV2218100PE.NFO,31/10/2022,09:18:47,195.65,195.55,150,195.8,150,750,176600
NIFTY03NOV2218100PE.NFO,31/10/2022,09:18:48,195.8,195.65,300,195.9,650,750,176600
NIFTY03NOV2218100PE.NFO,31/10/2022,09:18:49,195.55,195.3,150,195.6,300,4850,176600
NIFTY03NOV2218100PE.NFO,31/10/2022,09:18:49,195.35,195.3,150,195.6,300,0,176600
NIFTY03NOV2218100PE.NFO,31/10/2022,09:18:50,196.45,196.4,150,196.65,100,3600,176600
NIFTY03NOV2218100PE.NFO,31/10/2022,09:18:51,195.6,195.3,300,195.65,50,2400,176600
NIFTY03NOV2218100PE.NFO,31/10/2022,09:18:51,195.1,195.3,300,195.65,50,0,176600
NIFTY03NOV2218100PE.NFO,31/10/2022,09:18:52,195.05,195.05,1000,195.3,1150,1250,176600
NIFTY03NOV2218100PE.NFO,31/10/2022,09:18:52,195.05,195.05,1000,195.3,1150,0,176600
NIFTY03NOV2218100PE.NFO,31/10/2022,09:18:53,194.75,194.55,150,194.75,350,5450,176600
NIFTY03NOV2218100PE.NFO,31/10/2022,09:18:53,194.55,194.55,150,194.75,350,0,176600
NIFTY03NOV2218100PE.NFO,31/10/2022,09:18:53,194.4,194,700,194.4,200,200,176600
NIFTY03NOV2218100PE.NFO,31/10/2022,09:18:53,194.4,194,700,194.4,200,0,176600
NIFTY03NOV2218100PE.NFO,31/10/2022,09:18:55,194.75,194.5,400,194.9,200,650,176600
NIFTY03NOV2218100PE.NFO,31/10/2022,09:18:55,194.15,194.5,400,194.9,200,0,176600
NIFTY03NOV2218100PE.NFO,31/10/2022,09:18:56,193.85,194.2,200,194.5,200,400,176600
NIFTY03NOV2218100PE.NFO,31/10/2022,09:18:56,193.85,194.2,200,194.5,200,0,176600
NIFTY03NOV2218100PE.NFO,31/10/2022,09:18:57,193.95,193.7,250,194.2,200,300,176600
NIFTY03NOV2218100PE.NFO,31/10/2022,09:18:58,194.6,194.3,50,194.4,450,200,176600
NIFTY03NOV2218100PE.NFO,31/10/2022,09:18:59,195,194.8,50,195.15,150,750,176600
NIFTY03NOV2218100PE.NFO,31/10/2022,09:19:00,195.25,194.75,50,195.05,50,450,176600
NIFTY03NOV2218100PE.NFO,31/10/2022,09:19:01,194.35,194.2,50,194.6,1150,2250,176600
NIFTY03NOV2218100PE.NFO,31/10/2022,09:19:01,193.7,194.2,50,194.6,1150,0,176600
NIFTY03NOV2218100PE.NFO,31/10/2022,09:19:02,193.45,193.6,100,193.7,750,1350,176600
NIFTY03NOV2218100PE.NFO,31/10/2022,09:19:02,193.25,193.6,100,193.7,750,0,176600
NIFTY03NOV2218100PE.NFO,31/10/2022,09:19:03,193.7,193.35,50,193.8,350,3550,176600
NIFTY03NOV2218100PE.NFO,31/10/2022,09:19:03,192.55,193.35,50,193.8,350,0,176600
NIFTY03NOV2218100PE.NFO,31/10/2022,09:19:04,193,193.05,50,193.35,50,500,176600
NIFTY03NOV2218100PE.NFO,31/10/2022,09:19:05,192.15,192.1,1050,192.45,150,1950,176600
NIFTY03NOV2218100PE.NFO,31/10/2022,09:19:05,192.15,192.1,1050,192.45,150,0,176600
NIFTY03NOV2218100PE.NFO,31/10/2022,09:19:06,192.6,192.2,50,192.5,200,3400,176600
NIFTY03NOV2218100PE.NFO,31/10/2022,09:19:07,192.75,192.65,150,193.1,200,1250,176600
NIFTY03NOV2218100PE.NFO,31/10/2022,09:19:08,193.65,193.3,50,193.7,350,2700,176600
NIFTY03NOV2218100PE.NFO,31/10/2022,09:19:08,193.75,193.45,50,193.75,100,400,176600
NIFTY03NOV2218100PE.NFO,31/10/2022,09:19:10,194.4,194,200,194.4,550,1100,176600
NIFTY03NOV2218100PE.NFO,31/10/2022,09:19:11,194.55,194.2,200,194.55,300,350,176600
NIFTY03NOV2218100PE.NFO,31/10/2022,09:19:12,194.7,194.85,150,195.15,50,850,176600
NIFTY03NOV2218100PE.NFO,31/10/2022,09:19:13,195.3,195.2,50,195.5,200,1150,176600
NIFTY03NOV2218100PE.NFO,31/10/2022,09:19:14,195.15,195,250,195.45,50,600,176600
NIFTY03NOV2218100PE.NFO,31/10/2022,09:19:15,195.15,195.3,200,195.65,200,0,176600
NIFTY03NOV2218100PE.NFO,31/10/2022,09:19:15,195.25,194.85,200,195.15,100,750,176600
NIFTY03NOV2218100PE.NFO,31/10/2022,09:19:16,195.05,194.7,200,195.05,150,900,176600
NIFTY03NOV2218100PE.NFO,31/10/2022,09:19:18,194.7,194.55,200,195.05,550,250,176600
NIFTY03NOV2218100PE.NFO,31/10/2022,09:19:19,195.8,195.65,50,195.75,100,950,176600
NIFTY03NOV2218100PE.NFO,31/10/2022,09:19:20,194.95,194.3,200,194.8,650,550,176600
NIFTY03NOV2218100PE.NFO,31/10/2022,09:19:21,194.2,193.75,50,194.15,50,3150,176600
NIFTY03NOV2218100PE.NFO,31/10/2022,09:19:21,194.2,193.8,350,194.1,200,0,176600
NIFTY03NOV2218100PE.NFO,31/10/2022,09:19:23,192.4,192.1,150,192.4,50,5250,176600
NIFTY03NOV2218100PE.NFO,31/10/2022,09:19:23,192,192.1,150,192.4,50,0,176600
NIFTY03NOV2218100PE.NFO,31/10/2022,09:19:24,191.85,191.65,200,192.05,50,1000,176600
NIFTY03NOV2218100PE.NFO,31/10/2022,09:19:24,191.75,191.65,200,192.05,50,0,176600
NIFTY03NOV2218100PE.NFO,31/10/2022,09:19:25,191.8,191.45,100,191.75,150,600,176600
NIFTY03NOV2218100PE.NFO,31/10/2022,09:19:25,191.55,191.45,100,191.75,150,0,176600
NIFTY03NOV2218100PE.NFO,31/10/2022,09:19:26,192.05,191.95,200,192.25,50,600,176600
NIFTY03NOV2218100PE.NFO,31/10/2022,09:19:27,191.7,191.45,200,191.75,150,2000,176600
NIFTY03NOV2218100PE.NFO,31/10/2022,09:19:27,191.45,191.45,200,191.75,150,0,176600
NIFTY03NOV2218100PE.NFO,31/10/2022,09:19:28,192.75,192.6,150,192.95,200,1650,176600
NIFTY03NOV2218100PE.NFO,31/10/2022,09:19:29,192.75,193.25,150,193.4,50,0,176600
NIFTY03NOV2218100PE.NFO,31/10/2022,09:19:30,194.35,194.3,50,194.5,150,800,176600
NIFTY03NOV2218100PE.NFO,31/10/2022,09:19:31,193.15,193,800,193.4,250,1350,176600
NIFTY03NOV2218100PE.NFO,31/10/2022,09:19:32,192.9,192.4,150,192.7,200,300,176600
NIFTY03NOV2218100PE.NFO,31/10/2022,09:19:33,192.65,192.6,200,192.75,50,2250,176600
NIFTY03NOV2218100PE.NFO,31/10/2022,09:19:34,194.45,194.25,300,194.6,200,2250,176600
NIFTY03NOV2218100PE.NFO,31/10/2022,09:19:35,193.75,193.75,100,193.8,350,2200,176600
NIFTY03NOV2218100PE.NFO,31/10/2022,09:19:36,193.75,193.7,200,193.85,50,50,176600
NIFTY03NOV2218100PE.NFO,31/10/2022,09:19:37,193,192.7,150,193,200,1000,176600
NIFTY03NOV2218100PE.NFO,31/10/2022,09:19:38,193.7,193.25,300,193.6,1000,400,176600
NIFTY03NOV2218100PE.NFO,31/10/2022,09:19:39,193.6,193.5,150,193.75,150,1750,176600
NIFTY03NOV2218100PE.NFO,31/10/2022,09:19:40,193.35,193.55,150,193.85,150,650,176600
NIFTY03NOV2218100PE.NFO,31/10/2022,09:19:41,193.55,193.75,50,194,200,100,176600
NIFTY03NOV2218100PE.NFO,31/10/2022,09:19:42,193,192.85,50,193.05,50,200,176600
NIFTY03NOV2218100PE.NFO,31/10/2022,09:19:43,192.75,192.5,150,192.85,250,300,176600
NIFTY03NOV2218100PE.NFO,31/10/2022,09:19:44,192.6,192.8,200,193.1,300,2200,176600
NIFTY03NOV2218100PE.NFO,31/10/2022,09:19:45,192.55,192.3,300,192.55,150,300,176600
NIFTY03NOV2218100PE.NFO,31/10/2022,09:19:46,192.1,191.95,300,192.1,200,650,176600
NIFTY03NOV2218100PE.NFO,31/10/2022,09:19:47,192.25,192.2,150,192.5,400,400,176600
NIFTY03NOV2218100PE.NFO,31/10/2022,09:19:48,192.25,192.15,150,192.35,200,300,176600
NIFTY03NOV2218100PE.NFO,31/10/2022,09:19:49,192.35,192.2,150,192.5,550,300,176600
NIFTY03NOV2218100PE.NFO,31/10/2022,09:19:50,193.25,192.55,100,192.8,250,1000,176600
NIFTY03NOV2218100PE.NFO,31/10/2022,09:19:51,192.75,192.65,100,193.05,50,150,176600
NIFTY03NOV2218100PE.NFO,31/10/2022,09:19:52,193.2,193.15,200,193.5,50,1650,176600
NIFTY03NOV2218100PE.NFO,31/10/2022,09:19:53,194.15,193.65,200,194.05,50,450,176600
NIFTY03NOV2218100PE.NFO,31/10/2022,09:19:54,193.8,193.8,150,194.1,200,400,176600
NIFTY03NOV2218100PE.NFO,31/10/2022,09:19:55,194.15,193.65,50,194,50,700,176600
NIFTY03NOV2218100PE.NFO,31/10/2022,09:19:56,194.15,193.6,200,193.9,250,0,176600
NIFTY03NOV2218100PE.NFO,31/10/2022,09:19:57,193.15,193.5,650,193.8,50,750,176600
NIFTY03NOV2218100PE.NFO,31/10/2022,09:19:58,192.5,192.7,150,193.05,100,400,176600
NIFTY03NOV2218100PE.NFO,31/10/2022,09:19:59,193.15,192.85,50,193.2,250,750,176600
NIFTY03NOV2218100PE.NFO,31/10/2022,09:20:00,192.1,191.7,500,192.15,50,2800,176600
NIFTY03NOV2218100PE.NFO,31/10/2022,09:20:01,190.65,190.45,250,190.95,150,3050,176600
NIFTY03NOV2218100PE.NFO,31/10/2022,09:20:01,190.25,190.45,250,190.95,150,0,176600
NIFTY03NOV2218100PE.NFO,31/10/2022,09:20:02,190.35,190.35,100,190.5,200,1300,176600
NIFTY03NOV2218100PE.NFO,31/10/2022,09:20:03,190.4,190.2,50,190.4,50,1800,176600
NIFTY03NOV2218100PE.NFO,31/10/2022,09:20:03,190.15,190.2,50,190.4,50,0,176600
NIFTY03NOV2218100PE.NFO,31/10/2022,09:20:04,192.75,192.65,200,193.05,250,10450,176600
NIFTY03NOV2218100PE.NFO,31/10/2022,09:20:05,191.95,191.8,150,192.15,100,450,176600
NIFTY03NOV2218100PE.NFO,31/10/2022,09:20:06,191.1,190.95,150,191.2,200,550,176600
NIFTY03NOV2218100PE.NFO,31/10/2022,09:20:07,190.25,190.35,250,190.75,800,1700,176600
NIFTY03NOV2218100PE.NFO,31/10/2022,09:20:08,190.4,190.15,100,190.4,950,50,176600
NIFTY03NOV2218100PE.NFO,31/10/2022,09:20:09,190.1,190.15,50,190.5,200,2750,176600
NIFTY03NOV2218100PE.NFO,31/10/2022,09:20:09,190.1,190.15,50,190.5,200,0,176600
NIFTY03NOV2218100PE.NFO,31/10/2022,09:20:10,192.4,192.2,50,192.6,150,1400,176600
NIFTY03NOV2218100PE.NFO,31/10/2022,09:20:10,190,192.2,50,192.6,150,0,176600
NIFTY03NOV2218100PE.NFO,31/10/2022,09:20:11,193.75,193.45,50,193.8,400,3300,176600
NIFTY03NOV2218100PE.NFO,31/10/2022,09:20:12,193.05,192.85,200,193.05,200,950,176600
NIFTY03NOV2218100PE.NFO,31/10/2022,09:20:13,193.05,192.85,200,193.1,200,0,176600
NIFTY03NOV2218100PE.NFO,31/10/2022,09:20:14,193.3,192.5,200,192.95,150,1900,176600
NIFTY03NOV2218100PE.NFO,31/10/2022,09:20:15,193.45,193.3,250,193.65,200,600,176600
NIFTY03NOV2218100PE.NFO,31/10/2022,09:20:16,194,192.7,200,193,50,550,176600
NIFTY03NOV2218100PE.NFO,31/10/2022,09:20:17,193,192.4,200,192.8,200,1000,176600
NIFTY03NOV2218100PE.NFO,31/10/2022,09:20:18,190.9,191.35,200,191.7,250,8700,278950
NIFTY03NOV2218100PE.NFO,31/10/2022,09:20:19,191.65,191.55,250,191.95,200,1950,278950
NIFTY03NOV2218100PE.NFO,31/10/2022,09:20:20,193.1,193.05,50,193.3,150,1300,278950
NIFTY03NOV2218100PE.NFO,31/10/2022,09:20:21,192.35,192.45,50,192.75,200,1350,278950
NIFTY03NOV2218100PE.NFO,31/10/2022,09:20:22,193.05,192.7,150,193,450,1250,278950
NIFTY03NOV2218100PE.NFO,31/10/2022,09:20:23,192.4,192.1,350,192.25,50,1450,278950
NIFTY03NOV2218100PE.NFO,31/10/2022,09:20:24,192.4,192.3,50,192.6,100,200,278950
NIFTY03NOV2218100PE.NFO,31/10/2022,09:20:25,192.45,192.3,150,192.55,200,400,278950
NIFTY03NOV2218100PE.NFO,31/10/2022,09:20:26,192,192.05,250,192.45,350,2350,278950
NIFTY03NOV2218100PE.NFO,31/10/2022,09:20:27,192.5,192.65,50,193,100,150,278950
NIFTY03NOV2218100PE.NFO,31/10/2022,09:20:28,193.25,192.95,50,193.4,900,100,278950
NIFTY03NOV2218100PE.NFO,31/10/2022,09:20:29,192.6,192.6,150,192.95,50,300,278950
NIFTY03NOV2218100PE.NFO,31/10/2022,09:20:30,192.6,192.9,150,193.2,50,0,278950
NIFTY03NOV2218100PE.NFO,31/10/2022,09:20:31,192.95,192.65,250,193,100,350,278950
NIFTY03NOV2218100PE.NFO,31/10/2022,09:20:32,192.6,192.35,50,192.65,50,200,278950
NIFTY03NOV2218100PE.NFO,31/10/2022,09:20:33,192.4,192.35,300,192.7,100,700,278950
NIFTY03NOV2218100PE.NFO,31/10/2022,09:20:34,192.7,192.65,150,193,300,300,278950
NIFTY03NOV2218100PE.NFO,31/10/2022,09:20:35,192.6,192.25,100,192.7,50,1250,278950
NIFTY03NOV2218100PE.NFO,31/10/2022,09:20:36,192.8,192.55,350,192.9,200,350,278950
NIFTY03NOV2218100PE.NFO,31/10/2022,09:20:37,192.75,192.65,150,193,350,200,278950
NIFTY03NOV2218100PE.NFO,31/10/2022,09:20:38,193.15,193.25,150,193.55,150,800,278950
NIFTY03NOV2218100PE.NFO,31/10/2022,09:20:39,193.6,193.35,50,193.7,900,250,278950
NIFTY03NOV2218100PE.NFO,31/10/2022,09:20:40,193.7,193.45,50,193.8,200,100,278950
NIFTY03NOV2218100PE.NFO,31/10/2022,09:20:41,194.15,193.95,200,194.25,150,1500,278950
NIFTY03NOV2218100PE.NFO,31/10/2022,09:20:42,194.15,193.35,50,193.65,50,0,278950
NIFTY03NOV2218100PE.NFO,31/10/2022,09:20:43,192.9,192.85,200,193.2,700,1750,278950
NIFTY03NOV2218100PE.NFO,31/10/2022,09:20:44,193.15,193.25,150,193.6,50,300,278950
NIFTY03NOV2218100PE.NFO,31/10/2022,09:20:45,194.1,194.1,50,194.2,50,300,278950
NIFTY03NOV2218100PE.NFO,31/10/2022,09:20:46,194.55,194.7,300,194.9,50,350,278950
NIFTY03NOV2218100PE.NFO,31/10/2022,09:20:47,194.65,194.4,150,194.75,50,350,278950
NIFTY03NOV2218100PE.NFO,31/10/2022,09:20:48,194.65,194.35,50,194.65,150,0,278950
NIFTY03NOV2218100PE.NFO,31/10/2022,09:20:49,195.3,195.2,250,195.3,150,2500,278950
NIFTY03NOV2218100PE.NFO,31/10/2022,09:20:50,194.75,194.7,50,194.95,350,1950,278950
NIFTY03NOV2218100PE.NFO,31/10/2022,09:20:51,195.6,195.5,300,195.75,100,450,278950
NIFTY03NOV2218100PE.NFO,31/10/2022,09:20:52,195.25,194.75,50,195.1,100,1750,278950
NIFTY03NOV2218100PE.NFO,31/10/2022,09:20:53,194.7,194.65,50,194.95,200,200,278950
NIFTY03NOV2218100PE.NFO,31/10/2022,09:20:54,195.25,194.8,150,195.25,150,1900,278950
NIFTY03NOV2218100PE.NFO,31/10/2022,09:20:55,194.5,193.95,150,194.3,1150,1150,278950
NIFTY03NOV2218100PE.NFO,31/10/2022,09:20:56,194.2,193.7,100,194.05,50,50,278950
NIFTY03NOV2218100PE.NFO,31/10/2022,09:20:57,194.2,193.8,150,194.1,750,350,278950
NIFTY03NOV2218100PE.NFO,31/10/2022,09:20:58,193.95,193.9,150,194.2,50,100,278950
NIFTY03NOV2218100PE.NFO,31/10/2022,09:20:59,194.25,193.55,150,194,300,350,278950
NIFTY03NOV2218100PE.NFO,31/10/2022,09:21:00,192.85,192.85,100,193.15,50,1200,278950
NIFTY03NOV2218100PE.NFO,31/10/2022,09:21:01,193,193,150,193.35,50,1400,278950
NIFTY03NOV2218100PE.NFO,31/10/2022,09:21:02,192.95,192.9,150,193.25,50,100,278950
NIFTY03NOV2218100PE.NFO,31/10/2022,09:21:03,194.05,193.8,150,194.15,50,650,278950
NIFTY03NOV2218100PE.NFO,31/10/2022,09:21:04,194.05,193.35,250,193.9,800,0,278950
NIFTY03NOV2218100PE.NFO,31/10/2022,09:21:05,193.8,193.1,150,193.4,100,650,278950
NIFTY03NOV2218100PE.NFO,31/10/2022,09:21:06,193.45,193.1,150,193.45,100,800,278950
NIFTY03NOV2218100PE.NFO,31/10/2022,09:21:07,193.5,194.05,150,194.45,150,400,278950
NIFTY03NOV2218100PE.NFO,31/10/2022,09:21:08,193.5,194.25,50,194.65,250,0,278950
NIFTY03NOV2218100PE.NFO,31/10/2022,09:21:09,195,195.1,50,195.45,300,300,278950
NIFTY03NOV2218100PE.NFO,31/10/2022,09:21:10,195,195.1,50,195.25,200,0,278950
NIFTY03NOV2218100PE.NFO,31/10/2022,09:21:11,193.85,193.3,300,193.65,50,1400,278950
NIFTY03NOV2218100PE.NFO,31/10/2022,09:21:12,193.55,194.45,50,194.8,600,350,278950
NIFTY03NOV2218100PE.NFO,31/10/2022,09:21:13,195.1,194.6,200,195,200,250,278950
NIFTY03NOV2218100PE.NFO,31/10/2022,09:21:14,195.65,195.55,250,195.9,50,1150,278950
NIFTY03NOV2218100PE.NFO,31/10/2022,09:21:15,195.5,195.1,350,195.5,100,2450,278950
NIFTY03NOV2218100PE.NFO,31/10/2022,09:21:16,195.5,194.9,50,195.3,150,0,278950
NIFTY03NOV2218100PE.NFO,31/10/2022,09:21:17,195.3,194.95,50,195.25,350,650,278950
NIFTY03NOV2218100PE.NFO,31/10/2022,09:21:18,195.05,194.8,100,195.1,200,200,278950
NIFTY03NOV2218100PE.NFO,31/10/2022,09:21:19,194.9,194.85,50,195,50,1350,278950
NIFTY03NOV2218100PE.NFO,31/10/2022,09:21:20,195.2,194.75,50,195.05,200,100,278950
NIFTY03NOV2218100PE.NFO,31/10/2022,09:21:21,195,195,50,195.25,50,1250,278950
NIFTY03NOV2218100PE.NFO,31/10/2022,09:21:22,195.75,195.35,200,195.75,50,500,278950
NIFTY03NOV2218100PE.NFO,31/10/2022,09:21:23,195.7,195.65,50,195.8,200,400,278950
NIFTY03NOV2218100PE.NFO,31/10/2022,09:21:24,196.45,196.35,50,196.65,50,3300,278950
NIFTY03NOV2218100PE.NFO,31/10/2022,09:21:25,196.75,196.5,200,196.85,50,1050,278950
NIFTY03NOV2218100PE.NFO,31/10/2022,09:21:26,197.15,196.95,200,197.3,300,1950,278950
NIFTY03NOV2218100PE.NFO,31/10/2022,09:21:27,196.55,196.2,200,196.55,100,450,278950
NIFTY03NOV2218100PE.NFO,31/10/2022,09:21:28,195.65,195.6,50,195.9,350,500,278950
NIFTY03NOV2218100PE.NFO,31/10/2022,09:21:29,195.6,195.65,50,195.8,150,100,278950
NIFTY03NOV2218100PE.NFO,31/10/2022,09:21:30,196.5,196.45,50,196.9,350,1100,278950
NIFTY03NOV2218100PE.NFO,31/10/2022,09:21:31,196.5,196.4,50,196.7,50,950,278950
NIFTY03NOV2218100PE.NFO,31/10/2022,09:21:32,196.6,196.35,200,196.7,50,200,278950
NIFTY03NOV2218100PE.NFO,31/10/2022,09:21:33,197,196.8,50,197,100,3450,278950
NIFTY03NOV2218100PE.NFO,31/10/2022,09:21:34,196.8,196.6,50,196.85,100,150,278950
NIFTY03NOV2218100PE.NFO,31/10/2022,09:21:35,197,196.9,100,197.25,50,300,278950
NIFTY03NOV2218100PE.NFO,31/10/2022,09:21:36,197,197.2,50,197.45,100,0,278950
NIFTY03NOV2218100PE.NFO,31/10/2022,09:21:37,197.5,197.35,100,197.55,150,100,278950
NIFTY03NOV2218100PE.NFO,31/10/2022,09:21:38,197.8,197.5,50,197.9,250,800,278950
NIFTY03NOV2218100PE.NFO,31/10/2022,09:21:39,197.75,197.85,50,198,650,250,278950
NIFTY03NOV2218100PE.NFO,31/10/2022,09:21:40,198.15,198.3,50,198.6,100,1800,278950
NIFTY03NOV2218100PE.NFO,31/10/2022,09:21:41,198.8,198.85,50,199,400,750,278950
NIFTY03NOV2218100PE.NFO,31/10/2022,09:21:42,199,198.6,50,198.95,200,2500,278950
NIFTY03NOV2218100PE.NFO,31/10/2022,09:21:43,197.9,198,350,198.4,50,150,278950
NIFTY03NOV2218100PE.NFO,31/10/2022,09:21:44,197.9,197.75,100,198.1,50,0,278950
NIFTY03NOV2218100PE.NFO,31/10/2022,09:21:45,197.8,197.8,150,198,2800,2050,278950
NIFTY03NOV2218100PE.NFO,31/10/2022,09:21:46,197.9,197.9,250,198.35,150,3500,278950
NIFTY03NOV2218100PE.NFO,31/10/2022,09:21:47,197.2,196.9,250,197.3,50,1250,278950
NIFTY03NOV2218100PE.NFO,31/10/2022,09:21:48,197.2,197.3,200,197.65,50,1200,278950
NIFTY03NOV2218100PE.NFO,31/10/2022,09:21:49,197.4,197.05,150,197.4,2750,1700,278950
NIFTY03NOV2218100PE.NFO,31/10/2022,09:21:50,198,197.35,150,197.85,50,3500,278950
NIFTY03NOV2218100PE.NFO,31/10/2022,09:21:51,198.15,197.85,150,198.3,150,400,278950
NIFTY03NOV2218100PE.NFO,31/10/2022,09:21:52,198.9,198.45,200,198.9,550,3750,278950
NIFTY03NOV2218100PE.NFO,31/10/2022,09:21:53,198.7,198.55,50,198.95,150,150,278950
NIFTY03NOV2218100PE.NFO,31/10/2022,09:21:54,199.4,199.35,50,199.65,150,900,278950
NIFTY03NOV2218100PE.NFO,31/10/2022,09:21:55,199.7,199.3,400,199.7,300,800,278950
NIFTY03NOV2218100PE.NFO,31/10/2022,09:21:56,199.9,199.6,550,199.9,450,400,278950
NIFTY03NOV2218100PE.NFO,31/10/2022,09:21:57,200,199.9,250,200.25,100,1950,278950
NIFTY03NOV2218100PE.NFO,31/10/2022,09:21:58,199.95,199.85,200,199.95,1900,2600,278950
NIFTY03NOV2218100PE.NFO,31/10/2022,09:21:59,199.6,199.3,200,199.65,150,400,278950
NIFTY03NOV2218100PE.NFO,31/10/2022,09:22:00,198.45,198.5,200,198.85,150,750,278950
NIFTY03NOV2218100PE.NFO,31/10/2022,09:22:01,198.3,198.05,100,198.45,50,200,278950
NIFTY03NOV2218100PE.NFO,31/10/2022,09:22:02,198.3,198.25,400,198.65,50,600,278950
NIFTY03NOV2218100PE.NFO,31/10/2022,09:22:03,197.4,197.8,550,198.2,50,600,278950
NIFTY03NOV2218100PE.NFO,31/10/2022,09:22:04,197.35,197.2,550,197.55,200,1550,278950
NIFTY03NOV2218100PE.NFO,31/10/2022,09:22:05,199,199.6,50,199.9,150,5450,278950
NIFTY03NOV2218100PE.NFO,31/10/2022,09:22:06,199.2,199.35,100,199.7,150,2800,278950
NIFTY03NOV2218100PE.NFO,31/10/2022,09:22:07,199.15,198.8,100,199.05,150,450,278950
NIFTY03NOV2218100PE.NFO,31/10/2022,09:22:08,198.2,198.65,50,199,450,400,278950
NIFTY03NOV2218100PE.NFO,31/10/2022,09:22:09,198.95,199.25,50,199.6,200,300,278950
NIFTY03NOV2218100PE.NFO,31/10/2022,09:22:10,199.6,199.35,50,199.7,200,200,278950
NIFTY03NOV2218100PE.NFO,31/10/2022,09:22:11,199.8,199.45,100,199.95,200,150,278950
NIFTY03NOV2218100PE.NFO,31/10/2022,09:22:12,199.5,199.45,150,199.9,50,50,278950
NIFTY03NOV2218100PE.NFO,31/10/2022,09:22:13,199.8,199.65,50,200.05,100,250,278950
NIFTY03NOV2218100PE.NFO,31/10/2022,09:22:14,200.35,200.3,100,200.7,100,250,278950
NIFTY03NOV2218100PE.NFO,31/10/2022,09:22:15,200.5,200.05,250,200.5,700,100,278950
NIFTY03NOV2218100PE.NFO,31/10/2022,09:22:16,199.3,199.3,100,199.75,250,200,278950
NIFTY03NOV2218100PE.NFO,31/10/2022,09:22:17,199.15,199.15,50,199.6,50,250,278950
NIFTY03NOV2218100PE.NFO,31/10/2022,09:22:18,199.85,199.4,550,199.85,50,150,278950
NIFTY03NOV2218100PE.NFO,31/10/2022,09:22:19,200.25,200.2,400,200.65,250,1550,278950
NIFTY03NOV2218100PE.NFO,31/10/2022,09:22:20,201,200.7,50,201.15,550,950,278950
NIFTY03NOV2218100PE.NFO,31/10/2022,09:22:21,200.55,200.4,1000,201,300,100,278950
NIFTY03NOV2218100PE.NFO,31/10/2022,09:22:22,201.2,200.75,300,201.2,150,1250,278950
NIFTY03NOV2218100PE.NFO,31/10/2022,09:22:23,200.95,200.85,50,201.3,200,350,278950
NIFTY03NOV2218100PE.NFO,31/10/2022,09:22:24,200.95,200.35,50,200.8,50,0,278950
NIFTY03NOV2218100PE.NFO,31/10/2022,09:22:26,200.1,199.7,50,200.1,50,2100,278950
NIFTY03NOV2218100PE.NFO,31/10/2022,09:22:26,199.7,199.45,100,200,1400,50,278950
NIFTY03NOV2218100PE.NFO,31/10/2022,09:22:27,200.1,199.65,50,200.15,300,850,278950
NIFTY03NOV2218100PE.NFO,31/10/2022,09:22:28,199.3,199.45,200,199.85,150,1000,278950
NIFTY03NOV2218100PE.NFO,31/10/2022,09:22:29,199.7,199.3,100,199.8,1050,350,278950
NIFTY03NOV2218100PE.NFO,31/10/2022,09:22:30,199.8,199.2,200,199.65,50,550,278950
NIFTY03NOV2218100PE.NFO,31/10/2022,09:22:31,199.6,199.35,200,199.75,50,100,278950
NIFTY03NOV2218100PE.NFO,31/10/2022,09:22:32,199.45,198.95,50,199.3,200,700,278950
NIFTY03NOV2218100PE.NFO,31/10/2022,09:22:34,198.7,198.25,200,198.65,50,300,278950
NIFTY03NOV2218100PE.NFO,31/10/2022,09:22:34,198.7,198.25,200,198.7,1300,0,278950
NIFTY03NOV2218100PE.NFO,31/10/2022,09:22:35,198.4,197.85,50,198.35,500,400,278950
NIFTY03NOV2218100PE.NFO,31/10/2022,09:22:36,198.4,197.85,150,198.4,1700,0,278950
NIFTY03NOV2218100PE.NFO,31/10/2022,09:22:37,198.35,198,50,198.5,200,150,278950
NIFTY03NOV2218100PE.NFO,31/10/2022,09:22:38,198.45,198.15,200,198.6,1250,100,278950
NIFTY03NOV2218100PE.NFO,31/10/2022,09:22:39,198.6,198,50,198.35,50,50,278950
NIFTY03NOV2218100PE.NFO,31/10/2022,09:22:40,198.3,197.6,200,197.9,100,150,278950
NIFTY03NOV2218100PE.NFO,31/10/2022,09:22:41,198.2,197.65,50,198.15,200,800,278950
NIFTY03NOV2218100PE.NFO,31/10/2022,09:22:42,198.2,198.15,50,198.55,200,0,278950
NIFTY03NOV2218100PE.NFO,31/10/2022,09:22:43,198.3,198.25,200,198.65,50,150,278950
NIFTY03NOV2218100PE.NFO,31/10/2022,09:22:44,198.3,197.9,100,198.35,450,850,278950
NIFTY03NOV2218100PE.NFO,31/10/2022,09:22:45,198.3,198.05,100,198.55,200,0,278950
NIFTY03NOV2218100PE.NFO,31/10/2022,09:22:46,199.45,199.05,50,199.45,150,2700,278950
NIFTY03NOV2218100PE.NFO,31/10/2022,09:22:47,199.85,199.85,50,200.2,200,3650,278950
NIFTY03NOV2218100PE.NFO,31/10/2022,09:22:48,200.25,200,400,200.35,200,50,278950
NIFTY03NOV2218100PE.NFO,31/10/2022,09:22:49,200.65,200.35,50,200.65,150,200,278950
NIFTY03NOV2218100PE.NFO,31/10/2022,09:22:50,200.25,200.2,700,200.6,50,50,278950
NIFTY03NOV2218100PE.NFO,31/10/2022,09:22:51,199.45,199.05,150,199.45,50,400,278950
NIFTY03NOV2218100PE.NFO,31/10/2022,09:22:52,199.5,199.1,50,199.5,50,150,278950
NIFTY03NOV2218100PE.NFO,31/10/2022,09:22:53,199,198.95,150,199.35,1100,1750,278950
NIFTY03NOV2218100PE.NFO,31/10/2022,09:22:54,198.85,200,250,200.4,50,50,278950
NIFTY03NOV2218100PE.NFO,31/10/2022,09:22:55,200.05,200.05,50,200.5,450,50,278950
NIFTY03NOV2218100PE.NFO,31/10/2022,09:22:56,200.1,200.25,300,200.65,50,50,278950
NIFTY03NOV2218100PE.NFO,31/10/2022,09:22:57,200.1,200.55,50,200.8,350,0,278950
NIFTY03NOV2218100PE.NFO,31/10/2022,09:22:58,201.4,201.3,50,201.6,450,1650,278950
NIFTY03NOV2218100PE.NFO,31/10/2022,09:23:00,202.55,202.5,50,202.9,150,2250,278950
NIFTY03NOV2218100PE.NFO,31/10/2022,09:23:01,202.1,202.05,50,202.55,50,3100,278950
NIFTY03NOV2218100PE.NFO,31/10/2022,09:23:01,202,202,200,202.45,300,400,278950
NIFTY03NOV2218100PE.NFO,31/10/2022,09:23:02,202.1,201.6,250,202.1,200,250,278950
NIFTY03NOV2218100PE.NFO,31/10/2022,09:23:03,200.65,200.1,50,200.6,50,1050,278950
NIFTY03NOV2218100PE.NFO,31/10/2022,09:23:04,200.1,199.95,50,200.45,50,150,278950
NIFTY03NOV2218100PE.NFO,31/10/2022,09:23:05,200.5,199.9,150,200.25,350,50,278950
NIFTY03NOV2218100PE.NFO,31/10/2022,09:23:07,198.6,198.15,150,198.5,50,1600,278950
NIFTY03NOV2218100PE.NFO,31/10/2022,09:23:07,198.8,198.1,150,198.5,100,1050,278950
NIFTY03NOV2218100PE.NFO,31/10/2022,09:23:08,198.05,198.25,150,198.7,200,2200,278950
NIFTY03NOV2218100PE.NFO,31/10/2022,09:23:09,198.9,198.4,50,198.9,300,600,278950
NIFTY03NOV2218100PE.NFO,31/10/2022,09:23:10,199.3,198.85,150,199.35,950,100,278950
NIFTY03NOV2218100PE.NFO,31/10/2022,09:23:11,199.4,198.95,150,199.4,50,650,278950
NIFTY03NOV2218100PE.NFO,31/10/2022,09:23:12,199.8,199.55,50,199.95,400,100,278950
NIFTY03NOV2218100PE.NFO,31/10/2022,09:23:13,199.3,198.45,150,198.85,50,2300,278950
NIFTY03NOV2218100PE.NFO,31/10/2022,09:23:14,199.3,198,2050,198.3,50,0,278950
NIFTY03NOV2218100PE.NFO,31/10/2022,09:23:15,198.3,198.05,150,198.35,150,400,278950
NIFTY03NOV2218100PE.NFO,31/10/2022,09:23:16,198.3,198,1800,198.25,150,550,278950
NIFTY03NOV2218100PE.NFO,31/10/2022,09:23:17,198.45,198.25,50,198.55,150,50,278950
NIFTY03NOV2218100PE.NFO,31/10/2022,09:23:18,197.7,197.5,50,197.9,200,2550,302950
NIFTY03NOV2218100PE.NFO,31/10/2022,09:23:19,197.6,197.05,200,197.55,150,400,302950
NIFTY03NOV2218100PE.NFO,31/10/2022,09:23:20,197,197.3,150,197.8,200,1000,302950
NIFTY03NOV2218100PE.NFO,31/10/2022,09:23:22,198.05,197.6,550,198.2,700,900,302950
NIFTY03NOV2218100PE.NFO,31/10/2022,09:23:22,197.55,197.6,700,198.1,500,50,302950
NIFTY03NOV2218100PE.NFO,31/10/2022,09:23:23,198.05,197.9,50,198.3,300,650,302950
NIFTY03NOV2218100PE.NFO,31/10/2022,09:23:24,197.2,197.25,100,197.65,200,1100,302950
NIFTY03NOV2218100PE.NFO,31/10/2022,09:23:25,197.05,197.3,200,197.7,200,100,302950
NIFTY03NOV2218100PE.NFO,31/10/2022,09:23:26,196.55,196.35,200,196.8,50,250,302950
NIFTY03NOV2218100PE.NFO,31/10/2022,09:23:27,196.9,196.7,50,197.05,150,2100,302950
NIFTY03NOV2218100PE.NFO,31/10/2022,09:23:29,197.15,197,150,197.35,150,150,302950
NIFTY03NOV2218100PE.NFO,31/10/2022,09:23:29,196.7,196.6,100,196.95,50,50,302950
NIFTY03NOV2218100PE.NFO,31/10/2022,09:23:30,196.7,196.5,200,197,250,750,302950
NIFTY03NOV2218100PE.NFO,31/10/2022,09:23:31,196.4,196.3,150,196.7,650,50,302950
NIFTY03NOV2218100PE.NFO,31/10/2022,09:23:32,196.8,196.45,550,196.95,50,1800,302950
NIFTY03NOV2218100PE.NFO,31/10/2022,09:23:33,196.8,197.05,250,197.5,50,0,302950
NIFTY03NOV2218100PE.NFO,31/10/2022,09:23:34,197,197.3,50,197.5,50,1000,302950
NIFTY03NOV2218100PE.NFO,31/10/2022,09:23:35,198.3,198.05,50,198.3,100,1400,302950
NIFTY03NOV2218100PE.NFO,31/10/2022,09:23:36,197.3,196.9,250,197.3,200,300,302950
NIFTY03NOV2218100PE.NFO,31/10/2022,09:23:38,197.2,196.85,100,197.25,150,100,302950
NIFTY03NOV2218100PE.NFO,31/10/2022,09:23:38,197.2,196.75,100,197,350,0,302950
NIFTY03NOV2218100PE.NFO,31/10/2022,09:23:39,197.9,197.85,50,198.25,150,450,302950
NIFTY03NOV2218100PE.NFO,31/10/2022,09:23:40,198.65,198.75,50,199.1,200,100,302950
NIFTY03NOV2218100PE.NFO,31/10/2022,09:23:41,198.75,198.35,50,198.8,1600,300,302950
NIFTY03NOV2218100PE.NFO,31/10/2022,09:23:42,198.75,198.3,350,198.75,100,0,302950
NIFTY03NOV2218100PE.NFO,31/10/2022,09:23:43,198.5,198.05,50,198.35,350,50,302950
NIFTY03NOV2218100PE.NFO,31/10/2022,09:23:44,197,197.05,200,197.4,50,700,302950
NIFTY03NOV2218100PE.NFO,31/10/2022,09:23:45,197.2,196.95,200,197.3,50,200,302950
NIFTY03NOV2218100PE.NFO,31/10/2022,09:23:46,196.85,196.65,200,197.1,450,100,302950
NIFTY03NOV2218100PE.NFO,31/10/2022,09:23:47,197.05,196.45,50,196.75,50,550,302950
NIFTY03NOV2218100PE.NFO,31/10/2022,09:23:48,196.75,196.45,50,196.9,200,1900,302950
NIFTY03NOV2218100PE.NFO,31/10/2022,09:23:49,196.75,196.25,100,196.7,50,0,302950
NIFTY03NOV2218100PE.NFO,31/10/2022,09:23:50,196.65,196.5,300,197,850,100,302950
NIFTY03NOV2218100PE.NFO,31/10/2022,09:23:51,195.8,196.05,50,196.4,150,1200,302950
NIFTY03NOV2218100PE.NFO,31/10/2022,09:23:52,197.15,196.85,50,197.3,200,400,302950
NIFTY03NOV2218100PE.NFO,31/10/2022,09:23:54,196.8,196.1,850,196.65,350,150,302950
NIFTY03NOV2218100PE.NFO,31/10/2022,09:23:54,196.8,196.65,50,197.05,150,0,302950
NIFTY03NOV2218100PE.NFO,31/10/2022,09:23:55,196.8,197.05,550,197.5,50,0,302950
NIFTY03NOV2218100PE.NFO,31/10/2022,09:23:56,198,197.9,50,198.3,550,300,302950
NIFTY03NOV2218100PE.NFO,31/10/2022,09:23:58,198.35,197.65,150,198.05,200,700,302950
NIFTY03NOV2218100PE.NFO,31/10/2022,09:23:59,198.3,197.9,100,198.3,50,100,302950
NIFTY03NOV2218100PE.NFO,31/10/2022,09:23:59,198.35,197.8,150,198.15,150,150,302950
NIFTY03NOV2218100PE.NFO,31/10/2022,09:24:00,198.35,197.95,100,198.2,700,0,302950
NIFTY03NOV2218100PE.NFO,31/10/2022,09:24:01,198.35,198,50,198.4,200,850,302950
NIFTY03NOV2218100PE.NFO,31/10/2022,09:24:02,199.1,199,50,199.3,1500,1300,302950
NIFTY03NOV2218100PE.NFO,31/10/2022,09:24:03,198.45,198.35,150,198.7,250,1050,302950
NIFTY03NOV2218100PE.NFO,31/10/2022,09:24:04,198.25,198.25,50,198.7,500,400,302950
NIFTY03NOV2218100PE.NFO,31/10/2022,09:24:05,198.5,197.6,200,198.15,50,100,302950
NIFTY03NOV2218100PE.NFO,31/10/2022,09:24:07,197.9,197.25,300,197.65,50,100,302950
NIFTY03NOV2218100PE.NFO,31/10/2022,09:24:08,197.8,197.8,200,198.3,500,600,302950
NIFTY03NOV2218100PE.NFO,31/10/2022,09:24:09,198.4,197.85,50,198.25,50,200,302950
NIFTY03NOV2218100PE.NFO,31/10/2022,09:24:09,198.4,198.1,200,198.5,100,0,302950
NIFTY03NOV2218100PE.NFO,31/10/2022,09:24:10,198.05,198.05,50,198.45,150,100,302950
NIFTY03NOV2218100PE.NFO,31/10/2022,09:24:11,198.25,197.45,200,197.85,50,50,302950
NIFTY03NOV2218100PE.NFO,31/10/2022,09:24:12,197.7,197.2,300,197.6,50,150,302950
NIFTY03NOV2218100PE.NFO,31/10/2022,09:24:14,197.7,197.2,100,197.55,150,0,302950
NIFTY03NOV2218100PE.NFO,31/10/2022,09:24:15,197.5,197.2,100,197.55,350,50,302950
NIFTY03NOV2218100PE.NFO,31/10/2022,09:24:16,197.6,197.2,100,197.4,350,100,302950
NIFTY03NOV2218100PE.NFO,31/10/2022,09:24:16,197.6,197.25,200,197.6,200,0,302950
NIFTY03NOV2218100PE.NFO,31/10/2022,09:24:17,197.6,197.2,100,197.5,200,0,302950
NIFTY03NOV2218100PE.NFO,31/10/2022,09:24:18,197,196.6,400,197,150,550,302950
NIFTY03NOV2218100PE.NFO,31/10/2022,09:24:19,197,196.8,50,197.15,50,0,302950
NIFTY03NOV2218100PE.NFO,31/10/2022,09:24:20,197,196.95,200,197.3,50,0,302950
NIFTY03NOV2218100PE.NFO,31/10/2022,09:24:21,197,196.75,200,197.1,50,0,302950
NIFTY03NOV2218100PE.NFO,31/10/2022,09:24:22,196.95,196.45,150,196.85,250,1600,302950
NIFTY03NOV2218100PE.NFO,31/10/2022,09:24:23,196.95,196.5,50,196.8,150,0,302950
NIFTY03NOV2218100PE.NFO,31/10/2022,09:24:25,196.4,196.15,50,196.35,150,50,302950
NIFTY03NOV2218100PE.NFO,31/10/2022,09:24:25,196,195.65,200,195.95,200,400,302950
NIFTY03NOV2218100PE.NFO,31/10/2022,09:24:26,195.95,195.5,650,195.9,200,50,302950
NIFTY03NOV2218100PE.NFO,31/10/2022,09:24:27,195.95,195.3,250,195.8,100,0,302950
NIFTY03NOV2218100PE.NFO,31/10/2022,09:24:29,196.05,195.65,200,196.05,350,1150,302950
NIFTY03NOV2218100PE.NFO,31/10/2022,09:24:29,196.05,195.95,50,196.35,150,0,302950
NIFTY03NOV2218100PE.NFO,31/10/2022,09:24:31,195.65,195.65,200,196.05,200,500,302950
NIFTY03NOV2218100PE.NFO,31/10/2022,09:24:31,195.65,196.05,50,196.5,100,0,302950
NIFTY03NOV2218100PE.NFO,31/10/2022,09:24:32,196,195.7,200,196.05,50,150,302950
NIFTY03NOV2218100PE.NFO,31/10/2022,09:24:33,195.4,195.55,50,195.95,700,150,302950
NIFTY03NOV2218100PE.NFO,31/10/2022,09:24:35,196.85,196.55,50,196.85,50,750,302950
NIFTY03NOV2218100PE.NFO,31/10/2022,09:24:35,197.3,197.25,50,197.6,200,100,302950
NIFTY03NOV2218100PE.NFO,31/10/2022,09:24:36,197.1,197.35,50,197.5,50,50,302950
NIFTY03NOV2218100PE.NFO,31/10/2022,09:24:37,197.1,196.15,200,196.6,800,0,302950
NIFTY03NOV2218100PE.NFO,31/10/2022,09:24:38,196.5,196.25,150,196.6,250,1100,302950
NIFTY03NOV2218100PE.NFO,31/10/2022,09:24:39,196.5,196.2,150,196.65,100,0,302950
NIFTY03NOV2218100PE.NFO,31/10/2022,09:24:41,196.3,196.4,50,196.75,150,200,302950
NIFTY03NOV2218100PE.NFO,31/10/2022,09:24:42,196.3,196.6,50,196.95,150,0,302950
NIFTY03NOV2218100PE.NFO,31/10/2022,09:24:42,196.5,196.3,200,196.7,150,150,302950
NIFTY03NOV2218100PE.NFO,31/10/2022,09:24:43,196.4,196.4,200,196.75,150,100,302950
NIFTY03NOV2218100PE.NFO,31/10/2022,09:24:44,197.1,196.8,250,197.1,350,850,302950
NIFTY03NOV2218100PE.NFO,31/10/2022,09:24:45,197.1,196.85,50,197.2,100,800,302950
NIFTY03NOV2218100PE.NFO,31/10/2022,09:24:46,197.55,197.3,50,197.55,300,750,302950
NIFTY03NOV2218100PE.NFO,31/10/2022,09:24:47,196.85,196.85,50,197.1,450,250,302950
NIFTY03NOV2218100PE.NFO,31/10/2022,09:24:48,197.1,196.8,50,197.1,750,50,302950
NIFTY03NOV2218100PE.NFO,31/10/2022,09:24:50,196.3,196.05,200,196.4,1050,2000,302950
NIFTY03NOV2218100PE.NFO,31/10/2022,09:24:51,196.35,196.35,150,196.7,600,150,302950
NIFTY03NOV2218100PE.NFO,31/10/2022,09:24:52,196.9,196.7,350,196.95,800,250,302950
NIFTY03NOV2218100PE.NFO,31/10/2022,09:24:52,196.9,196.9,200,197.2,400,0,302950
NIFTY03NOV2218100PE.NFO,31/10/2022,09:24:53,196.8,196.9,50,197,1000,50,302950
NIFTY03NOV2218100PE.NFO,31/10/2022,09:24:54,197.15,196.8,200,197.15,350,1050,302950
NIFTY03NOV2218100PE.NFO,31/10/2022,09:24:55,197.4,197.25,200,197.55,100,600,302950
NIFTY03NOV2218100PE.NFO,31/10/2022,09:24:56,197.55,197.1,350,197.5,600,200,302950
NIFTY03NOV2218100PE.NFO,31/10/2022,09:24:58,197,196.6,150,197,650,200,302950
NIFTY03NOV2218100PE.NFO,31/10/2022,09:24:58,197,197.2,150,197.45,300,0,302950
NIFTY03NOV2218100PE.NFO,31/10/2022,09:24:59,197.1,197.3,50,197.65,200,4600,302950
NIFTY03NOV2218100PE.NFO,31/10/2022,09:25:01,196.05,196.05,50,196.25,50,2850,302950
NIFTY03NOV2218100PE.NFO,31/10/2022,09:25:02,195.75,196.05,100,196.55,50,600,302950
NIFTY03NOV2218100PE.NFO,31/10/2022,09:25:03,196,195.75,50,196.1,50,200,302950
NIFTY03NOV2218100PE.NFO,31/10/2022,09:25:03,196,195.9,50,196.25,50,0,302950
NIFTY03NOV2218100PE.NFO,31/10/2022,09:25:04,198,197.85,50,198.1,50,3400,302950
NIFTY03NOV2218100PE.NFO,31/10/2022,09:25:05,196.8,196.9,50,197.25,50,1400,302950
NIFTY03NOV2218100PE.NFO,31/10/2022,09:25:06,196.8,196.5,200,196.75,50,850,302950
NIFTY03NOV2218100PE.NFO,31/10/2022,09:25:07,196.45,196.2,100,196.45,50,800,302950
NIFTY03NOV2218100PE.NFO,31/10/2022,09:25:08,197,197.05,100,197.3,50,550,302950
NIFTY03NOV2218100PE.NFO,31/10/2022,09:25:09,197,197.05,50,197.3,200,150,302950
NIFTY03NOV2218100PE.NFO,31/10/2022,09:25:11,196.5,196.6,100,196.95,50,200,302950
NIFTY03NOV2218100PE.NFO,31/10/2022,09:25:12,196.75,196.45,50,196.7,50,150,302950
NIFTY03NOV2218100PE.NFO,31/10/2022,09:25:13,196.7,196.75,50,196.85,50,300,302950
NIFTY03NOV2218100PE.NFO,31/10/2022,09:25:13,196.25,196.1,50,196.4,200,300,302950
NIFTY03NOV2218100PE.NFO,31/10/2022,09:25:14,196.1,196.05,50,196.1,150,600,302950
NIFTY03NOV2218100PE.NFO,31/10/2022,09:25:15,195.3,195.1,250,195.5,100,1200,302950
NIFTY03NOV2218100PE.NFO,31/10/2022,09:25:16,195.7,195.55,50,195.8,250,200,302950
NIFTY03NOV2218100PE.NFO,31/10/2022,09:25:17,196.2,195.9,50,196.25,50,450,302950
NIFTY03NOV2218100PE.NFO,31/10/2022,09:25:18,195.4,195.3,50,195.65,50,700,302950
NIFTY03NOV2218100PE.NFO,31/10/2022,09:25:19,195.25,195.15,50,195.5,200,150,302950
NIFTY03NOV2218100PE.NFO,31/10/2022,09:25:21,195.5,195.25,50,195.6,200,800,302950
NIFTY03NOV2218100PE.NFO,31/10/2022,09:25:21,195.75,195.65,50,195.9,150,500,302950
NIFTY03NOV2218100PE.NFO,31/10/2022,09:25:22,195.75,195.7,50,195.85,50,150,302950
NIFTY03NOV2218100PE.NFO,31/10/2022,09:25:23,195.7,195.7,50,196,300,50,302950
NIFTY03NOV2218100PE.NFO,31/10/2022,09:25:24,195.7,195.6,250,195.85,50,400,302950
NIFTY03NOV2218100PE.NFO,31/10/2022,09:25:25,195.8,195.55,100,195.85,50,100,302950
NIFTY03NOV2218100PE.NFO,31/10/2022,09:25:26,195.95,195.4,50,195.75,50,50,302950
NIFTY03NOV2218100PE.NFO,31/10/2022,09:25:27,195.5,195.35,50,195.75,50,250,302950
NIFTY03NOV2218100PE.NFO,31/10/2022,09:25:29,196,196,50,196.3,100,250,302950
NIFTY03NOV2218100PE.NFO,31/10/2022,09:25:29,196.35,195.9,50,196.2,50,50,302950
NIFTY03NOV2218100PE.NFO,31/10/2022,09:25:30,196.35,196,50,196.35,50,0,302950
NIFTY03NOV2218100PE.NFO,31/10/2022,09:25:31,196.3,196.85,100,197,1550,1050,302950
NIFTY03NOV2218100PE.NFO,31/10/2022,09:25:32,197.6,197.3,50,197.65,250,1850,302950
NIFTY03NOV2218100PE.NFO,31/10/2022,09:25:33,197.6,197.55,500,197.95,200,0,302950
NIFTY03NOV2218100PE.NFO,31/10/2022,09:25:34,197.85,197.7,50,198,50,1000,302950
NIFTY03NOV2218100PE.NFO,31/10/2022,09:25:35,197.85,196.85,250,197.3,300,0,302950
NIFTY03NOV2218100PE.NFO,31/10/2022,09:25:36,196.15,195.85,50,196.2,100,50,302950
NIFTY03NOV2218100PE.NFO,31/10/2022,09:25:37,196.15,195.4,250,195.75,900,0,302950
NIFTY03NOV2218100PE.NFO,31/10/2022,09:25:39,195.85,195.4,350,195.55,50,3100,302950
NIFTY03NOV2218100PE.NFO,31/10/2022,09:25:40,195.5,195.25,450,195.55,50,450,302950
NIFTY03NOV2218100PE.NFO,31/10/2022,09:25:41,195.6,195.5,50,195.9,250,200,302950
NIFTY03NOV2218100PE.NFO,31/10/2022,09:25:42,195.6,195.35,50,195.7,200,250,302950
NIFTY03NOV2218100PE.NFO,31/10/2022,09:25:42,195.6,195.25,50,195.65,100,0,302950
NIFTY03NOV2218100PE.NFO,31/10/2022,09:25:43,195.6,195.2,450,195.5,900,1100,302950
NIFTY03NOV2218100PE.NFO,31/10/2022,09:25:44,195.1,195,3300,195.35,50,1750,302950
NIFTY03NOV2218100PE.NFO,31/10/2022,09:25:45,194.8,194.8,150,195.2,50,5000,302950
NIFTY03NOV2218100PE.NFO,31/10/2022,09:25:47,194.9,194.5,200,194.85,50,2200,302950
NIFTY03NOV2218100PE.NFO,31/10/2022,09:25:48,194.9,194.8,50,195,550,0,302950
NIFTY03NOV2218100PE.NFO,31/10/2022,09:25:49,195.45,194.95,250,195.35,50,900,302950
NIFTY03NOV2218100PE.NFO,31/10/2022,09:25:50,195,195.15,300,195.45,50,150,302950
NIFTY03NOV2218100PE.NFO,31/10/2022,09:25:50,195,195.2,950,195.6,750,0,302950
NIFTY03NOV2218100PE.NFO,31/10/2022,09:25:51,196.5,195.95,50,196.15,350,4350,302950
NIFTY03NOV2218100PE.NFO,31/10/2022,09:25:52,196.5,196.05,50,196.4,50,0,302950
NIFTY03NOV2218100PE.NFO,31/10/2022,09:25:53,196.5,196.2,50,196.45,150,0,302950
NIFTY03NOV2218100PE.NFO,31/10/2022,09:25:55,196.5,195.85,100,196.2,50,0,302950
NIFTY03NOV2218100PE.NFO,31/10/2022,09:25:56,195.25,195.3,250,195.7,50,2250,302950
NIFTY03NOV2218100PE.NFO,31/10/2022,09:25:57,195.7,195.6,150,195.95,50,350,302950
NIFTY03NOV2218100PE.NFO,31/10/2022,09:25:57,196.15,195.7,50,196.1,100,1000,302950
NIFTY03NOV2218100PE.NFO,31/10/2022,09:25:58,196.15,195.75,50,196.15,50,0,302950
NIFTY03NOV2218100PE.NFO,31/10/2022,09:25:59,196.5,196.5,50,196.6,50,200,302950
NIFTY03NOV2218100PE.NFO,31/10/2022,09:26:00,195.45,195.6,50,195.95,150,1600,302950
NIFTY03NOV2218100PE.NFO,31/10/2022,09:26:01,195.7,195.5,50,195.85,50,50,302950
NIFTY03NOV2218100PE.NFO,31/10/2022,09:26:02,195.7,195.6,950,196,50,0,302950
NIFTY03NOV2218100PE.NFO,31/10/2022,09:26:03,196.3,195.9,100,196.2,50,450,302950
NIFTY03NOV2218100PE.NFO,31/10/2022,09:26:05,196.3,195.5,50,195.85,50,0,302950
NIFTY03NOV2218100PE.NFO,31/10/2022,09:26:06,195.4,195.05,50,195.4,50,200,302950
NIFTY03NOV2218100PE.NFO,31/10/2022,09:26:07,195.15,195.45,50,195.8,1350,50,302950
NIFTY03NOV2218100PE.NFO,31/10/2022,09:26:07,195.85,195.85,50,196.05,400,50,302950
NIFTY03NOV2218100PE.NFO,31/10/2022,09:26:08,196,195.65,50,196.05,50,1200,302950
NIFTY03NOV2218100PE.NFO,31/10/2022,09:26:09,196,195.75,50,196.15,50,0,302950
NIFTY03NOV2218100PE.NFO,31/10/2022,09:26:10,196,195.85,50,196.2,600,350,302950
NIFTY03NOV2218100PE.NFO,31/10/2022,09:26:12,195.65,195.55,100,195.95,150,100,302950
NIFTY03NOV2218100PE.NFO,31/10/2022,09:26:13,195.65,195.55,50,195.85,50,0,302950
NIFTY03NOV2218100PE.NFO,31/10/2022,09:26:14,195.8,195.5,50,195.85,50,250,302950
NIFTY03NOV2218100PE.NFO,31/10/2022,09:26:14,195.8,195.3,50,195.7,1100,0,302950
NIFTY03NOV2218100PE.NFO,31/10/2022,09:26:15,195.8,195.35,150,195.65,450,0,302950
NIFTY03NOV2218100PE.NFO,31/10/2022,09:26:16,195.8,195.45,50,195.85,600,0,302950
NIFTY03NOV2218100PE.NFO,31/10/2022,09:26:18,196,196.1,50,196.2,50,900,302950
NIFTY03NOV2218100PE.NFO,31/10/2022,09:26:18,196.3,195.8,50,196.15,50,100,317450
NIFTY03NOV2218100PE.NFO,31/10/2022,09:26:19,195.85,195.6,150,195.9,550,100,317450
NIFTY03NOV2218100PE.NFO,31/10/2022,09:26:21,195.35,195.45,50,195.8,1100,50,317450
NIFTY03NOV2218100PE.NFO,31/10/2022,09:26:22,196.05,195.8,50,196.2,600,150,317450
NIFTY03NOV2218100PE.NFO,31/10/2022,09:26:23,195.35,195.45,50,195.7,200,100,317450
NIFTY03NOV2218100PE.NFO,31/10/2022,09:26:23,195.5,195.25,50,195.65,100,500,317450
NIFTY03NOV2218100PE.NFO,31/10/2022,09:26:24,194.55,194.35,50,194.8,100,4650,317450
NIFTY03NOV2218100PE.NFO,31/10/2022,09:26:26,194.25,193.95,50,194.25,150,350,317450
NIFTY03NOV2218100PE.NFO,31/10/2022,09:26:27,194.5,194.15,300,194.55,200,200,317450
NIFTY03NOV2218100PE.NFO,31/10/2022,09:26:27,194,193.85,50,194.3,100,200,317450
NIFTY03NOV2218100PE.NFO,31/10/2022,09:26:29,194,194.15,50,194.5,250,0,317450
NIFTY03NOV2218100PE.NFO,31/10/2022,09:26:30,194.5,194,50,194.4,200,200,317450
NIFTY03NOV2218100PE.NFO,31/10/2022,09:26:31,194.5,193.75,50,194.15,50,0,317450
NIFTY03NOV2218100PE.NFO,31/10/2022,09:26:31,194.5,193.85,50,194.15,50,0,317450
NIFTY03NOV2218100PE.NFO,31/10/2022,09:26:32,194.25,194,50,194.25,100,150,317450
NIFTY03NOV2218100PE.NFO,31/10/2022,09:26:33,194,193.6,400,194,250,150,317450
NIFTY03NOV2218100PE.NFO,31/10/2022,09:26:34,194,193.7,50,194,250,50,317450
NIFTY03NOV2218100PE.NFO,31/10/2022,09:26:35,193.55,193.5,600,193.9,300,100,317450
NIFTY03NOV2218100PE.NFO,31/10/2022,09:26:36,193.9,193.45,50,193.8,200,50,317450
NIFTY03NOV2218100PE.NFO,31/10/2022,09:26:37,194,193.95,100,194.15,50,250,317450
NIFTY03NOV2218100PE.NFO,31/10/2022,09:26:38,194.1,193.8,50,194.1,100,200,317450
NIFTY03NOV2218100PE.NFO,31/10/2022,09:26:39,193.6,193.4,50,193.7,50,500,317450
NIFTY03NOV2218100PE.NFO,31/10/2022,09:26:40,193.35,193.25,200,193.5,50,1200,317450
NIFTY03NOV2218100PE.NFO,31/10/2022,09:26:41,192.7,192.65,400,193.1,250,1650,317450
NIFTY03NOV2218100PE.NFO,31/10/2022,09:26:42,192.75,192.85,200,193.1,150,2050,317450
NIFTY03NOV2218100PE.NFO,31/10/2022,09:26:43,192.6,192.95,200,193.1,150,2800,317450
NIFTY03NOV2218100PE.NFO,31/10/2022,09:26:44,193.5,193.2,300,193.5,100,1150,317450
NIFTY03NOV2218100PE.NFO,31/10/2022,09:26:45,194.4,194.45,50,194.75,150,800,317450
NIFTY03NOV2218100PE.NFO,31/10/2022,09:26:46,194.9,194.3,100,194.6,150,650,317450
NIFTY03NOV2218100PE.NFO,31/10/2022,09:26:47,194,193.8,50,194.15,50,250,317450
NIFTY03NOV2218100PE.NFO,31/10/2022,09:26:48,193.6,193.6,50,193.95,50,50,317450
NIFTY03NOV2218100PE.NFO,31/10/2022,09:26:49,193.4,193.25,150,193.5,200,1100,317450
NIFTY03NOV2218100PE.NFO,31/10/2022,09:26:50,193.25,193.05,50,193.4,200,350,317450
NIFTY03NOV2218100PE.NFO,31/10/2022,09:26:51,192.95,192.85,50,193.2,550,400,317450
NIFTY03NOV2218100PE.NFO,31/10/2022,09:26:52,192.95,192.6,50,192.95,150,0,317450
NIFTY03NOV2218100PE.NFO,31/10/2022,09:26:53,193,192.5,250,192.95,50,100,317450
NIFTY03NOV2218100PE.NFO,31/10/2022,09:26:54,193,192.45,250,192.65,50,0,317450
NIFTY03NOV2218100PE.NFO,31/10/2022,09:26:56,193.4,193.2,250,193.5,50,1050,317450
NIFTY03NOV2218100PE.NFO,31/10/2022,09:26:57,193,193,50,193.4,400,100,317450
NIFTY03NOV2218100PE.NFO,31/10/2022,09:26:58,193,192.95,50,193.35,50,0,317450
NIFTY03NOV2218100PE.NFO,31/10/2022,09:26:59,193,193.25,50,193.7,450,0,317450
NIFTY03NOV2218100PE.NFO,31/10/2022,09:27:00,193,193.2,1450,193.6,50,0,317450
NIFTY03NOV2218100PE.NFO,31/10/2022,09:27:00,193.25,193.15,250,193.55,100,50,317450
NIFTY03NOV2218100PE.NFO,31/10/2022,09:27:01,193.2,193.25,50,193.6,50,50,317450
NIFTY03NOV2218100PE.NFO,31/10/2022,09:27:02,193.05,193,150,193.2,150,300,317450
NIFTY03NOV2218100PE.NFO,31/10/2022,09:27:03,192.5,192.45,50,192.8,50,1650,317450
NIFTY03NOV2218100PE.NFO,31/10/2022,09:27:04,192.5,193,200,193.35,50,0,317450
NIFTY03NOV2218100PE.NFO,31/10/2022,09:27:06,193,192.9,50,193.2,50,50,317450
NIFTY03NOV2218100PE.NFO,31/10/2022,09:27:07,193.2,193,50,193.2,50,150,317450
NIFTY03NOV2218100PE.NFO,31/10/2022,09:27:07,193.1,193,50,193.1,250,50,317450
NIFTY03NOV2218100PE.NFO,31/10/2022,09:27:08,192.4,192.85,50,193.15,50,600,317450
NIFTY03NOV2218100PE.NFO,31/10/2022,09:27:09,192.45,192.4,100,192.7,50,2850,317450
NIFTY03NOV2218100PE.NFO,31/10/2022,09:27:10,192.45,192.4,100,192.6,250,100,317450
NIFTY03NOV2218100PE.NFO,31/10/2022,09:27:11,192.3,192.15,250,192.5,50,1550,317450
NIFTY03NOV2218100PE.NFO,31/10/2022,09:27:13,192,192.05,50,192.35,50,700,317450
NIFTY03NOV2218100PE.NFO,31/10/2022,09:27:13,192.15,192.05,50,192.3,150,250,317450
NIFTY03NOV2218100PE.NFO,31/10/2022,09:27:14,192,192,1900,192.3,200,1050,317450
NIFTY03NOV2218100PE.NFO,31/10/2022,09:27:16,191.75,191.7,50,191.75,150,2100,317450
NIFTY03NOV2218100PE.NFO,31/10/2022,09:27:17,191.6,191.25,50,191.65,100,450,317450
NIFTY03NOV2218100PE.NFO,31/10/2022,09:27:18,191.5,191.25,50,191.6,100,150,317450
NIFTY03NOV2218100PE.NFO,31/10/2022,09:27:19,191.45,191.45,50,191.55,150,700,317450
NIFTY03NOV2218100PE.NFO,31/10/2022,09:27:20,190.95,190.8,150,191.15,550,2300,317450
NIFTY03NOV2218100PE.NFO,31/10/2022,09:27:21,190.2,190,50,190.45,50,10400,317450
NIFTY03NOV2218100PE.NFO,31/10/2022,09:27:21,189.6,190,50,190.45,50,0,317450
NIFTY03NOV2218100PE.NFO,31/10/2022,09:27:21,189.9,190.3,50,190.7,150,400,317450
NIFTY03NOV2218100PE.NFO,31/10/2022,09:27:22,190.4,189.8,50,190.25,200,550,317450
NIFTY03NOV2218100PE.NFO,31/10/2022,09:27:23,189.65,189.65,100,190.05,100,1000,317450
NIFTY03NOV2218100PE.NFO,31/10/2022,09:27:25,190,189.75,300,190.15,250,950,317450
NIFTY03NOV2218100PE.NFO,31/10/2022,09:27:25,189.95,189.75,100,190,250,300,317450
NIFTY03NOV2218100PE.NFO,31/10/2022,09:27:27,189.35,189.15,350,189.45,300,3550,317450
NIFTY03NOV2218100PE.NFO,31/10/2022,09:27:27,188.85,189.15,350,189.45,300,0,317450
NIFTY03NOV2218100PE.NFO,31/10/2022,09:27:28,189.35,189.1,150,189.45,200,3400,317450
NIFTY03NOV2218100PE.NFO,31/10/2022,09:27:29,188.95,188.9,50,189.3,350,350,317450
NIFTY03NOV2218100PE.NFO,31/10/2022,09:27:30,188.75,188.5,50,188.85,150,350,317450
NIFTY03NOV2218100PE.NFO,31/10/2022,09:27:30,188.75,188.5,50,188.85,150,0,317450
NIFTY03NOV2218100PE.NFO,31/10/2022,09:27:31,188.85,188.35,150,188.65,50,100,317450
NIFTY03NOV2218100PE.NFO,31/10/2022,09:27:31,188.85,188.4,300,188.7,150,0,317450
NIFTY03NOV2218100PE.NFO,31/10/2022,09:27:32,188.95,188.6,50,188.95,100,5800,317450
NIFTY03NOV2218100PE.NFO,31/10/2022,09:27:32,188,188.6,50,188.95,100,0,317450
NIFTY03NOV2218100PE.NFO,31/10/2022,09:27:33,188,188.05,50,188.3,150,300,317450
NIFTY03NOV2218100PE.NFO,31/10/2022,09:27:35,188.5,188.25,250,188.6,350,600,317450
NIFTY03NOV2218100PE.NFO,31/10/2022,09:27:36,188.05,188,1700,188.3,50,100,317450
NIFTY03NOV2218100PE.NFO,31/10/2022,09:27:36,188.05,188.4,450,188.75,50,0,317450
NIFTY03NOV2218100PE.NFO,31/10/2022,09:27:37,188.2,188.15,300,188.55,100,200,317450
NIFTY03NOV2218100PE.NFO,31/10/2022,09:27:38,188.9,188.55,100,188.9,50,750,317450
NIFTY03NOV2218100PE.NFO,31/10/2022,09:27:39,189.75,189.45,50,189.8,100,2050,317450
NIFTY03NOV2218100PE.NFO,31/10/2022,09:27:40,189.8,189.7,100,189.8,150,1950,317450
NIFTY03NOV2218100PE.NFO,31/10/2022,09:27:41,189.75,189.4,100,189.8,550,2850,317450
NIFTY03NOV2218100PE.NFO,31/10/2022,09:27:42,190,189.6,500,189.95,150,550,317450
NIFTY03NOV2218100PE.NFO,31/10/2022,09:27:44,189.3,189.25,200,189.65,300,1050,317450
NIFTY03NOV2218100PE.NFO,31/10/2022,09:27:45,189.1,188.75,50,189.05,100,1300,317450
NIFTY03NOV2218100PE.NFO,31/10/2022,09:27:46,189.3,189,50,189.3,200,400,317450
NIFTY03NOV2218100PE.NFO,31/10/2022,09:27:47,190.85,191.1,50,191.25,100,5050,317450
NIFTY03NOV2218100PE.NFO,31/10/2022,09:27:48,191.65,191.55,350,191.75,100,1350,317450
NIFTY03NOV2218100PE.NFO,31/10/2022,09:27:48,191.6,191.65,100,191.9,150,50,317450
NIFTY03NOV2218100PE.NFO,31/10/2022,09:27:49,192.6,192.2,200,192.55,100,1100,317450
NIFTY03NOV2218100PE.NFO,31/10/2022,09:27:50,192.35,192.15,150,192.45,150,600,317450
NIFTY03NOV2218100PE.NFO,31/10/2022,09:27:51,191.55,191.25,50,191.6,100,2200,317450
NIFTY03NOV2218100PE.NFO,31/10/2022,09:27:52,190.35,190.2,50,190.5,200,4600,317450
NIFTY03NOV2218100PE.NFO,31/10/2022,09:27:53,189.75,189.7,100,189.9,400,4300,317450
NIFTY03NOV2218100PE.NFO,31/10/2022,09:27:54,189.3,189.2,100,189.6,150,650,317450
NIFTY03NOV2218100PE.NFO,31/10/2022,09:27:55,189.05,188.9,100,189.2,150,600,317450
NIFTY03NOV2218100PE.NFO,31/10/2022,09:27:57,189.2,188.9,100,189.2,200,400,317450
NIFTY03NOV2218100PE.NFO,31/10/2022,09:27:58,188.15,188.2,100,188.55,150,2600,317450
NIFTY03NOV2218100PE.NFO,31/10/2022,09:27:58,187.95,188.2,100,188.55,150,0,317450
NIFTY03NOV2218100PE.NFO,31/10/2022,09:27:59,187.95,187.85,100,188.05,250,6400,317450
NIFTY03NOV2218100PE.NFO,31/10/2022,09:27:59,187.5,187.85,100,188.05,250,0,317450
NIFTY03NOV2218100PE.NFO,31/10/2022,09:28:00,187.05,187.05,200,187.35,150,2600,317450
NIFTY03NOV2218100PE.NFO,31/10/2022,09:28:00,187,187.05,200,187.35,150,0,317450
NIFTY03NOV2218100PE.NFO,31/10/2022,09:28:00,186.85,186.9,100,187.2,300,1850,317450
NIFTY03NOV2218100PE.NFO,31/10/2022,09:28:00,186.75,186.9,100,187.2,300,0,317450
NIFTY03NOV2218100PE.NFO,31/10/2022,09:28:01,187.05,186.9,100,187.05,50,5550,317450
NIFTY03NOV2218100PE.NFO,31/10/2022,09:28:01,186.45,186.9,100,187.05,50,0,317450
NIFTY03NOV2218100PE.NFO,31/10/2022,09:28:02,186.7,186.45,200,186.8,350,750,317450
NIFTY03NOV2218100PE.NFO,31/10/2022,09:28:03,186.5,186.35,50,186.4,200,950,317450
NIFTY03NOV2218100PE.NFO,31/10/2022,09:28:03,186.1,186.35,50,186.4,200,0,317450
NIFTY03NOV2218100PE.NFO,31/10/2022,09:28:04,186.8,186.6,50,186.8,150,1950,317450
NIFTY03NOV2218100PE.NFO,31/10/2022,09:28:05,186.75,186.65,50,186.9,100,200,317450
NIFTY03NOV2218100PE.NFO,31/10/2022,09:28:07,186.8,186.85,50,187.25,150,650,317450
NIFTY03NOV2218100PE.NFO,31/10/2022,09:28:08,187.3,187.2,50,187.55,600,150,317450
NIFTY03NOV2218100PE.NFO,31/10/2022,09:28:09,187,186.65,100,186.95,100,1250,317450
NIFTY03NOV2218100PE.NFO,31/10/2022,09:28:10,186.85,187,50,187.25,150,4450,317450
NIFTY03NOV2218100PE.NFO,31/10/2022,09:28:11,186.65,186.4,1000,186.8,50,600,317450
NIFTY03NOV2218100PE.NFO,31/10/2022,09:28:12,187.15,186.8,300,187.15,50,400,317450
NIFTY03NOV2218100PE.NFO,31/10/2022,09:28:13,187.25,186.95,50,187.3,50,950,317450
NIFTY03NOV2218100PE.NFO,31/10/2022,09:28:13,187.3,186.9,50,187.25,150,100,317450
NIFTY03NOV2218100PE.NFO,31/10/2022,09:28:15,187,187.05,50,187.2,50,850,317450
NIFTY03NOV2218100PE.NFO,31/10/2022,09:28:15,186.95,186.9,50,187.25,200,3400,317450
NIFTY03NOV2218100PE.NFO,31/10/2022,09:28:17,187.35,187.3,50,187.45,200,2150,317450
NIFTY03NOV2218100PE.NFO,31/10/2022,09:28:18,187.5,187.1,50,187.4,250,1300,317450
NIFTY03NOV2218100PE.NFO,31/10/2022,09:28:19,188.4,188.35,100,188.55,50,1100,317450
NIFTY03NOV2218100PE.NFO,31/10/2022,09:28:20,187.45,187.3,400,187.7,50,800,317450
NIFTY03NOV2218100PE.NFO,31/10/2022,09:28:21,188.45,188.25,50,188.55,50,150,317450
NIFTY03NOV2218100PE.NFO,31/10/2022,09:28:22,188.35,188.15,50,188.4,50,600,317450
NIFTY03NOV2218100PE.NFO,31/10/2022,09:28:22,188.4,187.85,50,188.25,100,450,317450
NIFTY03NOV2218100PE.NFO,31/10/2022,09:28:23,188.15,187.45,50,187.75,300,100,317450
NIFTY03NOV2218100PE.NFO,31/10/2022,09:28:25,187.65,187.4,100,187.6,50,850,317450
NIFTY03NOV2218100PE.NFO,31/10/2022,09:28:26,187.1,187.2,300,187.6,600,2300,317450
NIFTY03NOV2218100PE.NFO,31/10/2022,09:28:27,187.55,187.2,500,187.6,550,1300,317450
NIFTY03NOV2218100PE.NFO,31/10/2022,09:28:28,186.9,186.85,50,187.15,50,700,317450
NIFTY03NOV2218100PE.NFO,31/10/2022,09:28:29,187.8,187.6,600,187.95,250,1600,317450
NIFTY03NOV2218100PE.NFO,31/10/2022,09:28:31,187.7,187.45,50,187.85,150,1600,317450
NIFTY03NOV2218100PE.NFO,31/10/2022,09:28:31,187.65,187.35,50,187.65,50,250,317450
NIFTY03NOV2218100PE.NFO,31/10/2022,09:28:33,187.6,187.6,400,188,250,350,317450
NIFTY03NOV2218100PE.NFO,31/10/2022,09:28:34,188,187.75,50,188.15,150,50,317450
NIFTY03NOV2218100PE.NFO,31/10/2022,09:28:35,187.9,187.75,50,187.9,150,950,317450
NIFTY03NOV2218100PE.NFO,31/10/2022,09:28:36,187.85,187.7,50,187.85,150,450,317450
NIFTY03NOV2218100PE.NFO,31/10/2022,09:28:37,187.1,187.05,100,187.25,200,800,317450
NIFTY03NOV2218100PE.NFO,31/10/2022,09:28:37,187.25,186.95,150,187.25,150,1100,317450
NIFTY03NOV2218100PE.NFO,31/10/2022,09:28:39,186.3,186.35,50,186.6,50,2600,317450
NIFTY03NOV2218100PE.NFO,31/10/2022,09:28:40,186.05,186.4,350,186.6,250,500,317450
NIFTY03NOV2218100PE.NFO,31/10/2022,09:28:40,186.05,186.4,350,186.6,250,0,317450
NIFTY03NOV2218100PE.NFO,31/10/2022,09:28:41,186.2,186,250,186.2,50,2000,317450
NIFTY03NOV2218100PE.NFO,31/10/2022,09:28:41,185.85,186,250,186.2,50,0,317450
NIFTY03NOV2218100PE.NFO,31/10/2022,09:28:42,186.4,186.3,50,186.55,150,550,317450
NIFTY03NOV2218100PE.NFO,31/10/2022,09:28:42,185.65,186.3,50,186.55,150,0,317450
NIFTY03NOV2218100PE.NFO,31/10/2022,09:28:43,186.4,186.4,250,186.7,150,1000,317450
NIFTY03NOV2218100PE.NFO,31/10/2022,09:28:44,186.2,186.2,50,186.5,150,300,317450
NIFTY03NOV2218100PE.NFO,31/10/2022,09:28:45,185.8,185.6,250,185.85,250,1950,317450
NIFTY03NOV2218100PE.NFO,31/10/2022,09:28:45,185.6,185.6,250,185.85,250,0,317450
NIFTY03NOV2218100PE.NFO,31/10/2022,09:28:46,185.75,185.65,50,185.85,150,1300,317450
NIFTY03NOV2218100PE.NFO,31/10/2022,09:28:46,185.55,185.65,50,185.85,150,0,317450
NIFTY03NOV2218100PE.NFO,31/10/2022,09:28:47,185.4,185.2,100,185.4,300,11800,317450
NIFTY03NOV2218100PE.NFO,31/10/2022,09:28:47,185.1,185.2,100,185.4,300,0,317450
NIFTY03NOV2218100PE.NFO,31/10/2022,09:28:48,186.15,186.2,50,186.4,150,15850,317450
NIFTY03NOV2218100PE.NFO,31/10/2022,09:28:49,186.35,186.15,100,186.4,350,2200,317450
NIFTY03NOV2218100PE.NFO,31/10/2022,09:28:50,186.6,186.6,50,186.8,650,4900,317450
NIFTY03NOV2218100PE.NFO,31/10/2022,09:28:51,186.7,186.45,200,186.7,350,1450,317450
NIFTY03NOV2218100PE.NFO,31/10/2022,09:28:52,186.45,186.3,300,186.45,250,450,317450
NIFTY03NOV2218100PE.NFO,31/10/2022,09:28:53,185.65,185.25,50,185.55,100,5900,317450
NIFTY03NOV2218100PE.NFO,31/10/2022,09:28:54,184.95,184.65,50,184.85,50,4550,317450
NIFTY03NOV2218100PE.NFO,31/10/2022,09:28:54,184.8,184.65,50,184.85,50,0,317450
NIFTY03NOV2218100PE.NFO,31/10/2022,09:28:55,184.4,184.35,100,184.65,350,3250,317450
NIFTY03NOV2218100PE.NFO,31/10/2022,09:28:55,184.2,184.35,100,184.65,350,0,317450
NIFTY03NOV2218100PE.NFO,31/10/2022,09:28:56,184.9,184.8,500,185.15,150,5550,317450
NIFTY03NOV2218100PE.NFO,31/10/2022,09:28:56,184.05,184.8,500,185.15,150,0,317450
NIFTY03NOV2218100PE.NFO,31/10/2022,09:28:56,185.3,185,300,185.3,200,950,317450
NIFTY03NOV2218100PE.NFO,31/10/2022,09:28:58,184.55,184.55,650,184.9,200,14700,317450
NIFTY03NOV2218100PE.NFO,31/10/2022,09:28:59,184.8,184.75,100,185,200,2550,317450
NIFTY03NOV2218100PE.NFO,31/10/2022,09:29:00,184.4,184.35,250,184.65,200,2000,317450
NIFTY03NOV2218100PE.NFO,31/10/2022,09:29:01,183.6,183.65,50,183.9,50,3100,317450
NIFTY03NOV2218100PE.NFO,31/10/2022,09:29:01,183.6,183.65,50,183.9,50,0,317450
NIFTY03NOV2218100PE.NFO,31/10/2022,09:29:02,184.2,183.85,50,184.2,150,1800,317450
NIFTY03NOV2218100PE.NFO,31/10/2022,09:29:02,183.4,183.85,50,184.2,150,0,317450
NIFTY03NOV2218100PE.NFO,31/10/2022,09:29:03,183.8,183.65,50,183.95,400,2950,317450
NIFTY03NOV2218100PE.NFO,31/10/2022,09:29:04,184.1,184.1,300,184.5,650,3500,317450
NIFTY03NOV2218100PE.NFO,31/10/2022,09:29:05,184.9,184.9,50,185.2,150,1000,317450
NIFTY03NOV2218100PE.NFO,31/10/2022,09:29:06,185.45,185.4,50,185.65,150,1550,317450
NIFTY03NOV2218100PE.NFO,31/10/2022,09:29:07,185.25,185.35,50,185.65,100,19200,317450
NIFTY03NOV2218100PE.NFO,31/10/2022,09:29:08,185.4,185.45,100,185.85,50,7350,317450
NIFTY03NOV2218100PE.NFO,31/10/2022,09:29:09,185.4,185.4,300,185.7,50,500,317450
NIFTY03NOV2218100PE.NFO,31/10/2022,09:29:10,186.35,186.25,150,186.5,950,3650,317450
NIFTY03NOV2218100PE.NFO,31/10/2022,09:29:10,186.35,186.2,50,186.4,700,0,317450
NIFTY03NOV2218100PE.NFO,31/10/2022,09:29:12,185.75,185.8,150,186.1,200,3950,317450
NIFTY03NOV2218100PE.NFO,31/10/2022,09:29:13,185.85,185.85,200,186.05,200,1350,317450
NIFTY03NOV2218100PE.NFO,31/10/2022,09:29:14,185.3,185.25,350,185.45,400,3600,317450
NIFTY03NOV2218100PE.NFO,31/10/2022,09:29:15,185.8,186,150,186.3,200,650,317450
NIFTY03NOV2218100PE.NFO,31/10/2022,09:29:15,185.8,185.85,150,186.2,200,0,317450
NIFTY03NOV2218100PE.NFO,31/10/2022,09:29:16,186.15,186,350,186.35,50,150,317450
NIFTY03NOV2218100PE.NFO,31/10/2022,09:29:18,186,185.75,150,186,150,1700,317450
NIFTY03NOV2218100PE.NFO,31/10/2022,09:29:19,186.3,186.3,50,186.6,600,450,317450
NIFTY03NOV2218100PE.NFO,31/10/2022,09:29:20,185.65,185.45,150,185.65,50,500,431150
NIFTY03NOV2218100PE.NFO,31/10/2022,09:29:21,185.5,185.55,250,185.8,900,1850,431150
NIFTY03NOV2218100PE.NFO,31/10/2022,09:29:22,185.4,185.3,600,185.7,200,800,431150
NIFTY03NOV2218100PE.NFO,31/10/2022,09:29:23,185.6,185.35,150,185.7,100,600,431150
NIFTY03NOV2218100PE.NFO,31/10/2022,09:29:23,185.45,185.4,1000,185.6,850,150,431150
NIFTY03NOV2218100PE.NFO,31/10/2022,09:29:24,185.6,185.4,550,185.65,50,900,431150
NIFTY03NOV2218100PE.NFO,31/10/2022,09:29:26,185.3,185.2,50,185.4,100,1150,431150
NIFTY03NOV2218100PE.NFO,31/10/2022,09:29:27,185.25,185.1,50,185.35,150,1850,431150
NIFTY03NOV2218100PE.NFO,31/10/2022,09:29:28,184.8,184.8,150,184.95,250,1350,431150
NIFTY03NOV2218100PE.NFO,31/10/2022,09:29:29,184.5,184.45,150,184.75,50,1700,431150
NIFTY03NOV2218100PE.NFO,31/10/2022,09:29:30,184.2,183.9,200,184.25,100,1900,431150
NIFTY03NOV2218100PE.NFO,31/10/2022,09:29:30,183.85,183.8,50,184.1,150,300,431150
NIFTY03NOV2218100PE.NFO,31/10/2022,09:29:31,183.95,183.9,150,184.25,50,3450,431150
NIFTY03NOV2218100PE.NFO,31/10/2022,09:29:33,184.65,184.4,50,184.7,100,600,431150
NIFTY03NOV2218100PE.NFO,31/10/2022,09:29:34,184.35,184.35,50,184.6,150,600,431150
NIFTY03NOV2218100PE.NFO,31/10/2022,09:29:35,184.65,184.3,50,184.6,200,1100,431150
NIFTY03NOV2218100PE.NFO,31/10/2022,09:29:36,184.25,184.05,50,184.3,200,750,431150
NIFTY03NOV2218100PE.NFO,31/10/2022,09:29:37,184.35,184.25,250,184.55,50,2000,431150
NIFTY03NOV2218100PE.NFO,31/10/2022,09:29:38,184.1,184.15,150,184.35,150,2250,431150
NIFTY03NOV2218100PE.NFO,31/10/2022,09:29:39,184.65,184.4,600,184.8,650,1000,431150
NIFTY03NOV2218100PE.NFO,31/10/2022,09:29:39,184.4,184.15,50,184.5,1100,1000,431150
NIFTY03NOV2218100PE.NFO,31/10/2022,09:29:41,184.1,183.9,100,184.15,100,700,431150
NIFTY03NOV2218100PE.NFO,31/10/2022,09:29:42,183.75,183.9,100,184.15,100,250,431150
NIFTY03NOV2218100PE.NFO,31/10/2022,09:29:43,184.1,183.75,100,184.1,200,650,431150
NIFTY03NOV2218100PE.NFO,31/10/2022,09:29:44,183.6,183.5,100,183.85,100,1350,431150
NIFTY03NOV2218100PE.NFO,31/10/2022,09:29:45,184.35,184.4,150,184.7,50,900,431150
NIFTY03NOV2218100PE.NFO,31/10/2022,09:29:46,184.55,184.15,150,184.45,100,50,431150
NIFTY03NOV2218100PE.NFO,31/10/2022,09:29:47,184.1,184.05,150,184.4,600,1350,431150
NIFTY03NOV2218100PE.NFO,31/10/2022,09:29:48,184.15,184.25,150,184.4,200,1250,431150
NIFTY03NOV2218100PE.NFO,31/10/2022,09:29:49,183.7,183.45,150,183.7,550,2550,431150
NIFTY03NOV2218100PE.NFO,31/10/2022,09:29:50,183.4,183.1,100,183.3,200,4550,431150
NIFTY03NOV2218100PE.NFO,31/10/2022,09:29:50,183.15,183.1,100,183.3,200,0,431150
NIFTY03NOV2218100PE.NFO,31/10/2022,09:29:51,183.1,183.05,150,183.2,200,3650,431150
NIFTY03NOV2218100PE.NFO,31/10/2022,09:29:51,183,183.05,150,183.2,200,0,431150
NIFTY03NOV2218100PE.NFO,31/10/2022,09:29:51,183.25,183.05,100,183.4,750,150,431150
NIFTY03NOV2218100PE.NFO,31/10/2022,09:29:53,183.5,183.4,100,183.75,150,1000,431150
NIFTY03NOV2218100PE.NFO,31/10/2022,09:29:54,183.5,183.5,50,183.75,100,450,431150
NIFTY03NOV2218100PE.NFO,31/10/2022,09:29:54,183.5,183.35,100,183.7,100,0,431150
NIFTY03NOV2218100PE.NFO,31/10/2022,09:29:55,184.4,184.3,100,184.65,150,1350,431150
NIFTY03NOV2218100PE.NFO,31/10/2022,09:29:57,183.65,183.65,100,184,550,1950,431150
NIFTY03NOV2218100PE.NFO,31/10/2022,09:29:58,184,183.8,150,184.1,200,3050,431150
NIFTY03NOV2218100PE.NFO,31/10/2022,09:29:59,184.1,184,2800,184.25,700,1000,431150
NIFTY03NOV2218100PE.NFO,31/10/2022,09:30:00,183.5,183.25,100,183.5,50,5200,431150
NIFTY03NOV2218100PE.NFO,31/10/2022,09:30:01,183,183.05,50,183.25,50,1300,431150
NIFTY03NOV2218100PE.NFO,31/10/2022,09:30:01,183.15,183,850,183.25,100,300,431150
NIFTY03NOV2218100PE.NFO,31/10/2022,09:30:03,182.15,182.3,100,182.4,50,1400,431150
NIFTY03NOV2218100PE.NFO,31/10/2022,09:30:03,182.1,182.3,100,182.4,50,0,431150
NIFTY03NOV2218100PE.NFO,31/10/2022,09:30:04,182.6,182.4,550,182.75,100,2800,431150
NIFTY03NOV2218100PE.NFO,31/10/2022,09:30:04,182.05,182.4,550,182.75,100,0,431150
NIFTY03NOV2218100PE.NFO,31/10/2022,09:30:05,182.35,182.3,100,182.6,700,900,431150
NIFTY03NOV2218100PE.NFO,31/10/2022,09:30:06,182.3,182.3,50,182.5,200,1300,431150
NIFTY03NOV2218100PE.NFO,31/10/2022,09:30:06,182.15,182.15,150,182.5,350,300,431150
NIFTY03NOV2218100PE.NFO,31/10/2022,09:30:08,182.3,182.2,150,182.5,300,5150,431150
NIFTY03NOV2218100PE.NFO,31/10/2022,09:30:08,181.7,182.2,150,182.5,300,0,431150
NIFTY03NOV2218100PE.NFO,31/10/2022,09:30:09,182.1,182.05,600,182.5,350,1350,431150
NIFTY03NOV2218100PE.NFO,31/10/2022,09:30:10,181.05,180.95,150,181.2,50,2550,431150
NIFTY03NOV2218100PE.NFO,31/10/2022,09:30:10,180.6,180.95,150,181.2,50,0,431150
NIFTY03NOV2218100PE.NFO,31/10/2022,09:30:11,180.3,180.25,50,180.4,50,8750,431150
NIFTY03NOV2218100PE.NFO,31/10/2022,09:30:11,180.05,180.25,50,180.4,50,0,431150
NIFTY03NOV2218100PE.NFO,31/10/2022,09:30:12,181.25,180.75,250,181.1,200,2450,431150
NIFTY03NOV2218100PE.NFO,31/10/2022,09:30:13,179.9,179.9,50,180.2,200,6650,431150
NIFTY03NOV2218100PE.NFO,31/10/2022,09:30:13,179.85,179.9,50,180.2,200,0,431150
NIFTY03NOV2218100PE.NFO,31/10/2022,09:30:14,180.8,180.7,50,181,200,950,431150
NIFTY03NOV2218100PE.NFO,31/10/2022,09:30:15,180.95,180.65,50,181,50,850,431150
NIFTY03NOV2218100PE.NFO,31/10/2022,09:30:16,181.6,181.65,50,181.9,150,300,431150
NIFTY03NOV2218100PE.NFO,31/10/2022,09:30:17,181.8,181.6,100,181.8,200,350,431150
NIFTY03NOV2218100PE.NFO,31/10/2022,09:30:18,180.95,180.9,100,181,50,3250,431150
NIFTY03NOV2218100PE.NFO,31/10/2022,09:30:19,181.25,180.7,50,181,150,650,431150
NIFTY03NOV2218100PE.NFO,31/10/2022,09:30:20,181,181,1300,181.15,150,1250,431150
NIFTY03NOV2218100PE.NFO,31/10/2022,09:30:21,181.1,181,600,181.25,200,1450,431150
NIFTY03NOV2218100PE.NFO,31/10/2022,09:30:21,180.75,180.75,600,181,350,800,431150
NIFTY03NOV2218100PE.NFO,31/10/2022,09:30:23,181.6,181.65,100,181.95,250,2500,431150
NIFTY03NOV2218100PE.NFO,31/10/2022,09:30:24,181.05,180.75,150,181,50,1800,431150
NIFTY03NOV2218100PE.NFO,31/10/2022,09:30:25,181.15,181.1,100,181.3,550,1000,431150
NIFTY03NOV2218100PE.NFO,31/10/2022,09:30:26,181.4,181,300,181.4,600,2100,431150
NIFTY03NOV2218100PE.NFO,31/10/2022,09:30:26,180.7,180.6,150,180.9,200,100,431150
NIFTY03NOV2218100PE.NFO,31/10/2022,09:30:27,180,180,1100,180.1,200,7900,431150
NIFTY03NOV2218100PE.NFO,31/10/2022,09:30:29,179.75,179.6,100,179.95,200,1750,431150
NIFTY03NOV2218100PE.NFO,31/10/2022,09:30:29,179.5,179.6,100,179.95,200,0,431150
NIFTY03NOV2218100PE.NFO,31/10/2022,09:30:30,180.45,180.1,200,180.4,50,1500,431150
NIFTY03NOV2218100PE.NFO,31/10/2022,09:30:31,180.15,180.3,100,180.7,250,600,431150
NIFTY03NOV2218100PE.NFO,31/10/2022,09:30:32,180.55,180.3,50,180.65,100,2900,431150
NIFTY03NOV2218100PE.NFO,31/10/2022,09:30:32,180.55,180.3,50,180.65,250,0,431150
NIFTY03NOV2218100PE.NFO,31/10/2022,09:30:34,180.75,180.65,50,180.9,100,1100,431150
NIFTY03NOV2218100PE.NFO,31/10/2022,09:30:35,180.45,180.5,100,180.75,200,4450,431150
NIFTY03NOV2218100PE.NFO,31/10/2022,09:30:36,180.25,180,100,180.1,50,700,431150
NIFTY03NOV2218100PE.NFO,31/10/2022,09:30:37,180.4,180.05,50,180.2,2800,750,431150
NIFTY03NOV2218100PE.NFO,31/10/2022,09:30:38,180.15,179.75,50,180.15,200,3050,431150
NIFTY03NOV2218100PE.NFO,31/10/2022,09:30:39,180.05,179.9,600,180.25,200,2450,431150
NIFTY03NOV2218100PE.NFO,31/10/2022,09:30:40,180.3,180,50,180.35,200,50,431150
NIFTY03NOV2218100PE.NFO,31/10/2022,09:30:41,180.15,180.15,550,180.5,100,3600,431150
NIFTY03NOV2218100PE.NFO,31/10/2022,09:30:42,180.55,180.25,350,180.55,150,150,431150
NIFTY03NOV2218100PE.NFO,31/10/2022,09:30:43,180.8,180.5,100,180.75,200,700,431150
NIFTY03NOV2218100PE.NFO,31/10/2022,09:30:44,180.6,180.35,250,180.6,200,1300,431150
NIFTY03NOV2218100PE.NFO,31/10/2022,09:30:45,180.6,180.45,100,180.6,50,0,431150
NIFTY03NOV2218100PE.NFO,31/10/2022,09:30:46,180.15,180.15,200,180.35,50,550,431150
NIFTY03NOV2218100PE.NFO,31/10/2022,09:30:47,179.35,179.3,100,179.6,50,2650,431150
NIFTY03NOV2218100PE.NFO,31/10/2022,09:30:47,179.35,179.3,100,179.6,50,0,431150
NIFTY03NOV2218100PE.NFO,31/10/2022,09:30:48,179.9,179.6,100,179.95,50,1400,431150
NIFTY03NOV2218100PE.NFO,31/10/2022,09:30:48,179.25,179.6,100,179.95,50,0,431150
NIFTY03NOV2218100PE.NFO,31/10/2022,09:30:49,180.05,179.8,150,180.15,250,300,431150
NIFTY03NOV2218100PE.NFO,31/10/2022,09:30:50,180.05,180,100,180.3,300,1950,431150
NIFTY03NOV2218100PE.NFO,31/10/2022,09:30:51,180,179.75,50,180,100,800,431150
NIFTY03NOV2218100PE.NFO,31/10/2022,09:30:52,179.9,179.7,300,179.95,50,1800,431150
NIFTY03NOV2218100PE.NFO,31/10/2022,09:30:53,180,180,50,180.25,150,500,431150
NIFTY03NOV2218100PE.NFO,31/10/2022,09:30:54,180.35,180.2,200,180.45,100,900,431150
NIFTY03NOV2218100PE.NFO,31/10/2022,09:30:55,181.3,181.3,100,181.6,100,1550,431150
NIFTY03NOV2218100PE.NFO,31/10/2022,09:30:56,180.45,180.55,400,180.8,150,1850,431150
NIFTY03NOV2218100PE.NFO,31/10/2022,09:30:57,180.85,180.6,100,180.9,200,1250,431150
NIFTY03NOV2218100PE.NFO,31/10/2022,09:30:58,180.95,180.55,600,180.95,50,600,431150
NIFTY03NOV2218100PE.NFO,31/10/2022,09:30:59,180.8,180.5,100,180.9,100,350,431150
NIFTY03NOV2218100PE.NFO,31/10/2022,09:31:00,179.1,178.9,250,179.2,200,1700,431150
NIFTY03NOV2218100PE.NFO,31/10/2022,09:31:00,179,178.9,250,179.2,200,0,431150
NIFTY03NOV2218100PE.NFO,31/10/2022,09:31:01,179.25,178.95,150,179.2,100,1000,431150
NIFTY03NOV2218100PE.NFO,31/10/2022,09:31:02,178.15,178.05,100,178.35,150,2450,431150
NIFTY03NOV2218100PE.NFO,31/10/2022,09:31:02,178.05,178.05,100,178.35,150,0,431150
NIFTY03NOV2218100PE.NFO,31/10/2022,09:31:03,178.5,178.45,100,178.65,50,950,431150
NIFTY03NOV2218100PE.NFO,31/10/2022,09:31:04,178.2,178.05,100,178.35,100,900,431150
NIFTY03NOV2218100PE.NFO,31/10/2022,09:31:05,178.6,178.8,100,179.2,350,700,431150
NIFTY03NOV2218100PE.NFO,31/10/2022,09:31:06,178.95,178.9,50,179.25,200,1550,431150
NIFTY03NOV2218100PE.NFO,31/10/2022,09:31:07,178.8,178.8,50,179.05,200,1850,431150
NIFTY03NOV2218100PE.NFO,31/10/2022,09:31:08,179,178.95,300,179.25,100,2450,431150
NIFTY03NOV2218100PE.NFO,31/10/2022,09:31:09,179.2,179.7,100,180,150,1000,431150
NIFTY03NOV2218100PE.NFO,31/10/2022,09:31:10,179.45,179.4,300,179.7,200,1400,431150
NIFTY03NOV2218100PE.NFO,31/10/2022,09:31:11,180.15,179.85,100,180.2,300,2000,431150
NIFTY03NOV2218100PE.NFO,31/10/2022,09:31:12,179.6,179.65,100,179.9,200,500,431150
NIFTY03NOV2218100PE.NFO,31/10/2022,09:31:13,180.25,180.6,100,180.85,100,850,431150
NIFTY03NOV2218100PE.NFO,31/10/2022,09:31:14,180.8,180.85,100,181.25,100,800,431150
NIFTY03NOV2218100PE.NFO,31/10/2022,09:31:15,181.4,181.3,100,181.5,100,1000,431150
NIFTY03NOV2218100PE.NFO,31/10/2022,09:31:16,181.15,181,100,181.35,100,950,431150
NIFTY03NOV2218100PE.NFO,31/10/2022,09:31:17,181,180.6,50,180.8,200,2100,431150
NIFTY03NOV2218100PE.NFO,31/10/2022,09:31:18,180.5,180.25,100,180.6,150,550,431150
NIFTY03NOV2218100PE.NFO,31/10/2022,09:31:19,180.5,180.25,350,180.6,200,200,431150
NIFTY03NOV2218100PE.NFO,31/10/2022,09:31:20,180,180,250,180.2,350,600,431150
NIFTY03NOV2218100PE.NFO,31/10/2022,09:31:21,180.6,180.25,250,180.6,200,350,431150
NIFTY03NOV2218100PE.NFO,31/10/2022,09:31:22,180,180,100,180.2,200,100,431150
NIFTY03NOV2218100PE.NFO,31/10/2022,09:31:23,179.5,179.2,250,179.4,650,650,431150
NIFTY03NOV2218100PE.NFO,31/10/2022,09:31:24,179,179.05,100,179.3,200,400,431150
NIFTY03NOV2218100PE.NFO,31/10/2022,09:31:25,179.1,179,800,179.2,200,150,431150
NIFTY03NOV2218100PE.NFO,31/10/2022,09:31:26,178.9,178.6,100,178.95,250,2050,431150
NIFTY03NOV2218100PE.NFO,31/10/2022,09:31:27,179.7,178.95,100,179.25,50,450,431150
NIFTY03NOV2218100PE.NFO,31/10/2022,09:31:28,179.55,179.3,100,179.6,200,700,431150
NIFTY03NOV2218100PE.NFO,31/10/2022,09:31:29,180,179.6,200,179.75,100,800,431150
NIFTY03NOV2218100PE.NFO,31/10/2022,09:31:30,179.6,179.4,300,179.7,100,100,431150
NIFTY03NOV2218100PE.NFO,31/10/2022,09:31:31,179.15,179.25,100,179.5,50,350,431150
NIFTY03NOV2218100PE.NFO,31/10/2022,09:31:32,179.15,179.1,100,179.45,150,750,431150
NIFTY03NOV2218100PE.NFO,31/10/2022,09:31:33,179.4,179.5,500,179.85,50,450,431150
NIFTY03NOV2218100PE.NFO,31/10/2022,09:31:34,179.65,179.2,200,179.5,200,300,431150
NIFTY03NOV2218100PE.NFO,31/10/2022,09:31:35,179.6,179.3,250,179.6,250,2100,431150
NIFTY03NOV2218100PE.NFO,31/10/2022,09:31:36,179.6,179.5,150,179.75,500,0,431150
NIFTY03NOV2218100PE.NFO,31/10/2022,09:31:37,179.9,179.6,150,179.9,550,900,431150
NIFTY03NOV2218100PE.NFO,31/10/2022,09:31:38,179.7,179.45,100,179.8,250,1550,431150
NIFTY03NOV2218100PE.NFO,31/10/2022,09:31:39,179.7,180,100,180.3,1050,2150,431150
NIFTY03NOV2218100PE.NFO,31/10/2022,09:31:40,180.35,180.05,350,180.55,200,2050,431150
NIFTY03NOV2218100PE.NFO,31/10/2022,09:31:41,180.35,179.95,250,180.3,50,2150,431150
NIFTY03NOV2218100PE.NFO,31/10/2022,09:31:42,180.3,179.9,50,180.3,100,700,431150
NIFTY03NOV2218100PE.NFO,31/10/2022,09:31:43,180.3,179.9,50,180.2,150,0,431150
NIFTY03NOV2218100PE.NFO,31/10/2022,09:31:44,179.45,179.2,100,179.55,100,400,431150
NIFTY03NOV2218100PE.NFO,31/10/2022,09:31:45,179.35,179.2,150,179.5,200,500,431150
NIFTY03NOV2218100PE.NFO,31/10/2022,09:31:46,179.4,179.1,50,179.45,700,550,431150
NIFTY03NOV2218100PE.NFO,31/10/2022,09:31:47,178.95,178.85,350,179.15,50,600,431150
NIFTY03NOV2218100PE.NFO,31/10/2022,09:31:48,179.7,179.35,250,179.75,250,750,431150
NIFTY03NOV2218100PE.NFO,31/10/2022,09:31:49,179.75,179.5,150,179.8,200,50,431150
NIFTY03NOV2218100PE.NFO,31/10/2022,09:31:50,179.75,179.75,50,179.9,300,0,431150
NIFTY03NOV2218100PE.NFO,31/10/2022,09:31:51,179.75,179.45,100,179.8,200,350,431150
NIFTY03NOV2218100PE.NFO,31/10/2022,09:31:52,180.15,179.9,400,180.3,200,750,431150
NIFTY03NOV2218100PE.NFO,31/10/2022,09:31:53,180.35,179.95,500,180.35,150,250,431150
NIFTY03NOV2218100PE.NFO,31/10/2022,09:31:54,180.3,180.05,150,180.3,300,500,431150
NIFTY03NOV2218100PE.NFO,31/10/2022,09:31:55,180.3,179.85,100,180.15,100,750,431150
NIFTY03NOV2218100PE.NFO,31/10/2022,09:31:56,180.3,180.2,100,180.45,250,550,431150
NIFTY03NOV2218100PE.NFO,31/10/2022,09:31:57,180.3,180.25,50,180.3,100,0,431150
NIFTY03NOV2218100PE.NFO,31/10/2022,09:31:58,180.3,180.4,250,180.7,100,1700,431150
NIFTY03NOV2218100PE.NFO,31/10/2022,09:31:59,181.25,181,50,181.1,50,2550,431150
NIFTY03NOV2218100PE.NFO,31/10/2022,09:32:00,180.5,180.35,150,180.55,50,1050,431150
NIFTY03NOV2218100PE.NFO,31/10/2022,09:32:01,180.1,179.85,50,180.1,550,1250,431150
NIFTY03NOV2218100PE.NFO,31/10/2022,09:32:02,179.8,179.45,100,179.8,100,350,431150
NIFTY03NOV2218100PE.NFO,31/10/2022,09:32:03,179.8,179.75,50,180,550,0,431150
NIFTY03NOV2218100PE.NFO,31/10/2022,09:32:04,180.1,179.75,50,180,1000,1500,431150
NIFTY03NOV2218100PE.NFO,31/10/2022,09:32:05,179.85,179.95,50,180.15,100,550,431150
NIFTY03NOV2218100PE.NFO,31/10/2022,09:32:06,178.75,178.75,150,179.1,1000,4200,431150
NIFTY03NOV2218100PE.NFO,31/10/2022,09:32:07,178.95,179.35,150,179.75,350,250,431150
NIFTY03NOV2218100PE.NFO,31/10/2022,09:32:08,179.8,179.65,150,180,1650,50,431150
NIFTY03NOV2218100PE.NFO,31/10/2022,09:32:09,179.85,179.6,950,180,600,300,431150
NIFTY03NOV2218100PE.NFO,31/10/2022,09:32:10,180,179.45,450,179.75,100,300,431150
NIFTY03NOV2218100PE.NFO,31/10/2022,09:32:11,179.75,179.35,150,179.6,100,700,431150
NIFTY03NOV2218100PE.NFO,31/10/2022,09:32:12,179.75,179.4,250,179.8,800,0,431150
NIFTY03NOV2218100PE.NFO,31/10/2022,09:32:13,180.75,180.55,50,180.7,150,2600,431150
NIFTY03NOV2218100PE.NFO,31/10/2022,09:32:14,180.75,180.55,150,180.85,150,0,431150
NIFTY03NOV2218100PE.NFO,31/10/2022,09:32:15,180.5,180.45,50,180.75,100,350,431150
NIFTY03NOV2218100PE.NFO,31/10/2022,09:32:16,180.2,179.8,150,180.15,150,300,431150
NIFTY03NOV2218100PE.NFO,31/10/2022,09:32:17,179.9,179.75,200,180.1,50,450,431150
NIFTY03NOV2218100PE.NFO,31/10/2022,09:32:18,180,179.75,50,180.1,200,200,431150
NIFTY03NOV2218100PE.NFO,31/10/2022,09:32:19,180.9,180.75,50,180.9,250,2900,523900
NIFTY03NOV2218100PE.NFO,31/10/2022,09:32:20,180.5,180.15,250,180.55,100,1000,523900
NIFTY03NOV2218100PE.NFO,31/10/2022,09:32:21,179.65,179.75,300,180.15,400,1500,523900
NIFTY03NOV2218100PE.NFO,31/10/2022,09:32:22,180.3,179.85,100,180.15,50,50,523900
NIFTY03NOV2218100PE.NFO,31/10/2022,09:32:23,179.65,179.35,50,179.6,100,2100,523900
NIFTY03NOV2218100PE.NFO,31/10/2022,09:32:24,178.9,178.9,250,179.2,200,1400,523900
NIFTY03NOV2218100PE.NFO,31/10/2022,09:32:25,179.9,179.25,50,179.6,500,1400,523900
NIFTY03NOV2218100PE.NFO,31/10/2022,09:32:26,179.15,178.55,100,178.9,300,650,523900
NIFTY03NOV2218100PE.NFO,31/10/2022,09:32:27,178.9,178.55,250,178.9,50,250,523900
NIFTY03NOV2218100PE.NFO,31/10/2022,09:32:28,179.7,179.05,100,179.4,200,2450,523900
NIFTY03NOV2218100PE.NFO,31/10/2022,09:32:29,179.7,179.1,250,179.45,250,0,523900
NIFTY03NOV2218100PE.NFO,31/10/2022,09:32:30,179.35,178.9,550,179.25,50,300,523900
NIFTY03NOV2218100PE.NFO,31/10/2022,09:32:31,179.6,179.35,150,179.65,50,400,523900
NIFTY03NOV2218100PE.NFO,31/10/2022,09:32:32,179.55,179.3,100,179.55,250,800,523900
NIFTY03NOV2218100PE.NFO,31/10/2022,09:32:33,179.15,179.2,250,179.45,50,250,523900
NIFTY03NOV2218100PE.NFO,31/10/2022,09:32:34,180.55,180.25,200,180.6,200,5450,523900
NIFTY03NOV2218100PE.NFO,31/10/2022,09:32:35,180.85,180.6,50,180.85,50,50,523900
NIFTY03NOV2218100PE.NFO,31/10/2022,09:32:36,180.9,180.7,50,180.95,50,450,523900
NIFTY03NOV2218100PE.NFO,31/10/2022,09:32:37,181.25,181.15,50,181.35,100,1450,523900
NIFTY03NOV2218100PE.NFO,31/10/2022,09:32:38,181.2,181.3,150,181.6,450,200,523900
NIFTY03NOV2218100PE.NFO,31/10/2022,09:32:39,181.75,181.55,50,181.8,450,200,523900
NIFTY03NOV2218100PE.NFO,31/10/2022,09:32:40,181.35,181.2,150,181.6,1400,2050,523900
NIFTY03NOV2218100PE.NFO,31/10/2022,09:32:41,181.35,181.15,150,181.45,150,0,523900
NIFTY03NOV2218100PE.NFO,31/10/2022,09:32:42,181.1,181,50,181.3,150,300,523900
NIFTY03NOV2218100PE.NFO,31/10/2022,09:32:43,180.1,180.1,50,180.4,550,1100,523900
NIFTY03NOV2218100PE.NFO,31/10/2022,09:32:44,180.35,180.25,100,180.65,100,250,523900
NIFTY03NOV2218100PE.NFO,31/10/2022,09:32:45,179.75,179.7,300,180.05,100,600,523900
NIFTY03NOV2218100PE.NFO,31/10/2022,09:32:46,179.8,179.5,450,179.95,150,500,523900
NIFTY03NOV2218100PE.NFO,31/10/2022,09:32:47,179.55,179.75,100,180.05,300,200,523900
NIFTY03NOV2218100PE.NFO,31/10/2022,09:32:48,181.05,180.75,100,181,300,450,523900
NIFTY03NOV2218100PE.NFO,31/10/2022,09:32:49,180.9,180.4,600,180.8,400,250,523900
NIFTY03NOV2218100PE.NFO,31/10/2022,09:32:51,180.7,180.5,350,180.85,150,200,523900
NIFTY03NOV2218100PE.NFO,31/10/2022,09:32:51,180.7,180.45,100,180.75,150,0,523900
NIFTY03NOV2218100PE.NFO,31/10/2022,09:32:52,180,179.85,50,180.2,350,400,523900
NIFTY03NOV2218100PE.NFO,31/10/2022,09:32:53,180,180.45,200,180.8,150,0,523900
NIFTY03NOV2218100PE.NFO,31/10/2022,09:32:54,180,179.8,100,180.2,800,0,523900
NIFTY03NOV2218100PE.NFO,31/10/2022,09:32:55,180,179.8,100,180.15,150,50,523900
NIFTY03NOV2218100PE.NFO,31/10/2022,09:32:56,180.6,180.4,800,180.8,250,150,523900
NIFTY03NOV2218100PE.NFO,31/10/2022,09:32:57,180.8,180.6,100,180.9,150,550,523900
NIFTY03NOV2218100PE.NFO,31/10/2022,09:32:58,180.55,180.1,400,180.55,300,200,523900
NIFTY03NOV2218100PE.NFO,31/10/2022,09:32:59,180.4,180.15,50,180.35,200,250,523900
NIFTY03NOV2218100PE.NFO,31/10/2022,09:33:01,179.6,179.5,150,179.75,100,2950,523900
NIFTY03NOV2218100PE.NFO,31/10/2022,09:33:01,179.5,179.15,50,179.45,50,100,523900
NIFTY03NOV2218100PE.NFO,31/10/2022,09:33:02,179.6,179.55,100,179.9,50,150,523900
NIFTY03NOV2218100PE.NFO,31/10/2022,09:33:03,180,179.65,50,179.9,200,450,523900
NIFTY03NOV2218100PE.NFO,31/10/2022,09:33:04,180,179.65,50,179.95,150,600,523900
NIFTY03NOV2218100PE.NFO,31/10/2022,09:33:05,180.15,179.5,100,179.9,200,1050,523900
NIFTY03NOV2218100PE.NFO,31/10/2022,09:33:06,180,179.65,150,179.95,150,1600,523900
NIFTY03NOV2218100PE.NFO,31/10/2022,09:33:07,179.8,179.55,500,179.9,750,50,523900
NIFTY03NOV2218100PE.NFO,31/10/2022,09:33:09,179.7,179.65,100,179.85,150,1150,523900
NIFTY03NOV2218100PE.NFO,31/10/2022,09:33:09,179.7,180.05,50,180.25,50,0,523900
NIFTY03NOV2218100PE.NFO,31/10/2022,09:33:10,180.05,179.45,150,179.8,650,400,523900
NIFTY03NOV2218100PE.NFO,31/10/2022,09:33:11,179.75,179.4,150,179.65,300,1050,523900
NIFTY03NOV2218100PE.NFO,31/10/2022,09:33:12,179.8,179.6,250,179.95,150,100,523900
NIFTY03NOV2218100PE.NFO,31/10/2022,09:33:13,179.75,179.45,100,179.7,150,3000,523900
NIFTY03NOV2218100PE.NFO,31/10/2022,09:33:14,179.1,179.05,500,179.3,300,850,523900
NIFTY03NOV2218100PE.NFO,31/10/2022,09:33:16,179.05,178.5,150,178.85,150,2050,523900
NIFTY03NOV2218100PE.NFO,31/10/2022,09:33:16,178.8,178.55,150,178.85,150,150,523900
NIFTY03NOV2218100PE.NFO,31/10/2022,09:33:17,179,179.1,150,179.4,50,2150,523900
NIFTY03NOV2218100PE.NFO,31/10/2022,09:33:18,179.8,179.8,50,180.1,200,550,523900
NIFTY03NOV2218100PE.NFO,31/10/2022,09:33:19,180.25,180.3,550,180.5,50,400,523900
NIFTY03NOV2218100PE.NFO,31/10/2022,09:33:20,180.3,180.05,150,180.5,700,1100,523900
NIFTY03NOV2218100PE.NFO,31/10/2022,09:33:21,180.25,179.8,150,180.15,100,750,523900
NIFTY03NOV2218100PE.NFO,31/10/2022,09:33:23,179.95,180.2,100,180.5,50,4900,523900
NIFTY03NOV2218100PE.NFO,31/10/2022,09:33:24,180.4,180.65,150,181,200,150,523900
NIFTY03NOV2218100PE.NFO,31/10/2022,09:33:25,180.4,181.25,100,181.5,200,0,523900
NIFTY03NOV2218100PE.NFO,31/10/2022,09:33:26,181.1,181.45,250,181.8,250,450,523900
NIFTY03NOV2218100PE.NFO,31/10/2022,09:33:27,182.1,181.65,50,181.95,150,2850,523900
NIFTY03NOV2218100PE.NFO,31/10/2022,09:33:28,182.15,182.05,50,182.2,100,300,523900
NIFTY03NOV2218100PE.NFO,31/10/2022,09:33:29,181.95,181.95,200,182.35,400,1300,523900
NIFTY03NOV2218100PE.NFO,31/10/2022,09:33:30,182.25,181.85,100,182.25,150,850,523900
NIFTY03NOV2218100PE.NFO,31/10/2022,09:33:31,182,181.8,150,182.2,200,200,523900
NIFTY03NOV2218100PE.NFO,31/10/2022,09:33:32,181.35,181,100,181.25,50,700,523900
NIFTY03NOV2218100PE.NFO,31/10/2022,09:33:33,181.4,181,50,181.35,50,150,523900
NIFTY03NOV2218100PE.NFO,31/10/2022,09:33:34,181.5,181.2,500,181.65,300,1900,523900
NIFTY03NOV2218100PE.NFO,31/10/2022,09:33:35,181.55,181,50,181.4,1100,950,523900
NIFTY03NOV2218100PE.NFO,31/10/2022,09:33:37,181.55,181.4,50,181.75,200,0,523900
NIFTY03NOV2218100PE.NFO,31/10/2022,09:33:37,181.25,181.3,50,181.45,100,200,523900
NIFTY03NOV2218100PE.NFO,31/10/2022,09:33:38,181.7,181.35,50,181.65,100,1700,523900
NIFTY03NOV2218100PE.NFO,31/10/2022,09:33:39,181.5,181.35,150,181.65,100,450,523900
NIFTY03NOV2218100PE.NFO,31/10/2022,09:33:40,180.75,180.55,200,180.9,200,450,523900
NIFTY03NOV2218100PE.NFO,31/10/2022,09:33:41,180.8,180.3,500,180.65,50,750,523900
NIFTY03NOV2218100PE.NFO,31/10/2022,09:33:42,180.35,180.15,150,180.45,50,900,523900
NIFTY03NOV2218100PE.NFO,31/10/2022,09:33:44,180.3,180.05,250,180.35,50,1750,523900
NIFTY03NOV2218100PE.NFO,31/10/2022,09:33:44,180.05,180,850,180.4,1100,50,523900
NIFTY03NOV2218100PE.NFO,31/10/2022,09:33:45,179.4,179.3,250,179.7,250,1550,523900
NIFTY03NOV2218100PE.NFO,31/10/2022,09:33:46,180.2,179.8,250,180.2,700,550,523900
NIFTY03NOV2218100PE.NFO,31/10/2022,09:33:47,180,179.85,150,180.1,200,100,523900
NIFTY03NOV2218100PE.NFO,31/10/2022,09:33:49,179.65,179.45,100,179.8,350,350,523900
NIFTY03NOV2218100PE.NFO,31/10/2022,09:33:49,179.65,179.35,50,179.65,150,0,523900
NIFTY03NOV2218100PE.NFO,31/10/2022,09:33:50,179.2,179.1,250,179.45,100,250,523900
NIFTY03NOV2218100PE.NFO,31/10/2022,09:33:51,179.2,179.25,150,179.35,50,0,523900
NIFTY03NOV2218100PE.NFO,31/10/2022,09:33:52,179.2,179.35,150,179.6,250,400,523900
NIFTY03NOV2218100PE.NFO,31/10/2022,09:33:53,179.3,179.15,100,179.4,250,1350,523900
NIFTY03NOV2218100PE.NFO,31/10/2022,09:33:54,179.4,179.25,100,179.45,350,350,523900
NIFTY03NOV2218100PE.NFO,31/10/2022,09:33:55,179.6,179.45,250,179.7,200,350,523900
NIFTY03NOV2218100PE.NFO,31/10/2022,09:33:56,179.6,179.5,150,179.7,200,0,523900
NIFTY03NOV2218100PE.NFO,31/10/2022,09:33:57,179.2,179.2,250,179.5,200,400,523900
NIFTY03NOV2218100PE.NFO,31/10/2022,09:33:58,179,179,200,179.15,250,400,523900
NIFTY03NOV2218100PE.NFO,31/10/2022,09:34:00,178.4,178.15,350,178.5,650,850,523900
NIFTY03NOV2218100PE.NFO,31/10/2022,09:34:00,178.45,178.1,350,178.45,350,150,523900
NIFTY03NOV2218100PE.NFO,31/10/2022,09:34:01,178.55,178.6,250,178.95,100,1350,523900
NIFTY03NOV2218100PE.NFO,31/10/2022,09:34:02,179,178.95,250,179.2,50,200,523900
NIFTY03NOV2218100PE.NFO,31/10/2022,09:34:03,179.6,179.4,50,179.7,200,100,523900
NIFTY03NOV2218100PE.NFO,31/10/2022,09:34:04,180.05,179.35,50,179.65,50,2000,523900
NIFTY03NOV2218100PE.NFO,31/10/2022,09:34:06,179.3,178.95,450,179.35,100,250,523900
NIFTY03NOV2218100PE.NFO,31/10/2022,09:34:06,178.9,178.95,50,179.3,350,400,523900
NIFTY03NOV2218100PE.NFO,31/10/2022,09:34:07,178.9,178.6,150,178.9,50,450,523900
NIFTY03NOV2218100PE.NFO,31/10/2022,09:34:08,179,179.25,150,179.45,100,200,523900
NIFTY03NOV2218100PE.NFO,31/10/2022,09:34:09,179.3,178.6,100,179,950,200,523900
NIFTY03NOV2218100PE.NFO,31/10/2022,09:34:10,179.2,179,2200,179.4,150,150,523900
NIFTY03NOV2218100PE.NFO,31/10/2022,09:34:11,179.25,179.05,100,179.35,50,1400,523900
NIFTY03NOV2218100PE.NFO,31/10/2022,09:34:12,179,179.05,150,179.4,950,2000,523900
