Ticker,Date,Time,LTP,BuyPrice,BuyQty,SellPrice,SellQty,LTQ,OpenInterest
NIFTY20OCT2217300PE.NFO,17/10/2022,09:15:00,195,223.7,400,239.75,600,1300,0
NIFTY20OCT2217300PE.NFO,17/10/2022,09:15:00,195,223.7,400,239.75,600,0,0
NIFTY20OCT2217300PE.NFO,17/10/2022,09:15:00,249.95,223.7,400,239.75,600,0,0
NIFTY20OCT2217300PE.NFO,17/10/2022,09:15:00,179.95,223.7,400,239.75,600,0,0
NIFTY20OCT2217300PE.NFO,17/10/2022,09:15:01,228.2,228.85,100,231.25,400,4050,1683700
NIFTY20OCT2217300PE.NFO,17/10/2022,09:15:02,221.55,221.65,400,226.45,300,4250,1683700
NIFTY20OCT2217300PE.NFO,17/10/2022,09:15:04,224.05,224.1,50,224.95,200,14400,1683700
NIFTY20OCT2217300PE.NFO,17/10/2022,09:15:06,217.9,215.15,200,218.2,100,12050,1683700
NIFTY20OCT2217300PE.NFO,17/10/2022,09:15:07,214.8,213.2,350,214.75,200,33500,1683700
NIFTY20OCT2217300PE.NFO,17/10/2022,09:15:09,213.85,213.05,100,213.95,50,15000,1683700
NIFTY20OCT2217300PE.NFO,17/10/2022,09:15:10,215.1,214.2,350,215.05,50,6000,1683700
NIFTY20OCT2217300PE.NFO,17/10/2022,09:15:12,213.4,213.55,50,214.3,200,11300,1683700
NIFTY20OCT2217300PE.NFO,17/10/2022,09:15:13,210.75,210.2,200,210.9,200,8100,1683700
NIFTY20OCT2217300PE.NFO,17/10/2022,09:15:15,208.95,208.9,200,209.55,50,4200,1683700
NIFTY20OCT2217300PE.NFO,17/10/2022,09:15:16,207.5,206.3,50,206.85,50,7750,1683700
NIFTY20OCT2217300PE.NFO,17/10/2022,09:15:18,205.1,204.45,100,205.1,150,10000,1683700
NIFTY20OCT2217300PE.NFO,17/10/2022,09:15:19,204.65,203.95,50,204.55,350,5850,1683700
NIFTY20OCT2217300PE.NFO,17/10/2022,09:15:21,200.9,200.05,500,200.8,100,7500,1683700
NIFTY20OCT2217300PE.NFO,17/10/2022,09:15:22,198.7,198.3,150,198.7,200,11400,1683700
NIFTY20OCT2217300PE.NFO,17/10/2022,09:15:23,200,199.6,200,200.15,50,8850,1683700
NIFTY20OCT2217300PE.NFO,17/10/2022,09:15:25,199.6,199.4,200,200.1,200,3450,1683700
NIFTY20OCT2217300PE.NFO,17/10/2022,09:15:26,198.5,198.45,50,198.75,150,11400,1683700
NIFTY20OCT2217300PE.NFO,17/10/2022,09:15:28,198.7,198.7,150,199.3,200,10050,1683700
NIFTY20OCT2217300PE.NFO,17/10/2022,09:15:29,197.85,197.15,200,197.95,200,5500,1683700
NIFTY20OCT2217300PE.NFO,17/10/2022,09:15:30,197.2,197.4,800,198.5,200,6650,1683700
NIFTY20OCT2217300PE.NFO,17/10/2022,09:15:32,197.05,197.05,50,197.9,50,14350,1683700
NIFTY20OCT2217300PE.NFO,17/10/2022,09:15:33,193.55,193.5,250,194.5,200,8800,1683700
NIFTY20OCT2217300PE.NFO,17/10/2022,09:15:34,194.65,193.65,50,194.65,50,2700,1683700
NIFTY20OCT2217300PE.NFO,17/10/2022,09:15:35,193,193,150,194,50,2450,1683700
NIFTY20OCT2217300PE.NFO,17/10/2022,09:15:37,191.8,191.5,200,192.35,50,5600,1683700
NIFTY20OCT2217300PE.NFO,17/10/2022,09:15:38,191.35,190.6,250,191.4,200,7900,1683700
NIFTY20OCT2217300PE.NFO,17/10/2022,09:15:39,197,196,50,196.7,200,9550,1683700
NIFTY20OCT2217300PE.NFO,17/10/2022,09:15:40,200.9,200,50,200.9,100,10250,1683700
NIFTY20OCT2217300PE.NFO,17/10/2022,09:15:42,201.2,200.85,50,201.55,400,5700,1683700
NIFTY20OCT2217300PE.NFO,17/10/2022,09:15:43,195,194.5,200,195.2,50,12200,1683700
NIFTY20OCT2217300PE.NFO,17/10/2022,09:15:44,195.05,195.05,450,195.75,150,6650,1683700
NIFTY20OCT2217300PE.NFO,17/10/2022,09:15:46,192.6,192.55,50,193.4,200,8700,1683700
NIFTY20OCT2217300PE.NFO,17/10/2022,09:15:47,194.5,193.65,50,194.5,50,2700,1683700
NIFTY20OCT2217300PE.NFO,17/10/2022,09:15:48,193.5,192.6,150,193.4,200,1550,1683700
NIFTY20OCT2217300PE.NFO,17/10/2022,09:15:49,195,194.7,50,195.15,100,5300,1683700
NIFTY20OCT2217300PE.NFO,17/10/2022,09:15:51,198.45,198.45,50,199.35,100,3050,1683700
NIFTY20OCT2217300PE.NFO,17/10/2022,09:15:52,199.75,199.1,200,200.05,50,4600,1683700
NIFTY20OCT2217300PE.NFO,17/10/2022,09:15:53,198.5,197.65,150,198.5,150,3450,1683700
NIFTY20OCT2217300PE.NFO,17/10/2022,09:15:55,198.15,197.7,100,198.4,400,5650,1683700
NIFTY20OCT2217300PE.NFO,17/10/2022,09:15:56,194.7,194,250,194.6,550,14500,1683700
NIFTY20OCT2217300PE.NFO,17/10/2022,09:15:57,195.05,194.9,50,195.5,200,4500,1683700
NIFTY20OCT2217300PE.NFO,17/10/2022,09:15:58,196.6,196.85,50,197.3,200,2150,1683700
NIFTY20OCT2217300PE.NFO,17/10/2022,09:15:59,198.9,199.25,50,199.7,200,4600,1683700
NIFTY20OCT2217300PE.NFO,17/10/2022,09:16:00,199,198.2,50,198.65,150,2750,1683700
NIFTY20OCT2217300PE.NFO,17/10/2022,09:16:01,195.85,195.3,50,195.75,50,7600,1683700
NIFTY20OCT2217300PE.NFO,17/10/2022,09:16:03,195.1,194.9,150,195.4,50,9100,1683700
NIFTY20OCT2217300PE.NFO,17/10/2022,09:16:04,196.35,196,200,196.25,100,8900,1683700
NIFTY20OCT2217300PE.NFO,17/10/2022,09:16:05,195.95,196.95,100,197.15,150,7150,1683700
NIFTY20OCT2217300PE.NFO,17/10/2022,09:16:07,195.7,195.2,100,195.65,50,3350,1683700
NIFTY20OCT2217300PE.NFO,17/10/2022,09:16:08,194.65,194.6,50,194.8,50,6450,1683700
NIFTY20OCT2217300PE.NFO,17/10/2022,09:16:09,193.5,193.75,200,194.05,50,9650,1683700
NIFTY20OCT2217300PE.NFO,17/10/2022,09:16:11,195.45,195.4,50,195.45,150,8800,1683700
NIFTY20OCT2217300PE.NFO,17/10/2022,09:16:12,195.65,195.45,50,195.65,150,5150,1683700
NIFTY20OCT2217300PE.NFO,17/10/2022,09:16:13,195.8,195.65,100,196,50,5150,1683700
NIFTY20OCT2217300PE.NFO,17/10/2022,09:16:15,196.9,196.3,600,197,550,13500,1683700
NIFTY20OCT2217300PE.NFO,17/10/2022,09:16:16,195,194.95,50,195.25,50,7400,1683700
NIFTY20OCT2217300PE.NFO,17/10/2022,09:16:17,194.4,194.4,100,194.55,500,9350,1683700
NIFTY20OCT2217300PE.NFO,17/10/2022,09:16:18,194.1,193.55,50,193.85,150,5400,1683700
NIFTY20OCT2217300PE.NFO,17/10/2022,09:16:18,193.2,192.75,50,193.1,50,6050,1683700
NIFTY20OCT2217300PE.NFO,17/10/2022,09:16:20,193.75,193.3,50,193.45,50,7500,1683700
NIFTY20OCT2217300PE.NFO,17/10/2022,09:16:21,194.25,193.95,50,194.2,200,7200,1683700
NIFTY20OCT2217300PE.NFO,17/10/2022,09:16:22,192.25,192.2,50,192.55,50,2400,1683700
NIFTY20OCT2217300PE.NFO,17/10/2022,09:16:24,192.3,191.95,50,192.05,400,6750,1683700
NIFTY20OCT2217300PE.NFO,17/10/2022,09:16:25,192.75,192.65,50,192.75,50,8100,1683700
NIFTY20OCT2217300PE.NFO,17/10/2022,09:16:26,194.05,193.95,50,194.3,50,2500,1683700
NIFTY20OCT2217300PE.NFO,17/10/2022,09:16:28,195.85,195.2,250,195.6,50,6150,1683700
NIFTY20OCT2217300PE.NFO,17/10/2022,09:16:29,194.85,194.95,50,195.2,200,5600,1683700
NIFTY20OCT2217300PE.NFO,17/10/2022,09:16:30,194.75,194.25,50,194.6,50,3600,1683700
NIFTY20OCT2217300PE.NFO,17/10/2022,09:16:32,192.8,192.75,50,192.85,150,3150,1683700
NIFTY20OCT2217300PE.NFO,17/10/2022,09:16:33,191.9,191.45,50,191.9,250,8150,1683700
NIFTY20OCT2217300PE.NFO,17/10/2022,09:16:34,190.55,190.6,50,191.05,50,7750,1683700
NIFTY20OCT2217300PE.NFO,17/10/2022,09:16:36,191.2,191.15,150,191.4,50,5700,1683700
NIFTY20OCT2217300PE.NFO,17/10/2022,09:16:37,194.05,193.8,50,194.15,200,10600,1683700
NIFTY20OCT2217300PE.NFO,17/10/2022,09:16:38,192.8,192.5,200,192.85,50,8300,1683700
NIFTY20OCT2217300PE.NFO,17/10/2022,09:16:40,190,190,1100,190.05,400,13200,1683700
NIFTY20OCT2217300PE.NFO,17/10/2022,09:16:41,190.4,190.1,200,190.5,50,5500,1683700
NIFTY20OCT2217300PE.NFO,17/10/2022,09:16:42,191.9,192,50,192.45,50,6000,1683700
NIFTY20OCT2217300PE.NFO,17/10/2022,09:16:44,191.9,191.6,50,191.9,50,7300,1683700
NIFTY20OCT2217300PE.NFO,17/10/2022,09:16:45,190.3,190.05,200,190.3,50,6700,1683700
NIFTY20OCT2217300PE.NFO,17/10/2022,09:16:47,190.4,189.85,50,190,200,5350,1683700
NIFTY20OCT2217300PE.NFO,17/10/2022,09:16:48,189.75,189.4,50,189.6,50,7000,1683700
NIFTY20OCT2217300PE.NFO,17/10/2022,09:16:49,189.25,189.1,50,189.45,50,3200,1683700
NIFTY20OCT2217300PE.NFO,17/10/2022,09:16:51,189.2,189.5,50,189.85,250,4950,1683700
NIFTY20OCT2217300PE.NFO,17/10/2022,09:16:52,190.3,189.85,200,190.3,50,4700,1683700
NIFTY20OCT2217300PE.NFO,17/10/2022,09:16:53,192.75,192.4,250,192.95,50,1450,1683700
NIFTY20OCT2217300PE.NFO,17/10/2022,09:16:55,191.55,191.55,50,191.85,50,3650,1683700
NIFTY20OCT2217300PE.NFO,17/10/2022,09:16:56,192.1,191.85,50,192.2,50,9750,1683700
NIFTY20OCT2217300PE.NFO,17/10/2022,09:16:57,192.75,192.6,250,193.1,50,2450,1683700
NIFTY20OCT2217300PE.NFO,17/10/2022,09:16:58,193.85,193.7,50,194.15,200,3900,1683700
NIFTY20OCT2217300PE.NFO,17/10/2022,09:16:59,193.35,193.05,50,193.4,250,4550,1683700
NIFTY20OCT2217300PE.NFO,17/10/2022,09:17:01,191.35,191.65,50,191.7,200,4900,1683700
NIFTY20OCT2217300PE.NFO,17/10/2022,09:17:02,191.6,191.15,50,191.45,50,4050,1683700
NIFTY20OCT2217300PE.NFO,17/10/2022,09:17:03,191.2,190.6,100,190.8,400,6950,1683700
NIFTY20OCT2217300PE.NFO,17/10/2022,09:17:04,192.55,192.25,50,192.55,100,4750,1683700
NIFTY20OCT2217300PE.NFO,17/10/2022,09:17:06,196.85,196.8,50,197.1,50,8100,1683700
NIFTY20OCT2217300PE.NFO,17/10/2022,09:17:08,198.75,198.65,50,199,1650,6850,1683700
NIFTY20OCT2217300PE.NFO,17/10/2022,09:17:09,199.8,199.25,50,199.55,50,10900,1683700
NIFTY20OCT2217300PE.NFO,17/10/2022,09:17:11,197.85,197.4,50,197.85,400,11500,1683700
NIFTY20OCT2217300PE.NFO,17/10/2022,09:17:12,198.45,198.4,500,198.8,50,3850,1683700
NIFTY20OCT2217300PE.NFO,17/10/2022,09:17:13,198.75,198.35,100,198.7,50,2800,1683700
NIFTY20OCT2217300PE.NFO,17/10/2022,09:17:14,198,197.7,100,198.2,350,7800,1683700
NIFTY20OCT2217300PE.NFO,17/10/2022,09:17:16,197.7,197.45,100,197.75,200,3600,1683700
NIFTY20OCT2217300PE.NFO,17/10/2022,09:17:17,200.45,200.2,350,200.6,100,8400,1683700
NIFTY20OCT2217300PE.NFO,17/10/2022,09:17:18,200.05,200,200,200.4,100,3800,1683700
NIFTY20OCT2217300PE.NFO,17/10/2022,09:17:19,200.2,200.3,200,200.7,100,1450,1683700
NIFTY20OCT2217300PE.NFO,17/10/2022,09:17:21,202.1,202.4,150,202.85,150,4150,1683700
NIFTY20OCT2217300PE.NFO,17/10/2022,09:17:22,204.6,204.05,50,204.4,150,6150,1683700
NIFTY20OCT2217300PE.NFO,17/10/2022,09:17:24,202.15,201.7,50,202.15,50,10100,1683700
NIFTY20OCT2217300PE.NFO,17/10/2022,09:17:25,201.55,201.25,100,201.6,100,13150,1683700
NIFTY20OCT2217300PE.NFO,17/10/2022,09:17:27,203.6,203.35,50,203.6,100,8900,1683700
NIFTY20OCT2217300PE.NFO,17/10/2022,09:17:28,203.7,203.7,100,204.05,100,2000,1754250
NIFTY20OCT2217300PE.NFO,17/10/2022,09:17:29,204.15,203.85,50,204.2,200,5750,1754250
NIFTY20OCT2217300PE.NFO,17/10/2022,09:17:31,201.15,201.25,100,201.65,50,7700,1754250
NIFTY20OCT2217300PE.NFO,17/10/2022,09:17:32,201.7,201.55,100,202,550,8200,1754250
NIFTY20OCT2217300PE.NFO,17/10/2022,09:17:34,203.7,203.3,100,203.5,100,10100,1754250
NIFTY20OCT2217300PE.NFO,17/10/2022,09:17:35,204.2,204.2,50,204.55,100,4600,1754250
NIFTY20OCT2217300PE.NFO,17/10/2022,09:17:36,203.1,203,1950,203.3,200,14700,1754250
NIFTY20OCT2217300PE.NFO,17/10/2022,09:17:37,205.35,205,100,205.4,50,6050,1754250
NIFTY20OCT2217300PE.NFO,17/10/2022,09:17:39,203.8,203.9,50,204.3,550,4650,1754250
NIFTY20OCT2217300PE.NFO,17/10/2022,09:17:40,205,204.7,100,205,250,4450,1754250
NIFTY20OCT2217300PE.NFO,17/10/2022,09:17:41,205,205,50,205.15,50,14000,1754250
NIFTY20OCT2217300PE.NFO,17/10/2022,09:17:43,204.15,203.75,50,204.2,50,2650,1754250
NIFTY20OCT2217300PE.NFO,17/10/2022,09:17:44,205.85,205.4,50,205.8,300,4000,1754250
NIFTY20OCT2217300PE.NFO,17/10/2022,09:17:46,202.95,202.65,50,203.1,100,5350,1754250
NIFTY20OCT2217300PE.NFO,17/10/2022,09:17:47,204.5,204.35,50,204.75,50,3050,1754250
NIFTY20OCT2217300PE.NFO,17/10/2022,09:17:48,202.2,202.25,50,202.65,50,3850,1754250
NIFTY20OCT2217300PE.NFO,17/10/2022,09:17:50,201.85,201.8,200,202.25,50,2400,1754250
NIFTY20OCT2217300PE.NFO,17/10/2022,09:17:51,204.55,204.2,450,204.65,50,1700,1754250
NIFTY20OCT2217300PE.NFO,17/10/2022,09:17:52,203.2,202.8,50,203.2,50,2100,1754250
NIFTY20OCT2217300PE.NFO,17/10/2022,09:17:53,204.95,204.65,100,205.1,250,3700,1754250
NIFTY20OCT2217300PE.NFO,17/10/2022,09:17:55,204.85,204.6,150,204.8,200,5050,1754250
NIFTY20OCT2217300PE.NFO,17/10/2022,09:17:56,205.5,205.2,50,205.55,50,3250,1754250
NIFTY20OCT2217300PE.NFO,17/10/2022,09:17:57,206.2,206.05,50,206.5,150,2550,1754250
NIFTY20OCT2217300PE.NFO,17/10/2022,09:17:59,207.1,207.1,150,207.5,200,11750,1754250
NIFTY20OCT2217300PE.NFO,17/10/2022,09:18:00,206.5,206.35,50,206.6,150,3900,1754250
NIFTY20OCT2217300PE.NFO,17/10/2022,09:18:02,204.45,204.55,100,204.85,50,7550,1754250
NIFTY20OCT2217300PE.NFO,17/10/2022,09:18:03,208.4,208.1,50,208.4,100,10500,1754250
NIFTY20OCT2217300PE.NFO,17/10/2022,09:18:05,208.45,208.15,50,208.55,350,7800,1754250
NIFTY20OCT2217300PE.NFO,17/10/2022,09:18:06,209.2,209.2,200,209.5,50,5950,1754250
NIFTY20OCT2217300PE.NFO,17/10/2022,09:18:08,209.25,208.85,100,209.3,50,3400,1754250
NIFTY20OCT2217300PE.NFO,17/10/2022,09:18:09,209.2,209.15,50,209.45,100,4350,1754250
NIFTY20OCT2217300PE.NFO,17/10/2022,09:18:11,209.1,208.6,50,208.9,100,10600,1754250
NIFTY20OCT2217300PE.NFO,17/10/2022,09:18:12,208.95,208.95,200,209.25,100,5250,1754250
NIFTY20OCT2217300PE.NFO,17/10/2022,09:18:14,211.5,210.8,200,211.35,100,12250,1754250
NIFTY20OCT2217300PE.NFO,17/10/2022,09:18:15,211.65,211.45,50,211.85,100,9050,1754250
NIFTY20OCT2217300PE.NFO,17/10/2022,09:18:17,212,212.3,200,212.65,100,8100,1754250
NIFTY20OCT2217300PE.NFO,17/10/2022,09:18:18,213.65,213.1,50,213.5,200,2200,1754250
NIFTY20OCT2217300PE.NFO,17/10/2022,09:18:20,211.6,211,550,211.55,50,2650,1754250
NIFTY20OCT2217300PE.NFO,17/10/2022,09:18:21,210.3,210.3,250,210.75,50,4050,1754250
NIFTY20OCT2217300PE.NFO,17/10/2022,09:18:23,210,210,600,210.2,100,3900,1754250
NIFTY20OCT2217300PE.NFO,17/10/2022,09:18:24,210.1,209.45,100,210,1050,4250,1754250
NIFTY20OCT2217300PE.NFO,17/10/2022,09:18:26,209.9,209.4,100,209.85,50,2150,1754250
NIFTY20OCT2217300PE.NFO,17/10/2022,09:18:27,210.05,209.65,100,210.05,50,16000,1754250
NIFTY20OCT2217300PE.NFO,17/10/2022,09:18:28,211.05,210.5,50,210.95,100,5700,1754250
NIFTY20OCT2217300PE.NFO,17/10/2022,09:18:29,210.95,210.95,100,211.6,50,4200,1754250
NIFTY20OCT2217300PE.NFO,17/10/2022,09:18:31,212.5,212.4,100,212.75,100,11000,1754250
NIFTY20OCT2217300PE.NFO,17/10/2022,09:18:32,212.15,211.85,400,212.5,100,2850,1754250
NIFTY20OCT2217300PE.NFO,17/10/2022,09:18:34,210.7,210.25,150,210.7,500,3850,1754250
NIFTY20OCT2217300PE.NFO,17/10/2022,09:18:35,212.7,212.75,300,213,400,2500,1754250
NIFTY20OCT2217300PE.NFO,17/10/2022,09:18:36,214,213.55,50,213.95,100,3650,1754250
NIFTY20OCT2217300PE.NFO,17/10/2022,09:18:38,212,211.4,100,211.8,200,5750,1754250
NIFTY20OCT2217300PE.NFO,17/10/2022,09:18:39,212.75,212.8,50,212.85,100,3200,1754250
NIFTY20OCT2217300PE.NFO,17/10/2022,09:18:40,213.8,213.5,50,213.8,600,2050,1754250
NIFTY20OCT2217300PE.NFO,17/10/2022,09:18:42,213.45,213,50,213.35,100,3200,1754250
NIFTY20OCT2217300PE.NFO,17/10/2022,09:18:43,214.4,214.2,50,214.6,250,4500,1754250
NIFTY20OCT2217300PE.NFO,17/10/2022,09:18:44,214.25,213.6,200,214.15,50,1650,1754250
NIFTY20OCT2217300PE.NFO,17/10/2022,09:18:46,218,217.85,50,218.2,100,17200,1754250
NIFTY20OCT2217300PE.NFO,17/10/2022,09:18:48,218.8,218.85,50,219.35,50,10450,1754250
NIFTY20OCT2217300PE.NFO,17/10/2022,09:18:49,219.45,219.65,50,219.8,50,3850,1754250
NIFTY20OCT2217300PE.NFO,17/10/2022,09:18:51,220.5,220.75,100,221,300,6750,1754250
NIFTY20OCT2217300PE.NFO,17/10/2022,09:18:52,221.45,220.9,100,221.25,50,16400,1754250
NIFTY20OCT2217300PE.NFO,17/10/2022,09:18:54,221.6,221.2,200,221.6,50,6350,1754250
NIFTY20OCT2217300PE.NFO,17/10/2022,09:18:55,220,219.75,100,220.15,100,5000,1754250
NIFTY20OCT2217300PE.NFO,17/10/2022,09:18:57,219.25,219,150,219.35,100,6300,1754250
NIFTY20OCT2217300PE.NFO,17/10/2022,09:18:58,217.05,216.8,100,217.25,100,2700,1754250
NIFTY20OCT2217300PE.NFO,17/10/2022,09:19:00,217.35,216.2,550,216.65,100,4300,1754250
NIFTY20OCT2217300PE.NFO,17/10/2022,09:19:01,218.7,218.15,50,218.65,50,8100,1754250
NIFTY20OCT2217300PE.NFO,17/10/2022,09:19:02,219.7,219.6,650,220,100,3800,1754250
NIFTY20OCT2217300PE.NFO,17/10/2022,09:19:04,220.4,220.45,50,220.8,50,8900,1754250
NIFTY20OCT2217300PE.NFO,17/10/2022,09:19:05,220.6,220.6,50,221.1,150,9000,1754250
NIFTY20OCT2217300PE.NFO,17/10/2022,09:19:07,219.1,219.1,200,219.7,100,6450,1754250
NIFTY20OCT2217300PE.NFO,17/10/2022,09:19:08,216.8,216.45,50,217,50,7450,1754250
NIFTY20OCT2217300PE.NFO,17/10/2022,09:19:09,218.65,218.55,50,218.8,200,3700,1754250
NIFTY20OCT2217300PE.NFO,17/10/2022,09:19:10,219,218.65,50,219.1,50,4550,1754250
NIFTY20OCT2217300PE.NFO,17/10/2022,09:19:12,219.1,218.95,50,219.4,200,2000,1754250
NIFTY20OCT2217300PE.NFO,17/10/2022,09:19:13,219.65,219.4,50,219.85,50,5500,1754250
NIFTY20OCT2217300PE.NFO,17/10/2022,09:19:14,220.45,219.85,50,220.3,50,3850,1754250
NIFTY20OCT2217300PE.NFO,17/10/2022,09:19:16,221,220.95,50,221.4,50,2350,1754250
NIFTY20OCT2217300PE.NFO,17/10/2022,09:19:17,220.05,219.55,100,220.05,50,3900,1754250
NIFTY20OCT2217300PE.NFO,17/10/2022,09:19:18,219.6,219.25,50,219.7,50,1850,1754250
NIFTY20OCT2217300PE.NFO,17/10/2022,09:19:19,218.05,218,3550,218.3,50,3200,1754250
NIFTY20OCT2217300PE.NFO,17/10/2022,09:19:21,220.05,219.65,100,220.1,50,2250,1754250
NIFTY20OCT2217300PE.NFO,17/10/2022,09:19:22,219.7,219.3,50,219.75,50,650,1754250
NIFTY20OCT2217300PE.NFO,17/10/2022,09:19:23,219.95,219.5,50,219.7,50,1650,1754250
NIFTY20OCT2217300PE.NFO,17/10/2022,09:19:24,221.65,221.05,50,221.6,50,6150,1754250
NIFTY20OCT2217300PE.NFO,17/10/2022,09:19:25,221.45,221,50,221.45,50,1150,1754250
NIFTY20OCT2217300PE.NFO,17/10/2022,09:19:27,222.5,222.55,50,222.95,50,4500,1754250
NIFTY20OCT2217300PE.NFO,17/10/2022,09:19:28,222.85,223,50,223.35,50,2350,1754250
NIFTY20OCT2217300PE.NFO,17/10/2022,09:19:30,223.55,222.85,50,223.35,50,5400,1754250
NIFTY20OCT2217300PE.NFO,17/10/2022,09:19:31,222.3,221.8,50,222.35,150,3200,1754250
NIFTY20OCT2217300PE.NFO,17/10/2022,09:19:33,220,219.35,250,219.85,50,3300,1754250
NIFTY20OCT2217300PE.NFO,17/10/2022,09:19:34,219.85,219.45,50,220,200,5300,1754250
NIFTY20OCT2217300PE.NFO,17/10/2022,09:19:35,219.9,219.75,50,220.2,50,2200,1754250
NIFTY20OCT2217300PE.NFO,17/10/2022,09:19:36,219.6,218.95,100,219.5,300,3300,1754250
NIFTY20OCT2217300PE.NFO,17/10/2022,09:19:38,216.95,216.75,50,217.2,50,5350,1754250
NIFTY20OCT2217300PE.NFO,17/10/2022,09:19:39,216.85,216.7,50,217.1,50,2100,1754250
NIFTY20OCT2217300PE.NFO,17/10/2022,09:19:40,216.45,215.95,50,216.4,50,2300,1754250
NIFTY20OCT2217300PE.NFO,17/10/2022,09:19:42,217.8,217.15,50,217.75,150,2450,1754250
NIFTY20OCT2217300PE.NFO,17/10/2022,09:19:43,216.8,216.45,50,216.85,50,2950,1754250
NIFTY20OCT2217300PE.NFO,17/10/2022,09:19:44,215.25,215.2,500,215.7,50,600,1754250
NIFTY20OCT2217300PE.NFO,17/10/2022,09:19:46,213,213.4,350,213.85,50,6600,1754250
NIFTY20OCT2217300PE.NFO,17/10/2022,09:19:47,213.9,213.35,50,213.95,50,2000,1754250
NIFTY20OCT2217300PE.NFO,17/10/2022,09:19:48,212.85,212.85,300,213.45,200,3200,1754250
NIFTY20OCT2217300PE.NFO,17/10/2022,09:19:50,213.25,212.4,150,212.8,50,2200,1754250
NIFTY20OCT2217300PE.NFO,17/10/2022,09:19:51,214.35,214.15,50,214.55,100,2350,1754250
NIFTY20OCT2217300PE.NFO,17/10/2022,09:19:52,214.35,214.05,50,214.45,50,8400,1754250
NIFTY20OCT2217300PE.NFO,17/10/2022,09:19:54,215.3,215.45,50,215.9,100,1350,1754250
NIFTY20OCT2217300PE.NFO,17/10/2022,09:19:55,216.45,216.45,500,216.9,50,650,1754250
NIFTY20OCT2217300PE.NFO,17/10/2022,09:19:56,218.25,218.45,50,218.65,50,1900,1754250
NIFTY20OCT2217300PE.NFO,17/10/2022,09:19:58,219.45,219.25,50,219.75,50,1700,1754250
NIFTY20OCT2217300PE.NFO,17/10/2022,09:19:59,218.8,218.5,50,218.9,100,1150,1754250
NIFTY20OCT2217300PE.NFO,17/10/2022,09:20:00,217.9,217,2500,217.45,50,6200,1754250
NIFTY20OCT2217300PE.NFO,17/10/2022,09:20:01,219.65,219.6,200,219.9,100,12450,1754250
NIFTY20OCT2217300PE.NFO,17/10/2022,09:20:03,221.15,220.85,100,221.35,150,5850,1754250
NIFTY20OCT2217300PE.NFO,17/10/2022,09:20:04,221.65,221.4,50,221.8,200,6650,1754250
NIFTY20OCT2217300PE.NFO,17/10/2022,09:20:06,224.3,223.7,50,224.25,50,6800,1754250
NIFTY20OCT2217300PE.NFO,17/10/2022,09:20:07,222.85,222.05,50,222.4,200,6950,1754250
NIFTY20OCT2217300PE.NFO,17/10/2022,09:20:08,225,224.4,400,224.85,50,6900,1754250
NIFTY20OCT2217300PE.NFO,17/10/2022,09:20:09,224.75,224.5,250,224.95,100,4000,1754250
NIFTY20OCT2217300PE.NFO,17/10/2022,09:20:10,223.1,222.55,100,223,50,8650,1754250
NIFTY20OCT2217300PE.NFO,17/10/2022,09:20:12,220.4,219.95,50,220.5,50,3450,1754250
NIFTY20OCT2217300PE.NFO,17/10/2022,09:20:13,222.75,222.2,200,222.6,50,2550,1754250
NIFTY20OCT2217300PE.NFO,17/10/2022,09:20:15,220.15,219.55,100,220,150,10200,1754250
NIFTY20OCT2217300PE.NFO,17/10/2022,09:20:16,219.3,219.15,100,219.55,50,1750,1754250
NIFTY20OCT2217300PE.NFO,17/10/2022,09:20:17,218.05,217.45,100,217.95,100,3400,1754250
NIFTY20OCT2217300PE.NFO,17/10/2022,09:20:18,220.2,219.9,50,220.25,100,1600,1754250
NIFTY20OCT2217300PE.NFO,17/10/2022,09:20:20,220.05,219.65,50,220.1,200,1650,1754250
NIFTY20OCT2217300PE.NFO,17/10/2022,09:20:21,219.85,219.3,50,219.75,50,650,1754250
NIFTY20OCT2217300PE.NFO,17/10/2022,09:20:22,216.15,216.25,100,216.55,50,5850,1754250
NIFTY20OCT2217300PE.NFO,17/10/2022,09:20:24,214.7,214.6,200,215,50,4800,1754250
NIFTY20OCT2217300PE.NFO,17/10/2022,09:20:25,214.3,214.4,50,214.85,50,1500,1754250
NIFTY20OCT2217300PE.NFO,17/10/2022,09:20:26,213.95,213.6,200,214,100,3850,1754250
NIFTY20OCT2217300PE.NFO,17/10/2022,09:20:27,212.25,211.9,500,212.5,200,2400,1754250
NIFTY20OCT2217300PE.NFO,17/10/2022,09:20:29,214.7,214,100,214.45,100,1150,1744150
NIFTY20OCT2217300PE.NFO,17/10/2022,09:20:30,212.85,211.95,100,212.35,50,250,1744150
NIFTY20OCT2217300PE.NFO,17/10/2022,09:20:31,213,213.05,100,213.55,100,1550,1744150
NIFTY20OCT2217300PE.NFO,17/10/2022,09:20:32,212.55,212.75,100,213.3,50,2900,1744150
NIFTY20OCT2217300PE.NFO,17/10/2022,09:20:33,211.45,211.5,200,211.95,50,1250,1744150
NIFTY20OCT2217300PE.NFO,17/10/2022,09:20:34,211.2,211.25,100,211.4,50,1600,1744150
NIFTY20OCT2217300PE.NFO,17/10/2022,09:20:36,207.25,207.25,50,207.6,50,10450,1744150
NIFTY20OCT2217300PE.NFO,17/10/2022,09:20:37,207.7,207.55,50,208.05,50,3200,1744150
NIFTY20OCT2217300PE.NFO,17/10/2022,09:20:38,210.45,210.1,50,210.5,50,5300,1744150
NIFTY20OCT2217300PE.NFO,17/10/2022,09:20:39,210.55,210.5,200,210.85,100,3050,1744150
NIFTY20OCT2217300PE.NFO,17/10/2022,09:20:40,210.7,211.1,100,211.55,100,3700,1744150
NIFTY20OCT2217300PE.NFO,17/10/2022,09:20:41,212.7,211.6,200,212.05,150,1950,1744150
NIFTY20OCT2217300PE.NFO,17/10/2022,09:20:43,209.9,209.5,200,209.95,50,2850,1744150
NIFTY20OCT2217300PE.NFO,17/10/2022,09:20:44,209.4,208.45,100,208.9,100,2550,1744150
NIFTY20OCT2217300PE.NFO,17/10/2022,09:20:45,210.3,210.3,600,210.75,200,750,1744150
NIFTY20OCT2217300PE.NFO,17/10/2022,09:20:46,210.95,210.8,550,211.25,100,550,1744150
NIFTY20OCT2217300PE.NFO,17/10/2022,09:20:46,211.65,211.25,50,211.65,100,400,1744150
NIFTY20OCT2217300PE.NFO,17/10/2022,09:20:47,213.25,213.25,50,213.75,100,1600,1744150
NIFTY20OCT2217300PE.NFO,17/10/2022,09:20:49,214.55,214.25,100,214.7,200,2400,1744150
NIFTY20OCT2217300PE.NFO,17/10/2022,09:20:50,215,215,400,215.5,50,2100,1744150
NIFTY20OCT2217300PE.NFO,17/10/2022,09:20:51,214,213.9,550,214.45,50,3250,1744150
NIFTY20OCT2217300PE.NFO,17/10/2022,09:20:52,213,212.7,250,213.15,100,1200,1744150
NIFTY20OCT2217300PE.NFO,17/10/2022,09:20:53,214.45,213.75,100,214.2,400,450,1744150
NIFTY20OCT2217300PE.NFO,17/10/2022,09:20:55,211.65,211.3,200,211.65,50,800,1744150
NIFTY20OCT2217300PE.NFO,17/10/2022,09:20:56,210.9,210.55,100,210.85,250,1650,1744150
NIFTY20OCT2217300PE.NFO,17/10/2022,09:20:57,210.3,210.6,50,211,350,1550,1744150
NIFTY20OCT2217300PE.NFO,17/10/2022,09:20:59,214.3,213.85,50,214.45,150,3400,1744150
NIFTY20OCT2217300PE.NFO,17/10/2022,09:21:00,212.75,211.95,100,212.5,150,3450,1744150
NIFTY20OCT2217300PE.NFO,17/10/2022,09:21:01,212.55,212.45,100,212.8,200,3500,1744150
NIFTY20OCT2217300PE.NFO,17/10/2022,09:21:02,212.95,212.45,100,212.9,50,250,1744150
NIFTY20OCT2217300PE.NFO,17/10/2022,09:21:03,214.4,214.2,50,214.55,50,1600,1744150
NIFTY20OCT2217300PE.NFO,17/10/2022,09:21:04,213,211.9,200,212.35,50,550,1744150
NIFTY20OCT2217300PE.NFO,17/10/2022,09:21:05,212.05,211.6,100,212,200,1250,1744150
NIFTY20OCT2217300PE.NFO,17/10/2022,09:21:06,212.5,212.2,50,212.6,550,1250,1744150
NIFTY20OCT2217300PE.NFO,17/10/2022,09:21:07,215.25,214.45,50,214.9,250,1950,1744150
NIFTY20OCT2217300PE.NFO,17/10/2022,09:21:09,214.25,213.75,100,214,50,550,1744150
NIFTY20OCT2217300PE.NFO,17/10/2022,09:21:09,213.4,213,100,213.5,250,1000,1744150
NIFTY20OCT2217300PE.NFO,17/10/2022,09:21:11,215.25,215.2,50,215.45,50,1650,1744150
NIFTY20OCT2217300PE.NFO,17/10/2022,09:21:11,215.45,215.15,100,215.7,50,900,1744150
NIFTY20OCT2217300PE.NFO,17/10/2022,09:21:12,214.05,214.3,100,214.7,50,2800,1744150
NIFTY20OCT2217300PE.NFO,17/10/2022,09:21:13,215.25,214.95,100,215.3,200,1400,1744150
NIFTY20OCT2217300PE.NFO,17/10/2022,09:21:15,215.4,215.3,50,215.75,300,600,1744150
NIFTY20OCT2217300PE.NFO,17/10/2022,09:21:15,215.3,214.75,100,215.25,50,150,1744150
NIFTY20OCT2217300PE.NFO,17/10/2022,09:21:16,217.05,216.25,50,216.7,50,1000,1744150
NIFTY20OCT2217300PE.NFO,17/10/2022,09:21:17,215.35,215.3,100,215.8,50,2500,1744150
NIFTY20OCT2217300PE.NFO,17/10/2022,09:21:18,216.05,215.8,100,216.25,50,900,1744150
NIFTY20OCT2217300PE.NFO,17/10/2022,09:21:19,215.65,215.9,50,216.2,50,550,1744150
NIFTY20OCT2217300PE.NFO,17/10/2022,09:21:20,215.05,214.65,300,215.1,50,2650,1744150
NIFTY20OCT2217300PE.NFO,17/10/2022,09:21:21,214.4,214.05,100,214.5,200,3100,1744150
NIFTY20OCT2217300PE.NFO,17/10/2022,09:21:22,214.5,213.75,100,214.3,50,1850,1744150
NIFTY20OCT2217300PE.NFO,17/10/2022,09:21:24,212.95,212.85,100,213.2,200,1450,1744150
NIFTY20OCT2217300PE.NFO,17/10/2022,09:21:25,215.45,215.4,200,216,450,750,1744150
NIFTY20OCT2217300PE.NFO,17/10/2022,09:21:26,214.95,213.5,100,213.9,50,800,1744150
NIFTY20OCT2217300PE.NFO,17/10/2022,09:21:26,214.15,213.55,100,214.1,400,2100,1744150
NIFTY20OCT2217300PE.NFO,17/10/2022,09:21:27,215.05,214.8,200,215.1,100,2500,1744150
NIFTY20OCT2217300PE.NFO,17/10/2022,09:21:28,213.7,213,100,213.4,50,500,1744150
NIFTY20OCT2217300PE.NFO,17/10/2022,09:21:30,213.65,213,200,213.35,100,1450,1744150
NIFTY20OCT2217300PE.NFO,17/10/2022,09:21:31,212.95,212.5,250,212.95,150,850,1744150
NIFTY20OCT2217300PE.NFO,17/10/2022,09:21:32,212.75,212.6,200,213,500,600,1744150
NIFTY20OCT2217300PE.NFO,17/10/2022,09:21:33,212.45,212,300,212.35,50,650,1744150
NIFTY20OCT2217300PE.NFO,17/10/2022,09:21:34,215.8,215.4,50,215.8,500,2750,1744150
NIFTY20OCT2217300PE.NFO,17/10/2022,09:21:35,214.7,214.15,100,214.55,50,5250,1744150
NIFTY20OCT2217300PE.NFO,17/10/2022,09:21:36,213.95,214.3,50,214.7,200,1450,1744150
NIFTY20OCT2217300PE.NFO,17/10/2022,09:21:38,213.6,213.8,200,214.2,50,50,1744150
NIFTY20OCT2217300PE.NFO,17/10/2022,09:21:38,214.15,214.4,200,214.7,100,50,1744150
NIFTY20OCT2217300PE.NFO,17/10/2022,09:21:39,213.6,213.55,100,213.9,50,300,1744150
NIFTY20OCT2217300PE.NFO,17/10/2022,09:21:40,214.2,213.55,100,213.85,100,450,1744150
NIFTY20OCT2217300PE.NFO,17/10/2022,09:21:41,213.55,213.15,50,213.6,250,150,1744150
NIFTY20OCT2217300PE.NFO,17/10/2022,09:21:42,214.55,214,50,214.45,150,4250,1744150
NIFTY20OCT2217300PE.NFO,17/10/2022,09:21:44,214.05,213.05,100,213.35,50,1300,1744150
NIFTY20OCT2217300PE.NFO,17/10/2022,09:21:45,212.75,212.5,50,212.85,50,600,1744150
NIFTY20OCT2217300PE.NFO,17/10/2022,09:21:46,210.6,210.35,100,210.7,200,3550,1744150
NIFTY20OCT2217300PE.NFO,17/10/2022,09:21:47,210.5,210.05,350,210.45,50,3100,1744150
NIFTY20OCT2217300PE.NFO,17/10/2022,09:21:48,212.95,213.25,50,213.55,50,3550,1744150
NIFTY20OCT2217300PE.NFO,17/10/2022,09:21:49,211,210.85,50,211.15,50,2950,1744150
NIFTY20OCT2217300PE.NFO,17/10/2022,09:21:51,211.6,211.85,250,212.3,100,2500,1744150
NIFTY20OCT2217300PE.NFO,17/10/2022,09:21:51,211.9,211.85,300,212.25,100,250,1744150
NIFTY20OCT2217300PE.NFO,17/10/2022,09:21:52,211.5,211.7,200,212.05,50,2900,1744150
NIFTY20OCT2217300PE.NFO,17/10/2022,09:21:53,210.4,210.2,200,210.6,50,350,1744150
NIFTY20OCT2217300PE.NFO,17/10/2022,09:21:54,209.8,209.65,150,210.05,50,4000,1744150
NIFTY20OCT2217300PE.NFO,17/10/2022,09:21:55,210.3,210.3,950,210.75,50,900,1744150
NIFTY20OCT2217300PE.NFO,17/10/2022,09:21:56,208.8,208.75,50,209,150,1750,1744150
NIFTY20OCT2217300PE.NFO,17/10/2022,09:21:57,209,208.45,50,208.85,50,550,1744150
NIFTY20OCT2217300PE.NFO,17/10/2022,09:21:58,208.4,208.15,50,208.45,100,450,1744150
NIFTY20OCT2217300PE.NFO,17/10/2022,09:22:00,209.35,209.25,150,209.65,50,5300,1744150
NIFTY20OCT2217300PE.NFO,17/10/2022,09:22:01,210.8,210.8,100,211.25,100,7200,1744150
NIFTY20OCT2217300PE.NFO,17/10/2022,09:22:02,212.5,212.4,200,212.75,100,4400,1744150
NIFTY20OCT2217300PE.NFO,17/10/2022,09:22:03,211,210.85,150,211.25,50,1150,1744150
NIFTY20OCT2217300PE.NFO,17/10/2022,09:22:04,209.55,209.2,150,209.55,50,950,1744150
NIFTY20OCT2217300PE.NFO,17/10/2022,09:22:05,209.95,209.6,250,210.15,400,2450,1744150
NIFTY20OCT2217300PE.NFO,17/10/2022,09:22:06,212.75,212.75,50,212.8,500,2450,1744150
NIFTY20OCT2217300PE.NFO,17/10/2022,09:22:07,212.4,212.3,200,212.7,100,2650,1744150
NIFTY20OCT2217300PE.NFO,17/10/2022,09:22:08,212.4,212,50,212.35,50,500,1744150
NIFTY20OCT2217300PE.NFO,17/10/2022,09:22:08,213.15,212.95,100,213.5,100,300,1744150
NIFTY20OCT2217300PE.NFO,17/10/2022,09:22:10,212.25,212.45,100,212.85,350,5750,1744150
NIFTY20OCT2217300PE.NFO,17/10/2022,09:22:11,213.25,213,50,213.2,100,1200,1744150
NIFTY20OCT2217300PE.NFO,17/10/2022,09:22:12,213.25,213.05,50,213.4,100,450,1744150
NIFTY20OCT2217300PE.NFO,17/10/2022,09:22:13,214.45,213.6,50,214,50,600,1744150
NIFTY20OCT2217300PE.NFO,17/10/2022,09:22:14,214,213.2,100,213.55,50,1100,1744150
NIFTY20OCT2217300PE.NFO,17/10/2022,09:22:14,214,213.65,100,214,200,0,1744150
NIFTY20OCT2217300PE.NFO,17/10/2022,09:22:15,217.15,217.55,50,217.85,100,7500,1744150
NIFTY20OCT2217300PE.NFO,17/10/2022,09:22:17,215.45,215.4,50,215.95,50,4800,1744150
NIFTY20OCT2217300PE.NFO,17/10/2022,09:22:18,216.2,215.65,50,216.1,50,1350,1744150
NIFTY20OCT2217300PE.NFO,17/10/2022,09:22:19,215.2,214.8,150,215.25,250,2050,1744150
NIFTY20OCT2217300PE.NFO,17/10/2022,09:22:20,216.75,216.75,100,216.95,50,2600,1744150
NIFTY20OCT2217300PE.NFO,17/10/2022,09:22:21,218.1,218.2,50,218.6,100,2500,1744150
NIFTY20OCT2217300PE.NFO,17/10/2022,09:22:22,218.35,218.5,50,219.05,100,4400,1744150
NIFTY20OCT2217300PE.NFO,17/10/2022,09:22:23,218.3,218.35,50,218.75,50,800,1744150
NIFTY20OCT2217300PE.NFO,17/10/2022,09:22:25,219.05,218.85,100,219.3,100,1950,1744150
NIFTY20OCT2217300PE.NFO,17/10/2022,09:22:26,220,220.1,250,220.55,100,2300,1744150
NIFTY20OCT2217300PE.NFO,17/10/2022,09:22:27,218.9,219.1,50,219.45,100,6000,1744150
NIFTY20OCT2217300PE.NFO,17/10/2022,09:22:28,218.75,218.6,100,219.05,100,1750,1744150
NIFTY20OCT2217300PE.NFO,17/10/2022,09:22:29,217.15,216.65,100,217,100,2050,1744150
NIFTY20OCT2217300PE.NFO,17/10/2022,09:22:31,213.45,212.95,50,213.4,50,7850,1744150
NIFTY20OCT2217300PE.NFO,17/10/2022,09:22:32,217,216.55,50,217.2,50,4500,1744150
NIFTY20OCT2217300PE.NFO,17/10/2022,09:22:33,218.55,218.45,100,218.95,100,1600,1744150
NIFTY20OCT2217300PE.NFO,17/10/2022,09:22:35,218.05,217.6,150,218.05,50,500,1744150
NIFTY20OCT2217300PE.NFO,17/10/2022,09:22:36,216.45,215.8,100,216.3,300,2850,1744150
NIFTY20OCT2217300PE.NFO,17/10/2022,09:22:37,216.6,216.4,100,216.85,100,200,1744150
NIFTY20OCT2217300PE.NFO,17/10/2022,09:22:38,217.1,215.55,100,216,300,2450,1744150
NIFTY20OCT2217300PE.NFO,17/10/2022,09:22:39,215.5,215.8,250,216.25,100,300,1744150
NIFTY20OCT2217300PE.NFO,17/10/2022,09:22:41,213.75,213.55,50,213.65,50,1750,1744150
NIFTY20OCT2217300PE.NFO,17/10/2022,09:22:42,215.45,214.95,150,215.4,50,300,1744150
NIFTY20OCT2217300PE.NFO,17/10/2022,09:22:43,214.05,213.95,150,214.35,100,650,1744150
NIFTY20OCT2217300PE.NFO,17/10/2022,09:22:44,213,212.3,150,212.75,50,2000,1744150
NIFTY20OCT2217300PE.NFO,17/10/2022,09:22:46,211,212,50,212.5,400,6600,1744150
NIFTY20OCT2217300PE.NFO,17/10/2022,09:22:47,212.25,212.4,550,212.75,50,550,1744150
NIFTY20OCT2217300PE.NFO,17/10/2022,09:22:48,210,210,50,210.2,50,1250,1744150
NIFTY20OCT2217300PE.NFO,17/10/2022,09:22:49,209.75,210,200,210.3,50,1900,1744150
NIFTY20OCT2217300PE.NFO,17/10/2022,09:22:50,211.1,211.1,200,211.5,100,2150,1744150
NIFTY20OCT2217300PE.NFO,17/10/2022,09:22:51,211.5,211.35,750,211.75,150,1450,1744150
NIFTY20OCT2217300PE.NFO,17/10/2022,09:22:52,212.4,212.75,50,213.1,150,1150,1744150
NIFTY20OCT2217300PE.NFO,17/10/2022,09:22:53,213.75,212.65,150,213.1,200,800,1744150
NIFTY20OCT2217300PE.NFO,17/10/2022,09:22:55,213.65,213.1,150,213.65,100,1500,1744150
NIFTY20OCT2217300PE.NFO,17/10/2022,09:22:56,212.1,213.5,150,213.8,200,500,1744150
NIFTY20OCT2217300PE.NFO,17/10/2022,09:22:57,214.95,214.45,50,214.85,150,550,1744150
NIFTY20OCT2217300PE.NFO,17/10/2022,09:22:58,214.8,214.95,50,215.3,200,1400,1744150
NIFTY20OCT2217300PE.NFO,17/10/2022,09:22:59,215.3,215.15,200,215.65,150,1750,1744150
NIFTY20OCT2217300PE.NFO,17/10/2022,09:23:00,212.5,212,1000,212.45,250,10850,1744150
NIFTY20OCT2217300PE.NFO,17/10/2022,09:23:01,211.4,211.1,400,211.6,250,1700,1744150
NIFTY20OCT2217300PE.NFO,17/10/2022,09:23:03,212.1,212.15,50,212.55,50,5000,1744150
NIFTY20OCT2217300PE.NFO,17/10/2022,09:23:03,213.65,213.25,1000,213.7,50,700,1744150
NIFTY20OCT2217300PE.NFO,17/10/2022,09:23:05,215,214.75,150,215,150,500,1744150
NIFTY20OCT2217300PE.NFO,17/10/2022,09:23:06,213.75,213.85,150,214.2,50,3700,1744150
NIFTY20OCT2217300PE.NFO,17/10/2022,09:23:07,213,212.1,650,212.55,150,6600,1744150
NIFTY20OCT2217300PE.NFO,17/10/2022,09:23:08,212.25,212.25,50,212.75,550,200,1744150
NIFTY20OCT2217300PE.NFO,17/10/2022,09:23:09,212.25,212.6,200,213.05,50,0,1744150
NIFTY20OCT2217300PE.NFO,17/10/2022,09:23:10,212.95,213.3,150,213.55,50,500,1744150
NIFTY20OCT2217300PE.NFO,17/10/2022,09:23:11,214,214,200,214.45,150,3600,1744150
NIFTY20OCT2217300PE.NFO,17/10/2022,09:23:11,214.5,214.1,200,214.5,100,150,1744150
NIFTY20OCT2217300PE.NFO,17/10/2022,09:23:12,213.75,213.45,350,213.9,50,600,1744150
NIFTY20OCT2217300PE.NFO,17/10/2022,09:23:14,213.95,213.55,200,213.95,100,2000,1744150
NIFTY20OCT2217300PE.NFO,17/10/2022,09:23:15,212.45,212.7,600,213.15,50,1000,1744150
NIFTY20OCT2217300PE.NFO,17/10/2022,09:23:15,212.45,212.65,100,213.05,50,0,1744150
NIFTY20OCT2217300PE.NFO,17/10/2022,09:23:16,212.8,212.45,50,212.85,150,150,1744150
NIFTY20OCT2217300PE.NFO,17/10/2022,09:23:17,212,211.4,700,211.8,50,900,1744150
NIFTY20OCT2217300PE.NFO,17/10/2022,09:23:18,211.15,211.1,50,211.5,50,350,1744150
NIFTY20OCT2217300PE.NFO,17/10/2022,09:23:19,211.55,210.8,200,211.25,100,2800,1744150
NIFTY20OCT2217300PE.NFO,17/10/2022,09:23:20,209.7,209.45,150,209.9,50,4550,1744150
NIFTY20OCT2217300PE.NFO,17/10/2022,09:23:22,210.8,210.9,200,211.3,150,4650,1744150
NIFTY20OCT2217300PE.NFO,17/10/2022,09:23:23,212.5,212.55,50,212.8,50,1950,1744150
NIFTY20OCT2217300PE.NFO,17/10/2022,09:23:24,213.8,213.85,50,214,350,400,1744150
NIFTY20OCT2217300PE.NFO,17/10/2022,09:23:25,214.25,214.5,100,214.75,50,800,1744150
NIFTY20OCT2217300PE.NFO,17/10/2022,09:23:26,214.25,213.9,50,214.3,150,650,1744150
NIFTY20OCT2217300PE.NFO,17/10/2022,09:23:27,214.1,214.35,100,214.75,50,1850,1744150
NIFTY20OCT2217300PE.NFO,17/10/2022,09:23:28,216.45,216.35,100,216.75,150,1800,1774450
NIFTY20OCT2217300PE.NFO,17/10/2022,09:23:30,213.9,213.45,200,213.95,50,1400,1774450
NIFTY20OCT2217300PE.NFO,17/10/2022,09:23:31,213.8,214.9,50,215.2,50,200,1774450
NIFTY20OCT2217300PE.NFO,17/10/2022,09:23:32,214.25,214.5,250,215,200,800,1774450
NIFTY20OCT2217300PE.NFO,17/10/2022,09:23:33,213.6,213.2,150,213.75,50,450,1774450
NIFTY20OCT2217300PE.NFO,17/10/2022,09:23:33,213.6,213.25,150,213.6,50,0,1774450
NIFTY20OCT2217300PE.NFO,17/10/2022,09:23:34,213.35,213.3,50,213.7,50,150,1774450
NIFTY20OCT2217300PE.NFO,17/10/2022,09:23:35,215.45,215.2,100,215.65,150,700,1774450
NIFTY20OCT2217300PE.NFO,17/10/2022,09:23:36,214.8,215.45,150,215.75,50,150,1774450
NIFTY20OCT2217300PE.NFO,17/10/2022,09:23:38,214.5,214.05,50,214.45,100,1150,1774450
NIFTY20OCT2217300PE.NFO,17/10/2022,09:23:39,214.15,214.15,50,214.6,50,1500,1774450
NIFTY20OCT2217300PE.NFO,17/10/2022,09:23:39,215.05,214.4,200,214.7,50,2000,1774450
NIFTY20OCT2217300PE.NFO,17/10/2022,09:23:40,215.05,215.5,50,215.75,50,1550,1774450
NIFTY20OCT2217300PE.NFO,17/10/2022,09:23:41,216,215.65,50,216,250,350,1774450
NIFTY20OCT2217300PE.NFO,17/10/2022,09:23:42,216.45,216.1,150,216.65,200,900,1774450
NIFTY20OCT2217300PE.NFO,17/10/2022,09:23:43,216,215.9,50,216.35,900,1800,1774450
NIFTY20OCT2217300PE.NFO,17/10/2022,09:23:45,214.7,214.45,50,214.75,100,1200,1774450
NIFTY20OCT2217300PE.NFO,17/10/2022,09:23:46,215.8,215.3,100,215.7,50,300,1774450
NIFTY20OCT2217300PE.NFO,17/10/2022,09:23:47,216,215.25,100,215.65,250,3150,1774450
NIFTY20OCT2217300PE.NFO,17/10/2022,09:23:47,215,215,100,215.4,1050,1150,1774450
NIFTY20OCT2217300PE.NFO,17/10/2022,09:23:48,215.15,214.75,50,215.15,650,650,1774450
NIFTY20OCT2217300PE.NFO,17/10/2022,09:23:49,214.8,214.7,100,215.1,50,550,1774450
NIFTY20OCT2217300PE.NFO,17/10/2022,09:23:50,214.55,214.5,50,214.85,50,2900,1774450
NIFTY20OCT2217300PE.NFO,17/10/2022,09:23:52,212.95,212.55,50,213.05,300,3950,1774450
NIFTY20OCT2217300PE.NFO,17/10/2022,09:23:53,212.55,211.4,150,211.8,50,1700,1774450
NIFTY20OCT2217300PE.NFO,17/10/2022,09:23:54,212.75,212.9,50,213.3,100,400,1774450
NIFTY20OCT2217300PE.NFO,17/10/2022,09:23:55,213,212.65,50,213.05,50,600,1774450
NIFTY20OCT2217300PE.NFO,17/10/2022,09:23:55,212.8,212.25,50,212.75,50,100,1774450
NIFTY20OCT2217300PE.NFO,17/10/2022,09:23:56,213.6,213.15,100,213.55,200,700,1774450
NIFTY20OCT2217300PE.NFO,17/10/2022,09:23:58,212.25,212.7,50,213.15,100,550,1774450
NIFTY20OCT2217300PE.NFO,17/10/2022,09:23:59,213,212.85,350,213.1,50,150,1774450
NIFTY20OCT2217300PE.NFO,17/10/2022,09:24:00,214.05,213.9,50,214.3,150,600,1774450
NIFTY20OCT2217300PE.NFO,17/10/2022,09:24:00,214.35,213.9,300,214.35,100,300,1774450
NIFTY20OCT2217300PE.NFO,17/10/2022,09:24:01,211.5,211.4,50,211.85,100,1250,1774450
NIFTY20OCT2217300PE.NFO,17/10/2022,09:24:02,211.75,211.55,650,212,100,150,1774450
NIFTY20OCT2217300PE.NFO,17/10/2022,09:24:04,210,210,550,210.2,100,3850,1774450
NIFTY20OCT2217300PE.NFO,17/10/2022,09:24:05,210,209.85,100,210.25,150,1400,1774450
NIFTY20OCT2217300PE.NFO,17/10/2022,09:24:06,210.25,210.65,50,211.05,100,1450,1774450
NIFTY20OCT2217300PE.NFO,17/10/2022,09:24:07,209.25,209.05,50,209.5,150,1100,1774450
NIFTY20OCT2217300PE.NFO,17/10/2022,09:24:08,209.25,208.95,50,209.35,50,1550,1774450
NIFTY20OCT2217300PE.NFO,17/10/2022,09:24:09,210.3,210.45,200,210.9,100,2900,1774450
NIFTY20OCT2217300PE.NFO,17/10/2022,09:24:10,211.35,210.25,50,210.6,50,900,1774450
NIFTY20OCT2217300PE.NFO,17/10/2022,09:24:12,211.35,211.3,50,211.7,150,450,1774450
NIFTY20OCT2217300PE.NFO,17/10/2022,09:24:13,211,211.5,50,211.95,50,700,1774450
NIFTY20OCT2217300PE.NFO,17/10/2022,09:24:14,211.35,211.5,50,211.9,50,300,1774450
NIFTY20OCT2217300PE.NFO,17/10/2022,09:24:15,209.3,209.25,50,209.65,50,700,1774450
NIFTY20OCT2217300PE.NFO,17/10/2022,09:24:16,209.75,209.05,100,209.55,50,600,1774450
NIFTY20OCT2217300PE.NFO,17/10/2022,09:24:17,209.05,208.65,50,209.05,50,300,1774450
NIFTY20OCT2217300PE.NFO,17/10/2022,09:24:18,210.25,210.5,50,210.95,250,1450,1774450
NIFTY20OCT2217300PE.NFO,17/10/2022,09:24:19,210.6,210.65,50,211.05,150,100,1774450
NIFTY20OCT2217300PE.NFO,17/10/2022,09:24:20,210.9,210.55,50,210.75,150,100,1774450
NIFTY20OCT2217300PE.NFO,17/10/2022,09:24:22,209.7,209.45,50,209.65,50,1600,1774450
NIFTY20OCT2217300PE.NFO,17/10/2022,09:24:23,208.8,208.45,50,208.75,50,350,1774450
NIFTY20OCT2217300PE.NFO,17/10/2022,09:24:24,210,209.55,50,210.05,150,1200,1774450
NIFTY20OCT2217300PE.NFO,17/10/2022,09:24:25,209.55,208.8,50,209.2,50,600,1774450
NIFTY20OCT2217300PE.NFO,17/10/2022,09:24:25,209.1,208.7,150,209.2,1850,250,1774450
NIFTY20OCT2217300PE.NFO,17/10/2022,09:24:26,209.85,209.85,50,210.25,150,750,1774450
NIFTY20OCT2217300PE.NFO,17/10/2022,09:24:28,209.85,210.35,50,210.75,150,0,1774450
NIFTY20OCT2217300PE.NFO,17/10/2022,09:24:29,210.05,210.25,100,210.6,50,2100,1774450
NIFTY20OCT2217300PE.NFO,17/10/2022,09:24:30,209.25,208.85,50,209.3,250,1350,1774450
NIFTY20OCT2217300PE.NFO,17/10/2022,09:24:31,208.05,208.1,50,208.4,400,550,1774450
NIFTY20OCT2217300PE.NFO,17/10/2022,09:24:32,207.45,207.3,250,207.8,50,4100,1774450
NIFTY20OCT2217300PE.NFO,17/10/2022,09:24:33,207.05,206.5,50,206.9,50,2000,1774450
NIFTY20OCT2217300PE.NFO,17/10/2022,09:24:35,207,206.5,50,207,700,2450,1774450
NIFTY20OCT2217300PE.NFO,17/10/2022,09:24:36,207.6,206.6,50,207,200,350,1774450
NIFTY20OCT2217300PE.NFO,17/10/2022,09:24:37,206.45,206.35,150,206.85,100,1150,1774450
NIFTY20OCT2217300PE.NFO,17/10/2022,09:24:38,205.8,205.25,400,205.7,50,2900,1774450
NIFTY20OCT2217300PE.NFO,17/10/2022,09:24:39,206.05,206.8,50,207.3,150,450,1774450
NIFTY20OCT2217300PE.NFO,17/10/2022,09:24:41,207.5,208,750,208.35,50,1050,1774450
NIFTY20OCT2217300PE.NFO,17/10/2022,09:24:42,207.3,207.1,100,207.45,100,1450,1774450
NIFTY20OCT2217300PE.NFO,17/10/2022,09:24:43,207.6,207.25,100,207.65,50,200,1774450
NIFTY20OCT2217300PE.NFO,17/10/2022,09:24:44,208.05,207.45,150,207.9,400,750,1774450
NIFTY20OCT2217300PE.NFO,17/10/2022,09:24:45,207.55,207,150,207.4,100,1750,1774450
NIFTY20OCT2217300PE.NFO,17/10/2022,09:24:46,206.4,206.35,350,206.75,50,10150,1774450
NIFTY20OCT2217300PE.NFO,17/10/2022,09:24:47,208.2,208,250,208.2,150,600,1774450
NIFTY20OCT2217300PE.NFO,17/10/2022,09:24:48,207.25,206.7,100,207.15,200,450,1774450
NIFTY20OCT2217300PE.NFO,17/10/2022,09:24:49,206.75,206.45,50,206.75,50,950,1774450
NIFTY20OCT2217300PE.NFO,17/10/2022,09:24:49,207.1,206.6,100,207.05,150,4650,1774450
NIFTY20OCT2217300PE.NFO,17/10/2022,09:24:50,205.85,205.4,100,205.8,200,8100,1774450
NIFTY20OCT2217300PE.NFO,17/10/2022,09:24:52,205.7,205.65,100,206.05,100,450,1774450
NIFTY20OCT2217300PE.NFO,17/10/2022,09:24:52,208,207.95,50,208.3,150,900,1774450
NIFTY20OCT2217300PE.NFO,17/10/2022,09:24:54,206.55,206.15,100,206.65,150,5700,1774450
NIFTY20OCT2217300PE.NFO,17/10/2022,09:24:55,206.45,205.95,550,206.35,50,100,1774450
NIFTY20OCT2217300PE.NFO,17/10/2022,09:24:56,205.8,205.75,350,206.15,150,5750,1774450
NIFTY20OCT2217300PE.NFO,17/10/2022,09:24:56,206.35,206,50,206.4,150,650,1774450
NIFTY20OCT2217300PE.NFO,17/10/2022,09:24:58,206.75,206.15,50,206.6,150,3900,1774450
NIFTY20OCT2217300PE.NFO,17/10/2022,09:24:59,204.7,204.95,150,205.25,50,7750,1774450
NIFTY20OCT2217300PE.NFO,17/10/2022,09:25:00,204.5,204.1,100,204.4,50,950,1774450
NIFTY20OCT2217300PE.NFO,17/10/2022,09:25:01,203.4,203.45,50,203.8,100,3250,1774450
NIFTY20OCT2217300PE.NFO,17/10/2022,09:25:02,203.75,203.95,150,204.35,200,700,1774450
NIFTY20OCT2217300PE.NFO,17/10/2022,09:25:03,204.5,204.15,100,204.6,50,350,1774450
NIFTY20OCT2217300PE.NFO,17/10/2022,09:25:03,204.3,204.15,300,204.6,800,100,1774450
NIFTY20OCT2217300PE.NFO,17/10/2022,09:25:05,205.45,205,400,205.4,400,3750,1774450
NIFTY20OCT2217300PE.NFO,17/10/2022,09:25:06,206.85,206.6,300,206.85,100,5650,1774450
NIFTY20OCT2217300PE.NFO,17/10/2022,09:25:07,207.95,207.15,50,207.55,150,550,1774450
NIFTY20OCT2217300PE.NFO,17/10/2022,09:25:08,205.8,205.65,50,206,50,850,1774450
NIFTY20OCT2217300PE.NFO,17/10/2022,09:25:09,205.7,205.2,200,205.6,400,350,1774450
NIFTY20OCT2217300PE.NFO,17/10/2022,09:25:09,205.2,205.25,50,205.7,300,200,1774450
NIFTY20OCT2217300PE.NFO,17/10/2022,09:25:10,207.65,207,150,207.45,100,1750,1774450
NIFTY20OCT2217300PE.NFO,17/10/2022,09:25:12,208,208.3,200,208.7,50,2100,1774450
NIFTY20OCT2217300PE.NFO,17/10/2022,09:25:13,208.95,208.7,250,209.1,100,1950,1774450
NIFTY20OCT2217300PE.NFO,17/10/2022,09:25:14,209.25,209.05,350,209.5,50,1800,1774450
NIFTY20OCT2217300PE.NFO,17/10/2022,09:25:15,208.1,208.05,50,208.4,200,750,1774450
NIFTY20OCT2217300PE.NFO,17/10/2022,09:25:16,208.15,207.8,50,208.2,50,2700,1774450
NIFTY20OCT2217300PE.NFO,17/10/2022,09:25:18,208.7,208,50,208.3,200,850,1774450
NIFTY20OCT2217300PE.NFO,17/10/2022,09:25:18,208.2,207.5,350,208.05,150,150,1774450
NIFTY20OCT2217300PE.NFO,17/10/2022,09:25:20,207,206.55,150,206.9,200,1050,1774450
NIFTY20OCT2217300PE.NFO,17/10/2022,09:25:21,206.25,205.85,150,206.25,150,1300,1774450
NIFTY20OCT2217300PE.NFO,17/10/2022,09:25:21,206.25,205.85,50,206.25,50,0,1774450
NIFTY20OCT2217300PE.NFO,17/10/2022,09:25:22,205.8,206,150,206.4,400,2250,1774450
NIFTY20OCT2217300PE.NFO,17/10/2022,09:25:23,206.15,205.85,150,206.25,100,350,1774450
NIFTY20OCT2217300PE.NFO,17/10/2022,09:25:24,206.6,206.2,150,206.65,50,150,1774450
NIFTY20OCT2217300PE.NFO,17/10/2022,09:25:26,205.15,205.6,150,206,2100,1950,1774450
NIFTY20OCT2217300PE.NFO,17/10/2022,09:25:27,205.9,205.45,50,205.85,150,950,1774450
NIFTY20OCT2217300PE.NFO,17/10/2022,09:25:28,207.55,207.55,50,207.95,700,600,1774450
NIFTY20OCT2217300PE.NFO,17/10/2022,09:25:29,206.8,207.45,200,207.8,200,550,1774450
NIFTY20OCT2217300PE.NFO,17/10/2022,09:25:30,208.6,208.7,50,209,50,1850,1774450
NIFTY20OCT2217300PE.NFO,17/10/2022,09:25:31,208.6,208.4,50,208.85,100,3300,1774450
NIFTY20OCT2217300PE.NFO,17/10/2022,09:25:32,209.25,208.15,50,208.5,150,500,1774450
NIFTY20OCT2217300PE.NFO,17/10/2022,09:25:33,209,208.6,100,209,200,300,1774450
NIFTY20OCT2217300PE.NFO,17/10/2022,09:25:34,209.4,208.8,50,209.2,200,700,1774450
NIFTY20OCT2217300PE.NFO,17/10/2022,09:25:35,209.2,209.3,50,209.6,550,50,1774450
NIFTY20OCT2217300PE.NFO,17/10/2022,09:25:36,209.6,209.25,150,209.7,550,200,1774450
NIFTY20OCT2217300PE.NFO,17/10/2022,09:25:38,209.45,209,150,209.4,200,1450,1774450
NIFTY20OCT2217300PE.NFO,17/10/2022,09:25:39,210.1,210.05,100,210.45,150,2300,1774450
NIFTY20OCT2217300PE.NFO,17/10/2022,09:25:40,211.7,211.2,300,211.65,150,4100,1774450
NIFTY20OCT2217300PE.NFO,17/10/2022,09:25:41,211.1,210.75,150,211.15,100,300,1774450
NIFTY20OCT2217300PE.NFO,17/10/2022,09:25:42,211.65,211.8,50,212,700,2050,1774450
NIFTY20OCT2217300PE.NFO,17/10/2022,09:25:43,212.5,212.55,150,212.95,50,4350,1774450
NIFTY20OCT2217300PE.NFO,17/10/2022,09:25:45,210.2,210.15,150,210.5,150,3050,1774450
NIFTY20OCT2217300PE.NFO,17/10/2022,09:25:46,210.25,209.75,150,210.25,100,1200,1774450
NIFTY20OCT2217300PE.NFO,17/10/2022,09:25:47,210.45,210.4,300,210.9,250,1750,1774450
NIFTY20OCT2217300PE.NFO,17/10/2022,09:25:48,210,209.6,450,210.05,100,1450,1774450
NIFTY20OCT2217300PE.NFO,17/10/2022,09:25:48,210.1,209.4,300,209.9,100,50,1774450
NIFTY20OCT2217300PE.NFO,17/10/2022,09:25:49,211,210.4,250,210.85,250,1050,1774450
NIFTY20OCT2217300PE.NFO,17/10/2022,09:25:50,213,212.85,200,213.25,150,1900,1774450
NIFTY20OCT2217300PE.NFO,17/10/2022,09:25:52,213.35,213.05,100,213.4,100,850,1774450
NIFTY20OCT2217300PE.NFO,17/10/2022,09:25:53,213.55,213.65,50,213.8,150,600,1774450
NIFTY20OCT2217300PE.NFO,17/10/2022,09:25:54,214.1,213.8,400,214.2,150,450,1774450
NIFTY20OCT2217300PE.NFO,17/10/2022,09:25:55,212.8,212.4,200,212.85,350,3350,1774450
NIFTY20OCT2217300PE.NFO,17/10/2022,09:25:56,211,211,100,211.45,50,2500,1774450
NIFTY20OCT2217300PE.NFO,17/10/2022,09:25:57,209.9,209.45,50,209.9,100,2850,1774450
NIFTY20OCT2217300PE.NFO,17/10/2022,09:25:58,210.4,209.8,50,209.9,50,600,1774450
NIFTY20OCT2217300PE.NFO,17/10/2022,09:25:58,209.8,209.75,400,210.05,50,50,1774450
NIFTY20OCT2217300PE.NFO,17/10/2022,09:25:59,209.6,209.2,200,209.6,200,1150,1774450
NIFTY20OCT2217300PE.NFO,17/10/2022,09:26:01,209.95,210,50,210.2,200,2000,1774450
NIFTY20OCT2217300PE.NFO,17/10/2022,09:26:02,209.45,209.45,50,209.75,200,2050,1774450
NIFTY20OCT2217300PE.NFO,17/10/2022,09:26:03,209.9,209.95,150,210.3,50,1000,1774450
NIFTY20OCT2217300PE.NFO,17/10/2022,09:26:04,210.2,209.9,50,210.35,100,1700,1774450
NIFTY20OCT2217300PE.NFO,17/10/2022,09:26:05,210.2,210.3,150,210.7,250,450,1774450
NIFTY20OCT2217300PE.NFO,17/10/2022,09:26:06,210.25,209.75,200,210.2,200,2050,1774450
NIFTY20OCT2217300PE.NFO,17/10/2022,09:26:08,209.45,209.1,200,209.5,50,1800,1774450
NIFTY20OCT2217300PE.NFO,17/10/2022,09:26:09,208.9,209,50,209.4,150,1200,1774450
NIFTY20OCT2217300PE.NFO,17/10/2022,09:26:10,210.6,210.25,250,210.65,50,500,1774450
NIFTY20OCT2217300PE.NFO,17/10/2022,09:26:11,210.6,210.5,150,210.95,100,700,1774450
NIFTY20OCT2217300PE.NFO,17/10/2022,09:26:13,210.45,210.45,150,210.9,50,100,1774450
NIFTY20OCT2217300PE.NFO,17/10/2022,09:26:13,211.75,211.75,200,212,100,350,1774450
NIFTY20OCT2217300PE.NFO,17/10/2022,09:26:15,212.8,212.7,200,213.1,200,550,1774450
NIFTY20OCT2217300PE.NFO,17/10/2022,09:26:16,212.45,211.4,300,211.9,50,1950,1774450
NIFTY20OCT2217300PE.NFO,17/10/2022,09:26:17,212.35,211.25,100,211.65,50,150,1774450
NIFTY20OCT2217300PE.NFO,17/10/2022,09:26:17,211.05,211.05,200,211.55,150,50,1774450
NIFTY20OCT2217300PE.NFO,17/10/2022,09:26:18,211.65,212.1,50,212.5,100,200,1774450
NIFTY20OCT2217300PE.NFO,17/10/2022,09:26:19,211.7,211.5,150,211.95,100,850,1774450
NIFTY20OCT2217300PE.NFO,17/10/2022,09:26:21,212.1,211.65,50,212.05,50,150,1774450
NIFTY20OCT2217300PE.NFO,17/10/2022,09:26:22,212.25,211.95,350,212.3,150,100,1774450
NIFTY20OCT2217300PE.NFO,17/10/2022,09:26:23,213.2,212.75,50,213.15,150,550,1774450
NIFTY20OCT2217300PE.NFO,17/10/2022,09:26:24,213.65,213.3,650,213.65,50,550,1774450
NIFTY20OCT2217300PE.NFO,17/10/2022,09:26:25,213.25,213.3,450,213.65,100,700,1774450
NIFTY20OCT2217300PE.NFO,17/10/2022,09:26:25,213.25,213.4,400,213.7,50,0,1774450
NIFTY20OCT2217300PE.NFO,17/10/2022,09:26:27,214.3,213.9,50,214.3,150,1600,1774450
NIFTY20OCT2217300PE.NFO,17/10/2022,09:26:28,214.6,213.9,200,214.35,100,2150,1774450
NIFTY20OCT2217300PE.NFO,17/10/2022,09:26:29,213.6,213.15,50,213.6,550,100,1784900
NIFTY20OCT2217300PE.NFO,17/10/2022,09:26:30,213.9,213.55,50,213.85,150,850,1784900
NIFTY20OCT2217300PE.NFO,17/10/2022,09:26:31,214,213.8,100,214.05,350,1400,1784900
NIFTY20OCT2217300PE.NFO,17/10/2022,09:26:32,213.3,213.2,750,213.7,50,300,1784900
NIFTY20OCT2217300PE.NFO,17/10/2022,09:26:33,212.5,212.15,100,212.55,50,300,1784900
NIFTY20OCT2217300PE.NFO,17/10/2022,09:26:34,213.05,212.7,50,213.15,150,950,1784900
NIFTY20OCT2217300PE.NFO,17/10/2022,09:26:35,213.05,213.2,50,213.65,250,250,1784900
NIFTY20OCT2217300PE.NFO,17/10/2022,09:26:36,212.9,212.85,50,213.35,150,800,1784900
NIFTY20OCT2217300PE.NFO,17/10/2022,09:26:36,212.9,213.1,50,213.55,200,0,1784900
NIFTY20OCT2217300PE.NFO,17/10/2022,09:26:38,212.85,213.05,150,213.5,650,250,1784900
NIFTY20OCT2217300PE.NFO,17/10/2022,09:26:39,212.35,212.1,50,212.45,400,550,1784900
NIFTY20OCT2217300PE.NFO,17/10/2022,09:26:40,211.25,211.2,50,211.65,300,3750,1784900
NIFTY20OCT2217300PE.NFO,17/10/2022,09:26:41,212.05,212.15,250,212.55,200,850,1784900
NIFTY20OCT2217300PE.NFO,17/10/2022,09:26:41,212.05,211.95,50,212.35,350,0,1784900
NIFTY20OCT2217300PE.NFO,17/10/2022,09:26:42,212.25,212,450,212.3,300,850,1784900
NIFTY20OCT2217300PE.NFO,17/10/2022,09:26:43,212.75,212.55,50,213,300,1850,1784900
NIFTY20OCT2217300PE.NFO,17/10/2022,09:26:45,213.05,212.95,50,213.4,550,300,1784900
NIFTY20OCT2217300PE.NFO,17/10/2022,09:26:45,212.6,212.05,100,212.45,50,1600,1784900
NIFTY20OCT2217300PE.NFO,17/10/2022,09:26:47,212.55,212.5,100,212.85,150,500,1784900
NIFTY20OCT2217300PE.NFO,17/10/2022,09:26:48,213.45,213.05,100,213.45,50,1100,1784900
NIFTY20OCT2217300PE.NFO,17/10/2022,09:26:49,212.55,212.5,50,212.8,50,250,1784900
NIFTY20OCT2217300PE.NFO,17/10/2022,09:26:50,212.05,211.95,250,212.4,450,700,1784900
NIFTY20OCT2217300PE.NFO,17/10/2022,09:26:51,212.8,212.2,100,212.6,100,250,1784900
NIFTY20OCT2217300PE.NFO,17/10/2022,09:26:52,212.4,212.3,100,212.65,150,150,1784900
NIFTY20OCT2217300PE.NFO,17/10/2022,09:26:53,212.5,212.2,50,212.65,150,300,1784900
NIFTY20OCT2217300PE.NFO,17/10/2022,09:26:54,212.25,212.55,450,212.95,50,250,1784900
NIFTY20OCT2217300PE.NFO,17/10/2022,09:26:54,212.25,212.4,450,212.8,250,0,1784900
NIFTY20OCT2217300PE.NFO,17/10/2022,09:26:56,213,212.4,50,212.75,150,950,1784900
NIFTY20OCT2217300PE.NFO,17/10/2022,09:26:57,212.8,212.65,300,213.15,50,200,1784900
NIFTY20OCT2217300PE.NFO,17/10/2022,09:26:58,213.4,213,300,213.4,100,600,1784900
NIFTY20OCT2217300PE.NFO,17/10/2022,09:26:59,214.7,214.65,250,214.85,500,1150,1784900
NIFTY20OCT2217300PE.NFO,17/10/2022,09:27:00,215.95,215.7,200,215.95,50,5400,1784900
NIFTY20OCT2217300PE.NFO,17/10/2022,09:27:02,215.75,215.15,200,215.55,150,1850,1784900
NIFTY20OCT2217300PE.NFO,17/10/2022,09:27:03,215.65,215.7,450,216.15,100,850,1784900
NIFTY20OCT2217300PE.NFO,17/10/2022,09:27:04,215.2,215.25,400,215.75,50,2500,1784900
NIFTY20OCT2217300PE.NFO,17/10/2022,09:27:05,214.3,213.9,50,214.4,1000,350,1784900
NIFTY20OCT2217300PE.NFO,17/10/2022,09:27:06,214.4,214.2,250,214.6,100,500,1784900
NIFTY20OCT2217300PE.NFO,17/10/2022,09:27:07,214.85,214.85,50,215.3,250,250,1784900
NIFTY20OCT2217300PE.NFO,17/10/2022,09:27:08,215.3,215,1800,215.35,350,1200,1784900
NIFTY20OCT2217300PE.NFO,17/10/2022,09:27:09,215.7,215.15,50,215.65,50,1250,1784900
NIFTY20OCT2217300PE.NFO,17/10/2022,09:27:10,215.25,215.05,150,215.5,50,2350,1784900
NIFTY20OCT2217300PE.NFO,17/10/2022,09:27:11,215.05,215.2,550,215.65,100,350,1784900
NIFTY20OCT2217300PE.NFO,17/10/2022,09:27:12,215.55,215.05,100,215.6,450,300,1784900
NIFTY20OCT2217300PE.NFO,17/10/2022,09:27:13,214.35,214.35,100,214.85,50,750,1784900
NIFTY20OCT2217300PE.NFO,17/10/2022,09:27:14,215.5,215.15,450,215.6,50,2400,1784900
NIFTY20OCT2217300PE.NFO,17/10/2022,09:27:15,215.6,215.6,450,216,500,150,1784900
NIFTY20OCT2217300PE.NFO,17/10/2022,09:27:17,216.5,216.6,350,216.95,100,2850,1784900
NIFTY20OCT2217300PE.NFO,17/10/2022,09:27:18,217.75,217.65,50,217.95,100,500,1784900
NIFTY20OCT2217300PE.NFO,17/10/2022,09:27:19,217.5,217.55,50,217.95,100,1750,1784900
NIFTY20OCT2217300PE.NFO,17/10/2022,09:27:20,217.65,217.6,1700,218,550,600,1784900
NIFTY20OCT2217300PE.NFO,17/10/2022,09:27:21,217.95,217.55,100,218.05,250,1200,1784900
NIFTY20OCT2217300PE.NFO,17/10/2022,09:27:23,217.65,217,50,217.45,100,2850,1784900
NIFTY20OCT2217300PE.NFO,17/10/2022,09:27:24,216.95,216.4,100,216.95,400,3100,1784900
NIFTY20OCT2217300PE.NFO,17/10/2022,09:27:25,217.4,216.6,50,217.05,100,1450,1784900
NIFTY20OCT2217300PE.NFO,17/10/2022,09:27:26,217.45,217.1,100,217.5,1000,1650,1784900
NIFTY20OCT2217300PE.NFO,17/10/2022,09:27:27,217.4,217.4,900,217.9,50,1500,1784900
NIFTY20OCT2217300PE.NFO,17/10/2022,09:27:28,217.4,217.3,500,217.8,50,50,1784900
NIFTY20OCT2217300PE.NFO,17/10/2022,09:27:28,217.1,217.45,50,217.85,100,1500,1784900
NIFTY20OCT2217300PE.NFO,17/10/2022,09:27:30,217.75,217.15,100,217.65,50,400,1784900
NIFTY20OCT2217300PE.NFO,17/10/2022,09:27:31,217.75,217.35,100,217.8,150,300,1784900
NIFTY20OCT2217300PE.NFO,17/10/2022,09:27:32,217.95,217.45,50,217.8,150,450,1784900
NIFTY20OCT2217300PE.NFO,17/10/2022,09:27:33,217.95,217.4,100,217.85,50,1150,1784900
NIFTY20OCT2217300PE.NFO,17/10/2022,09:27:34,217.35,217,250,217.35,150,1000,1784900
NIFTY20OCT2217300PE.NFO,17/10/2022,09:27:35,215.7,215.3,150,215.65,50,3450,1784900
NIFTY20OCT2217300PE.NFO,17/10/2022,09:27:36,214.3,214.2,100,214.4,250,3150,1784900
NIFTY20OCT2217300PE.NFO,17/10/2022,09:27:37,214.75,215,150,215.15,50,1300,1784900
NIFTY20OCT2217300PE.NFO,17/10/2022,09:27:38,215.45,215.4,200,215.8,200,1400,1784900
NIFTY20OCT2217300PE.NFO,17/10/2022,09:27:40,215.05,214.9,50,215.3,250,450,1784900
NIFTY20OCT2217300PE.NFO,17/10/2022,09:27:41,213.9,213.9,250,214.1,50,650,1784900
NIFTY20OCT2217300PE.NFO,17/10/2022,09:27:42,212.65,212.45,50,212.9,700,1150,1784900
NIFTY20OCT2217300PE.NFO,17/10/2022,09:27:43,212.2,212.45,250,212.8,500,1150,1784900
NIFTY20OCT2217300PE.NFO,17/10/2022,09:27:44,212.3,212.3,50,212.7,200,2150,1784900
NIFTY20OCT2217300PE.NFO,17/10/2022,09:27:45,212,212.25,150,212.7,700,400,1784900
NIFTY20OCT2217300PE.NFO,17/10/2022,09:27:47,212.8,212.7,200,213.1,50,1650,1784900
NIFTY20OCT2217300PE.NFO,17/10/2022,09:27:48,213.7,213.2,50,213.65,50,450,1784900
NIFTY20OCT2217300PE.NFO,17/10/2022,09:27:49,215.4,215.1,500,215.5,150,950,1784900
NIFTY20OCT2217300PE.NFO,17/10/2022,09:27:50,216.95,217,50,217.3,50,2500,1784900
NIFTY20OCT2217300PE.NFO,17/10/2022,09:27:51,218,217.85,150,218,1650,700,1784900
NIFTY20OCT2217300PE.NFO,17/10/2022,09:27:52,218.2,218.1,50,218.35,50,1900,1784900
NIFTY20OCT2217300PE.NFO,17/10/2022,09:27:54,217.15,217.2,50,217.65,50,4150,1784900
NIFTY20OCT2217300PE.NFO,17/10/2022,09:27:55,217.5,216.55,200,217,100,400,1784900
NIFTY20OCT2217300PE.NFO,17/10/2022,09:27:56,218,217.6,50,218,50,1850,1784900
NIFTY20OCT2217300PE.NFO,17/10/2022,09:27:57,218,217.85,200,218.25,200,1050,1784900
NIFTY20OCT2217300PE.NFO,17/10/2022,09:27:58,217.9,217.3,200,217.7,300,2850,1784900
NIFTY20OCT2217300PE.NFO,17/10/2022,09:27:58,217.7,217.4,150,217.75,100,50,1784900
NIFTY20OCT2217300PE.NFO,17/10/2022,09:27:59,218.45,218.35,150,218.75,200,1600,1784900
NIFTY20OCT2217300PE.NFO,17/10/2022,09:28:00,218.6,218.6,200,219,1350,750,1784900
NIFTY20OCT2217300PE.NFO,17/10/2022,09:28:02,218.2,218.15,150,218.6,250,1750,1784900
NIFTY20OCT2217300PE.NFO,17/10/2022,09:28:03,218.6,218.45,200,218.9,50,300,1784900
NIFTY20OCT2217300PE.NFO,17/10/2022,09:28:04,219.15,218.8,150,219.2,50,900,1784900
NIFTY20OCT2217300PE.NFO,17/10/2022,09:28:05,219.3,219.1,600,219.55,50,2000,1784900
NIFTY20OCT2217300PE.NFO,17/10/2022,09:28:06,219.1,219.25,50,219.7,50,2400,1784900
NIFTY20OCT2217300PE.NFO,17/10/2022,09:28:07,220.15,220.1,50,220.25,50,6950,1784900
NIFTY20OCT2217300PE.NFO,17/10/2022,09:28:08,220.4,219.85,200,220.3,50,1700,1784900
NIFTY20OCT2217300PE.NFO,17/10/2022,09:28:10,219.95,219.8,50,220.15,50,2300,1784900
NIFTY20OCT2217300PE.NFO,17/10/2022,09:28:11,220.15,219.75,500,220.05,250,6250,1784900
NIFTY20OCT2217300PE.NFO,17/10/2022,09:28:12,220.3,219.7,50,220,50,5050,1784900
NIFTY20OCT2217300PE.NFO,17/10/2022,09:28:13,219.85,219.45,300,219.95,50,2300,1784900
NIFTY20OCT2217300PE.NFO,17/10/2022,09:28:14,220.45,220.65,100,221,2450,11150,1784900
NIFTY20OCT2217300PE.NFO,17/10/2022,09:28:15,221.15,221.3,150,221.55,100,7800,1784900
NIFTY20OCT2217300PE.NFO,17/10/2022,09:28:16,221.35,221.3,1000,221.5,50,250,1784900
NIFTY20OCT2217300PE.NFO,17/10/2022,09:28:17,221.95,221.75,100,222,200,4000,1784900
NIFTY20OCT2217300PE.NFO,17/10/2022,09:28:18,221.75,221.65,100,222.1,50,1050,1784900
NIFTY20OCT2217300PE.NFO,17/10/2022,09:28:19,222.25,222.2,250,222.55,50,800,1784900
NIFTY20OCT2217300PE.NFO,17/10/2022,09:28:20,222.7,222.55,150,222.9,50,1900,1784900
NIFTY20OCT2217300PE.NFO,17/10/2022,09:28:22,221.85,221.4,50,221.8,100,1200,1784900
NIFTY20OCT2217300PE.NFO,17/10/2022,09:28:23,221.95,221.7,200,222,1400,1000,1784900
NIFTY20OCT2217300PE.NFO,17/10/2022,09:28:24,222.15,222.1,100,222.3,100,1700,1784900
NIFTY20OCT2217300PE.NFO,17/10/2022,09:28:25,221.9,221.75,200,222,1000,450,1784900
NIFTY20OCT2217300PE.NFO,17/10/2022,09:28:26,222.35,221.95,150,222.35,50,5750,1784900
NIFTY20OCT2217300PE.NFO,17/10/2022,09:28:27,221.4,221.4,50,221.95,200,1100,1784900
NIFTY20OCT2217300PE.NFO,17/10/2022,09:28:28,221.6,221.35,200,221.65,100,1550,1784900
NIFTY20OCT2217300PE.NFO,17/10/2022,09:28:29,220.85,220.55,150,220.85,50,1150,1784900
NIFTY20OCT2217300PE.NFO,17/10/2022,09:28:30,220.25,220.1,200,220.55,100,2650,1784900
NIFTY20OCT2217300PE.NFO,17/10/2022,09:28:31,219.65,219.6,200,219.65,50,3350,1784900
NIFTY20OCT2217300PE.NFO,17/10/2022,09:28:32,219.15,218.7,100,219.05,50,3000,1784900
NIFTY20OCT2217300PE.NFO,17/10/2022,09:28:34,219.65,219,50,219.4,200,500,1784900
NIFTY20OCT2217300PE.NFO,17/10/2022,09:28:35,218,217.65,300,218.15,50,1400,1784900
NIFTY20OCT2217300PE.NFO,17/10/2022,09:28:36,219.45,219.3,450,219.85,100,1800,1784900
NIFTY20OCT2217300PE.NFO,17/10/2022,09:28:37,219.4,219.5,50,220.05,50,450,1784900
NIFTY20OCT2217300PE.NFO,17/10/2022,09:28:38,220.15,220.15,50,220.35,100,1350,1784900
NIFTY20OCT2217300PE.NFO,17/10/2022,09:28:39,219.95,219.9,50,220.25,100,1150,1784900
NIFTY20OCT2217300PE.NFO,17/10/2022,09:28:40,220.25,220.1,150,220.6,50,100,1784900
NIFTY20OCT2217300PE.NFO,17/10/2022,09:28:41,220.5,220.45,50,220.75,100,400,1784900
NIFTY20OCT2217300PE.NFO,17/10/2022,09:28:42,221.2,220.6,150,221.1,50,650,1784900
NIFTY20OCT2217300PE.NFO,17/10/2022,09:28:43,220.95,220.75,50,221.2,50,100,1784900
NIFTY20OCT2217300PE.NFO,17/10/2022,09:28:44,221.6,221.4,150,221.65,50,1350,1784900
NIFTY20OCT2217300PE.NFO,17/10/2022,09:28:45,221.6,221.65,200,222,1500,900,1784900
NIFTY20OCT2217300PE.NFO,17/10/2022,09:28:46,222,221.75,50,222,1400,1400,1784900
NIFTY20OCT2217300PE.NFO,17/10/2022,09:28:47,221.6,221.7,200,222,900,1450,1784900
NIFTY20OCT2217300PE.NFO,17/10/2022,09:28:48,223.6,223.25,150,223.7,2050,3400,1784900
NIFTY20OCT2217300PE.NFO,17/10/2022,09:28:49,223.8,223.95,150,224.35,50,4350,1784900
NIFTY20OCT2217300PE.NFO,17/10/2022,09:28:50,224.8,224.4,150,224.9,100,2300,1784900
NIFTY20OCT2217300PE.NFO,17/10/2022,09:28:51,224.95,225.1,50,225.3,200,6550,1784900
NIFTY20OCT2217300PE.NFO,17/10/2022,09:28:52,224.05,223.85,50,224.35,850,3100,1784900
NIFTY20OCT2217300PE.NFO,17/10/2022,09:28:54,227.7,227.25,50,227.8,400,7550,1784900
NIFTY20OCT2217300PE.NFO,17/10/2022,09:28:55,227.2,226.7,50,227.2,50,4450,1784900
NIFTY20OCT2217300PE.NFO,17/10/2022,09:28:56,226.7,226.55,50,227.15,250,2600,1784900
NIFTY20OCT2217300PE.NFO,17/10/2022,09:28:57,226.65,227.2,50,227.65,50,4500,1784900
NIFTY20OCT2217300PE.NFO,17/10/2022,09:28:58,228.35,227.8,550,228.45,150,4750,1784900
NIFTY20OCT2217300PE.NFO,17/10/2022,09:28:59,227.7,227.65,150,228.25,50,4200,1784900
NIFTY20OCT2217300PE.NFO,17/10/2022,09:29:01,228.55,228.2,50,228.8,50,900,1784900
NIFTY20OCT2217300PE.NFO,17/10/2022,09:29:02,227.8,227.85,150,228.45,300,2450,1784900
NIFTY20OCT2217300PE.NFO,17/10/2022,09:29:03,227.6,227.75,50,228.15,50,2700,1784900
NIFTY20OCT2217300PE.NFO,17/10/2022,09:29:04,228.1,228.1,200,228.6,350,1850,1784900
NIFTY20OCT2217300PE.NFO,17/10/2022,09:29:05,227.55,227.6,150,228.1,50,1750,1784900
NIFTY20OCT2217300PE.NFO,17/10/2022,09:29:06,228.4,228.05,200,228.4,500,850,1784900
NIFTY20OCT2217300PE.NFO,17/10/2022,09:29:08,228,227.7,50,228,150,1500,1784900
NIFTY20OCT2217300PE.NFO,17/10/2022,09:29:09,227.85,227.4,50,227.95,300,3950,1784900
NIFTY20OCT2217300PE.NFO,17/10/2022,09:29:10,227.15,227.55,150,227.95,500,600,1784900
NIFTY20OCT2217300PE.NFO,17/10/2022,09:29:11,227.35,227.1,350,227.7,50,2200,1784900
NIFTY20OCT2217300PE.NFO,17/10/2022,09:29:12,225.15,225.1,300,225.6,50,2350,1784900
NIFTY20OCT2217300PE.NFO,17/10/2022,09:29:13,225.4,225.05,50,225.5,50,3200,1784900
NIFTY20OCT2217300PE.NFO,17/10/2022,09:29:15,225.15,224.65,50,225.15,300,4900,1784900
NIFTY20OCT2217300PE.NFO,17/10/2022,09:29:16,225.15,225.1,50,225.65,50,2200,1784900
NIFTY20OCT2217300PE.NFO,17/10/2022,09:29:17,225.4,224.7,1250,225.3,100,1150,1784900
NIFTY20OCT2217300PE.NFO,17/10/2022,09:29:18,226.45,226.15,50,226.55,50,650,1784900
NIFTY20OCT2217300PE.NFO,17/10/2022,09:29:19,226.7,226.2,800,226.65,800,150,1784900
NIFTY20OCT2217300PE.NFO,17/10/2022,09:29:20,226.75,226.5,700,226.8,50,3850,1784900
NIFTY20OCT2217300PE.NFO,17/10/2022,09:29:21,226.8,226.75,100,227.2,150,1000,1784900
NIFTY20OCT2217300PE.NFO,17/10/2022,09:29:22,225.85,225.25,50,225.7,50,400,1784900
NIFTY20OCT2217300PE.NFO,17/10/2022,09:29:23,225.7,225.85,50,226.25,250,1700,1784900
NIFTY20OCT2217300PE.NFO,17/10/2022,09:29:25,227.1,226.85,50,227.25,600,2550,1784900
NIFTY20OCT2217300PE.NFO,17/10/2022,09:29:26,226.45,226.25,50,226.75,250,5350,1784900
NIFTY20OCT2217300PE.NFO,17/10/2022,09:29:27,228,227.55,50,228,500,4250,1784900
NIFTY20OCT2217300PE.NFO,17/10/2022,09:29:28,228.8,228.2,50,228.6,50,4250,1784900
NIFTY20OCT2217300PE.NFO,17/10/2022,09:29:29,228.7,228.25,1300,228.65,50,4450,1784900
NIFTY20OCT2217300PE.NFO,17/10/2022,09:29:30,227.8,227.7,450,228.25,200,2650,1799950
NIFTY20OCT2217300PE.NFO,17/10/2022,09:29:32,228.95,228.6,250,229.15,100,600,1799950
NIFTY20OCT2217300PE.NFO,17/10/2022,09:29:33,228.5,228.1,50,228.5,200,1550,1799950
NIFTY20OCT2217300PE.NFO,17/10/2022,09:29:34,228.8,228.25,50,228.75,50,1900,1799950
NIFTY20OCT2217300PE.NFO,17/10/2022,09:29:35,229.5,229.15,500,229.5,50,2500,1799950
NIFTY20OCT2217300PE.NFO,17/10/2022,09:29:37,229.65,229.25,50,229.6,50,800,1799950
NIFTY20OCT2217300PE.NFO,17/10/2022,09:29:38,229.25,229.5,350,229.75,50,1450,1799950
NIFTY20OCT2217300PE.NFO,17/10/2022,09:29:39,229.5,229.55,50,229.8,550,2150,1799950
NIFTY20OCT2217300PE.NFO,17/10/2022,09:29:40,229.3,229.25,50,229.65,50,1600,1799950
NIFTY20OCT2217300PE.NFO,17/10/2022,09:29:41,229.5,229.25,50,229.6,200,1150,1799950
NIFTY20OCT2217300PE.NFO,17/10/2022,09:29:42,229.05,228.4,50,228.9,650,2750,1799950
NIFTY20OCT2217300PE.NFO,17/10/2022,09:29:43,229.35,228.8,50,229.35,100,1950,1799950
NIFTY20OCT2217300PE.NFO,17/10/2022,09:29:44,229.2,228.8,50,229.35,50,4450,1799950
NIFTY20OCT2217300PE.NFO,17/10/2022,09:29:45,229,228.7,150,229,150,3800,1799950
NIFTY20OCT2217300PE.NFO,17/10/2022,09:29:46,229.5,229.4,50,229.95,100,4800,1799950
NIFTY20OCT2217300PE.NFO,17/10/2022,09:29:47,229.35,229.1,200,229.35,50,1700,1799950
NIFTY20OCT2217300PE.NFO,17/10/2022,09:29:48,229.55,229.5,400,229.9,50,1000,1799950
NIFTY20OCT2217300PE.NFO,17/10/2022,09:29:49,229.6,229.6,50,229.95,50,500,1799950
NIFTY20OCT2217300PE.NFO,17/10/2022,09:29:50,228.45,228.45,100,228.85,50,3200,1799950
NIFTY20OCT2217300PE.NFO,17/10/2022,09:29:51,228.9,228.35,50,228.65,50,1550,1799950
NIFTY20OCT2217300PE.NFO,17/10/2022,09:29:52,228.1,228.1,250,228.55,50,1400,1799950
NIFTY20OCT2217300PE.NFO,17/10/2022,09:29:53,228.15,228.15,50,228.55,50,600,1799950
NIFTY20OCT2217300PE.NFO,17/10/2022,09:29:54,228.15,228.25,150,228.75,50,4000,1799950
NIFTY20OCT2217300PE.NFO,17/10/2022,09:29:55,229.05,228.7,50,229.25,50,1900,1799950
NIFTY20OCT2217300PE.NFO,17/10/2022,09:29:56,228.3,228.15,150,228.7,50,1300,1799950
NIFTY20OCT2217300PE.NFO,17/10/2022,09:29:58,228.75,228.3,50,228.85,50,2200,1799950
NIFTY20OCT2217300PE.NFO,17/10/2022,09:29:59,228.25,228.4,50,228.85,50,2150,1799950
NIFTY20OCT2217300PE.NFO,17/10/2022,09:30:00,229.65,229.6,200,230,4050,3400,1799950
NIFTY20OCT2217300PE.NFO,17/10/2022,09:30:01,231,230.45,50,230.9,200,5550,1799950
NIFTY20OCT2217300PE.NFO,17/10/2022,09:30:02,230.7,230.65,150,230.95,50,2700,1799950
NIFTY20OCT2217300PE.NFO,17/10/2022,09:30:03,229.45,229.4,800,229.95,50,9000,1799950
NIFTY20OCT2217300PE.NFO,17/10/2022,09:30:04,230.45,230.3,50,230.75,550,4900,1799950
NIFTY20OCT2217300PE.NFO,17/10/2022,09:30:05,231.1,230.65,50,231.2,150,4400,1799950
NIFTY20OCT2217300PE.NFO,17/10/2022,09:30:06,230.25,230.2,100,230.45,50,6000,1799950
NIFTY20OCT2217300PE.NFO,17/10/2022,09:30:07,230.25,229.85,50,230.25,50,7850,1799950
NIFTY20OCT2217300PE.NFO,17/10/2022,09:30:08,231.1,230.55,100,231,50,1600,1799950
NIFTY20OCT2217300PE.NFO,17/10/2022,09:30:09,232,231.5,100,232.05,150,4150,1799950
NIFTY20OCT2217300PE.NFO,17/10/2022,09:30:11,233.85,233.25,100,233.75,100,13000,1799950
NIFTY20OCT2217300PE.NFO,17/10/2022,09:30:12,234.7,234.25,50,234.7,200,4850,1799950
NIFTY20OCT2217300PE.NFO,17/10/2022,09:30:13,235.05,235.05,50,235.45,200,7450,1799950
NIFTY20OCT2217300PE.NFO,17/10/2022,09:30:14,237,236.45,50,236.95,150,4750,1799950
NIFTY20OCT2217300PE.NFO,17/10/2022,09:30:16,238.05,238,450,238.7,50,9350,1799950
NIFTY20OCT2217300PE.NFO,17/10/2022,09:30:17,237.9,237.9,50,238.5,200,9850,1799950
NIFTY20OCT2217300PE.NFO,17/10/2022,09:30:19,237.95,237.4,200,237.9,50,5600,1799950
NIFTY20OCT2217300PE.NFO,17/10/2022,09:30:20,238.1,237.55,50,238.1,100,2850,1799950
NIFTY20OCT2217300PE.NFO,17/10/2022,09:30:21,237.45,237.55,50,238.15,200,4350,1799950
NIFTY20OCT2217300PE.NFO,17/10/2022,09:30:22,236.95,237,50,237.55,200,5700,1799950
NIFTY20OCT2217300PE.NFO,17/10/2022,09:30:23,237.15,236.8,50,237.15,100,2800,1799950
NIFTY20OCT2217300PE.NFO,17/10/2022,09:30:24,236.6,236.65,50,237.2,200,3200,1799950
NIFTY20OCT2217300PE.NFO,17/10/2022,09:30:26,237.8,237.2,50,237.7,50,3300,1799950
NIFTY20OCT2217300PE.NFO,17/10/2022,09:30:27,237.55,237,300,237.55,50,3300,1799950
NIFTY20OCT2217300PE.NFO,17/10/2022,09:30:28,237.9,236.85,200,237.35,100,4450,1799950
NIFTY20OCT2217300PE.NFO,17/10/2022,09:30:29,237.55,237.45,50,237.9,50,1450,1799950
NIFTY20OCT2217300PE.NFO,17/10/2022,09:30:30,237.45,237.5,50,237.9,50,3100,1799950
NIFTY20OCT2217300PE.NFO,17/10/2022,09:30:31,237.9,237.6,200,238,150,1050,1799950
NIFTY20OCT2217300PE.NFO,17/10/2022,09:30:32,237.85,237.55,200,238.05,150,4350,1799950
NIFTY20OCT2217300PE.NFO,17/10/2022,09:30:34,237.6,237.1,50,237.65,50,3850,1799950
NIFTY20OCT2217300PE.NFO,17/10/2022,09:30:35,237.9,237.6,200,238,650,4050,1799950
NIFTY20OCT2217300PE.NFO,17/10/2022,09:30:36,237.6,237.05,50,237.65,200,7800,1799950
NIFTY20OCT2217300PE.NFO,17/10/2022,09:30:37,237.85,237.6,100,238.2,100,1500,1799950
NIFTY20OCT2217300PE.NFO,17/10/2022,09:30:38,238,237.95,100,238.25,500,2750,1799950
NIFTY20OCT2217300PE.NFO,17/10/2022,09:30:39,238.2,237.6,600,238.25,450,3550,1799950
NIFTY20OCT2217300PE.NFO,17/10/2022,09:30:40,238.35,238.25,50,238.55,50,400,1799950
NIFTY20OCT2217300PE.NFO,17/10/2022,09:30:41,239.5,239.65,200,240,200,10850,1799950
NIFTY20OCT2217300PE.NFO,17/10/2022,09:30:43,241,240.95,50,241.35,100,5450,1799950
NIFTY20OCT2217300PE.NFO,17/10/2022,09:30:44,241.25,241.05,200,241.5,50,3850,1799950
NIFTY20OCT2217300PE.NFO,17/10/2022,09:30:45,240.3,239.9,50,240.55,50,7250,1799950
NIFTY20OCT2217300PE.NFO,17/10/2022,09:30:47,238.85,238.95,100,239.55,550,5850,1799950
NIFTY20OCT2217300PE.NFO,17/10/2022,09:30:48,239.45,239.4,100,239.85,50,3050,1799950
NIFTY20OCT2217300PE.NFO,17/10/2022,09:30:49,239.6,239.3,50,239.8,100,5050,1799950
NIFTY20OCT2217300PE.NFO,17/10/2022,09:30:50,238.85,239.05,50,239.6,50,3000,1799950
NIFTY20OCT2217300PE.NFO,17/10/2022,09:30:51,238.95,239.05,50,239.6,50,3300,1799950
NIFTY20OCT2217300PE.NFO,17/10/2022,09:30:52,239.25,238.95,150,239.2,50,2150,1799950
NIFTY20OCT2217300PE.NFO,17/10/2022,09:30:54,239.7,239.15,50,239.8,250,3300,1799950
NIFTY20OCT2217300PE.NFO,17/10/2022,09:30:55,239.8,239.1,550,239.7,50,2450,1799950
NIFTY20OCT2217300PE.NFO,17/10/2022,09:30:56,239.35,239.35,50,239.75,50,2400,1799950
NIFTY20OCT2217300PE.NFO,17/10/2022,09:30:57,240,239.95,150,240.4,200,2850,1799950
NIFTY20OCT2217300PE.NFO,17/10/2022,09:30:58,239.85,239.15,50,239.75,200,5400,1799950
NIFTY20OCT2217300PE.NFO,17/10/2022,09:30:59,239.4,238.8,50,239.25,50,3000,1799950
NIFTY20OCT2217300PE.NFO,17/10/2022,09:31:01,238.3,238.25,50,238.65,50,2200,1799950
NIFTY20OCT2217300PE.NFO,17/10/2022,09:31:02,237.95,237.9,100,238.25,200,4950,1799950
NIFTY20OCT2217300PE.NFO,17/10/2022,09:31:03,237.05,237.1,50,237.5,350,3300,1799950
NIFTY20OCT2217300PE.NFO,17/10/2022,09:31:04,236.35,236.55,50,237.1,200,6550,1799950
NIFTY20OCT2217300PE.NFO,17/10/2022,09:31:05,237.2,236.65,50,237.2,50,3200,1799950
NIFTY20OCT2217300PE.NFO,17/10/2022,09:31:06,236.3,236.2,150,236.65,50,7150,1799950
NIFTY20OCT2217300PE.NFO,17/10/2022,09:31:07,236.05,235.75,100,236.25,150,3650,1799950
NIFTY20OCT2217300PE.NFO,17/10/2022,09:31:08,237.5,237.05,100,237.5,500,4250,1799950
NIFTY20OCT2217300PE.NFO,17/10/2022,09:31:09,238,236.5,50,236.95,150,2950,1799950
NIFTY20OCT2217300PE.NFO,17/10/2022,09:31:11,236.05,235.55,50,236.15,150,2400,1799950
NIFTY20OCT2217300PE.NFO,17/10/2022,09:31:11,235.55,236.15,200,236.55,50,1200,1799950
NIFTY20OCT2217300PE.NFO,17/10/2022,09:31:13,235.55,235.7,50,236.3,50,3450,1799950
NIFTY20OCT2217300PE.NFO,17/10/2022,09:31:14,236.05,235.95,50,236.45,100,2250,1799950
NIFTY20OCT2217300PE.NFO,17/10/2022,09:31:15,235.4,235.5,50,236.1,400,2300,1799950
NIFTY20OCT2217300PE.NFO,17/10/2022,09:31:16,236.9,236.25,150,236.75,50,1750,1799950
NIFTY20OCT2217300PE.NFO,17/10/2022,09:31:17,236.8,236.05,150,236.7,200,3450,1799950
NIFTY20OCT2217300PE.NFO,17/10/2022,09:31:18,235.15,235.45,50,236,50,3050,1799950
NIFTY20OCT2217300PE.NFO,17/10/2022,09:31:19,236.05,235.7,50,236.2,200,1750,1799950
NIFTY20OCT2217300PE.NFO,17/10/2022,09:31:20,235.55,235.5,50,235.95,50,1550,1799950
NIFTY20OCT2217300PE.NFO,17/10/2022,09:31:21,235.5,235.5,50,236,50,1500,1799950
NIFTY20OCT2217300PE.NFO,17/10/2022,09:31:23,235.8,235.75,100,236.35,400,3150,1799950
NIFTY20OCT2217300PE.NFO,17/10/2022,09:31:24,237,236.9,50,237.35,50,2550,1799950
NIFTY20OCT2217300PE.NFO,17/10/2022,09:31:25,237.8,237.85,50,238.3,100,1400,1799950
NIFTY20OCT2217300PE.NFO,17/10/2022,09:31:26,239.7,239.4,250,239.8,100,1750,1799950
NIFTY20OCT2217300PE.NFO,17/10/2022,09:31:27,240.7,240.6,200,240.8,150,6350,1799950
NIFTY20OCT2217300PE.NFO,17/10/2022,09:31:29,241.3,241.1,50,241.6,50,5800,1799950
NIFTY20OCT2217300PE.NFO,17/10/2022,09:31:30,242.4,242.15,50,242.55,50,1050,1799950
NIFTY20OCT2217300PE.NFO,17/10/2022,09:31:31,243.5,243.2,250,243.45,50,3550,1799950
NIFTY20OCT2217300PE.NFO,17/10/2022,09:31:32,243.7,243.55,50,243.9,100,2150,1799950
NIFTY20OCT2217300PE.NFO,17/10/2022,09:31:33,243,242.75,150,243.3,50,4750,1799950
NIFTY20OCT2217300PE.NFO,17/10/2022,09:31:34,243.35,242.65,50,243.25,300,700,1799950
NIFTY20OCT2217300PE.NFO,17/10/2022,09:31:36,242.85,242.3,50,242.85,50,1650,1799950
NIFTY20OCT2217300PE.NFO,17/10/2022,09:31:37,241.8,241.1,50,241.7,50,1050,1799950
NIFTY20OCT2217300PE.NFO,17/10/2022,09:31:38,240.45,240.35,50,240.9,50,1600,1799950
NIFTY20OCT2217300PE.NFO,17/10/2022,09:31:39,241,241.85,50,242.35,50,100,1799950
NIFTY20OCT2217300PE.NFO,17/10/2022,09:31:40,242,242.1,200,242.55,50,3550,1799950
NIFTY20OCT2217300PE.NFO,17/10/2022,09:31:41,242.7,242.2,50,242.7,50,3500,1799950
NIFTY20OCT2217300PE.NFO,17/10/2022,09:31:43,243.5,243.05,50,243.6,700,2150,1799950
NIFTY20OCT2217300PE.NFO,17/10/2022,09:31:44,243.7,243.2,50,243.7,200,500,1799950
NIFTY20OCT2217300PE.NFO,17/10/2022,09:31:45,244.55,243.9,50,244.5,50,3000,1799950
NIFTY20OCT2217300PE.NFO,17/10/2022,09:31:46,244.05,244.05,200,244.65,50,3200,1799950
NIFTY20OCT2217300PE.NFO,17/10/2022,09:31:47,244.35,243.75,50,244.4,800,2800,1799950
NIFTY20OCT2217300PE.NFO,17/10/2022,09:31:48,245,244.6,550,245,6300,600,1799950
NIFTY20OCT2217300PE.NFO,17/10/2022,09:31:49,244.55,244.45,50,244.95,50,1050,1799950
NIFTY20OCT2217300PE.NFO,17/10/2022,09:31:50,244.6,244.5,200,244.95,50,500,1799950
NIFTY20OCT2217300PE.NFO,17/10/2022,09:31:51,245.7,245.1,50,245.6,50,7150,1799950
NIFTY20OCT2217300PE.NFO,17/10/2022,09:31:53,245.2,245.15,150,245.85,600,1350,1799950
NIFTY20OCT2217300PE.NFO,17/10/2022,09:31:54,244.15,244,100,244.35,50,1000,1799950
NIFTY20OCT2217300PE.NFO,17/10/2022,09:31:55,244.55,244,100,244.5,50,1900,1799950
NIFTY20OCT2217300PE.NFO,17/10/2022,09:31:56,244.25,244.3,50,244.85,50,700,1799950
NIFTY20OCT2217300PE.NFO,17/10/2022,09:31:57,244.1,244.05,200,244.45,100,1050,1799950
NIFTY20OCT2217300PE.NFO,17/10/2022,09:31:58,244.15,243.95,50,244.4,50,2950,1799950
NIFTY20OCT2217300PE.NFO,17/10/2022,09:31:59,244.7,244.35,250,245,350,550,1799950
NIFTY20OCT2217300PE.NFO,17/10/2022,09:32:01,244.35,244.35,50,244.85,50,3200,1799950
NIFTY20OCT2217300PE.NFO,17/10/2022,09:32:01,245,244.5,50,244.95,50,1900,1799950
NIFTY20OCT2217300PE.NFO,17/10/2022,09:32:03,244.85,244.9,350,245.15,50,2550,1799950
NIFTY20OCT2217300PE.NFO,17/10/2022,09:32:04,244.5,245.1,50,245.35,50,1250,1799950
NIFTY20OCT2217300PE.NFO,17/10/2022,09:32:06,244.15,243.7,50,244.25,400,2450,1799950
NIFTY20OCT2217300PE.NFO,17/10/2022,09:32:07,243.85,243.7,100,244.25,450,850,1799950
NIFTY20OCT2217300PE.NFO,17/10/2022,09:32:08,243.4,243.15,50,243.65,50,1050,1799950
NIFTY20OCT2217300PE.NFO,17/10/2022,09:32:08,243.15,243.2,50,243.7,150,50,1799950
NIFTY20OCT2217300PE.NFO,17/10/2022,09:32:09,242.85,242.9,250,243.35,50,2600,1799950
NIFTY20OCT2217300PE.NFO,17/10/2022,09:32:10,244,243.75,50,244.2,50,1150,1799950
NIFTY20OCT2217300PE.NFO,17/10/2022,09:32:11,245,244.7,650,245,200,1450,1799950
NIFTY20OCT2217300PE.NFO,17/10/2022,09:32:12,244.4,244.5,200,245,150,500,1799950
NIFTY20OCT2217300PE.NFO,17/10/2022,09:32:13,244.65,244.55,50,244.95,50,150,1799950
NIFTY20OCT2217300PE.NFO,17/10/2022,09:32:15,243.45,243.45,50,243.9,200,1400,1799950
NIFTY20OCT2217300PE.NFO,17/10/2022,09:32:16,243.4,243.5,350,244.15,450,1750,1799950
NIFTY20OCT2217300PE.NFO,17/10/2022,09:32:17,243.7,243.45,150,243.85,50,450,1799950
NIFTY20OCT2217300PE.NFO,17/10/2022,09:32:18,243.5,242.75,50,243.25,50,950,1799950
NIFTY20OCT2217300PE.NFO,17/10/2022,09:32:19,242.85,242.1,50,242.65,150,750,1799950
NIFTY20OCT2217300PE.NFO,17/10/2022,09:32:20,243.5,242.85,200,243.45,200,1000,1799950
NIFTY20OCT2217300PE.NFO,17/10/2022,09:32:21,242,242,550,242.5,50,200,1799950
NIFTY20OCT2217300PE.NFO,17/10/2022,09:32:22,243,242.4,150,242.95,50,4100,1799950
NIFTY20OCT2217300PE.NFO,17/10/2022,09:32:23,242.45,242.4,150,242.95,50,1750,1799950
NIFTY20OCT2217300PE.NFO,17/10/2022,09:32:24,243.3,242.35,200,242.9,200,500,1799950
NIFTY20OCT2217300PE.NFO,17/10/2022,09:32:26,243.5,243.55,100,243.95,100,1100,1799950
NIFTY20OCT2217300PE.NFO,17/10/2022,09:32:27,242.3,242.1,200,242.35,50,1400,1799950
NIFTY20OCT2217300PE.NFO,17/10/2022,09:32:28,241.85,241.65,100,242.1,50,900,1799950
NIFTY20OCT2217300PE.NFO,17/10/2022,09:32:29,241.7,241.5,250,241.85,50,1300,1799950
NIFTY20OCT2217300PE.NFO,17/10/2022,09:32:30,241.1,241.1,200,241.4,50,1950,1809500
NIFTY20OCT2217300PE.NFO,17/10/2022,09:32:31,241.3,240.75,50,241.3,650,450,1809500
NIFTY20OCT2217300PE.NFO,17/10/2022,09:32:32,240.95,241.1,250,241.65,50,700,1809500
NIFTY20OCT2217300PE.NFO,17/10/2022,09:32:33,242.75,242.15,50,242.75,150,1850,1809500
NIFTY20OCT2217300PE.NFO,17/10/2022,09:32:34,243.45,242.9,50,243.4,50,1400,1809500
NIFTY20OCT2217300PE.NFO,17/10/2022,09:32:35,242.9,242.9,50,243.35,50,550,1809500
NIFTY20OCT2217300PE.NFO,17/10/2022,09:32:37,242.95,242.8,200,243.2,50,300,1809500
NIFTY20OCT2217300PE.NFO,17/10/2022,09:32:38,242.1,241.6,150,242.1,50,1200,1809500
NIFTY20OCT2217300PE.NFO,17/10/2022,09:32:39,242.05,241.55,50,242.1,50,150,1809500
NIFTY20OCT2217300PE.NFO,17/10/2022,09:32:40,240.8,240.15,50,240.45,50,1350,1809500
NIFTY20OCT2217300PE.NFO,17/10/2022,09:32:41,239.05,239,50,239.5,50,5150,1809500
NIFTY20OCT2217300PE.NFO,17/10/2022,09:32:42,239.7,239.25,100,239.75,50,2550,1809500
NIFTY20OCT2217300PE.NFO,17/10/2022,09:32:43,240,239.65,50,240,1350,3450,1809500
NIFTY20OCT2217300PE.NFO,17/10/2022,09:32:44,238.9,238.9,150,239.15,50,300,1809500
NIFTY20OCT2217300PE.NFO,17/10/2022,09:32:46,238.3,238.15,150,238.65,50,1350,1809500
NIFTY20OCT2217300PE.NFO,17/10/2022,09:32:47,237.7,237.15,50,237.65,50,500,1809500
NIFTY20OCT2217300PE.NFO,17/10/2022,09:32:48,238.1,237.45,50,238,700,800,1809500
NIFTY20OCT2217300PE.NFO,17/10/2022,09:32:49,238.3,237.65,150,238.35,350,300,1809500
NIFTY20OCT2217300PE.NFO,17/10/2022,09:32:50,237.95,237.95,50,238.4,200,1300,1809500
NIFTY20OCT2217300PE.NFO,17/10/2022,09:32:51,238.7,238,50,238.55,100,500,1809500
NIFTY20OCT2217300PE.NFO,17/10/2022,09:32:52,239.15,238.7,400,239.25,50,2600,1809500
NIFTY20OCT2217300PE.NFO,17/10/2022,09:32:53,238.6,238.8,50,239.3,100,250,1809500
NIFTY20OCT2217300PE.NFO,17/10/2022,09:32:55,239.2,238.75,150,239.35,100,50,1809500
NIFTY20OCT2217300PE.NFO,17/10/2022,09:32:56,238.55,238.4,50,238.95,100,100,1809500
NIFTY20OCT2217300PE.NFO,17/10/2022,09:32:57,239.2,238.7,50,239.2,250,1000,1809500
NIFTY20OCT2217300PE.NFO,17/10/2022,09:32:58,238.7,238.4,200,238.9,200,500,1809500
NIFTY20OCT2217300PE.NFO,17/10/2022,09:32:59,239.3,239.05,200,239.35,50,1300,1809500
NIFTY20OCT2217300PE.NFO,17/10/2022,09:33:00,239.1,238.1,50,238.6,200,1350,1809500
NIFTY20OCT2217300PE.NFO,17/10/2022,09:33:01,238.7,238.55,50,239,50,1100,1809500
NIFTY20OCT2217300PE.NFO,17/10/2022,09:33:03,239.25,238.75,200,239.2,50,400,1809500
NIFTY20OCT2217300PE.NFO,17/10/2022,09:33:04,238.05,237.6,200,238.1,50,850,1809500
NIFTY20OCT2217300PE.NFO,17/10/2022,09:33:05,238.35,237.9,50,238.45,150,650,1809500
NIFTY20OCT2217300PE.NFO,17/10/2022,09:33:07,236.5,236.55,50,236.95,200,2650,1809500
NIFTY20OCT2217300PE.NFO,17/10/2022,09:33:08,236.2,236,100,236.35,100,250,1809500
NIFTY20OCT2217300PE.NFO,17/10/2022,09:33:09,235.9,235.5,150,235.85,50,600,1809500
NIFTY20OCT2217300PE.NFO,17/10/2022,09:33:10,235,234.9,150,235.2,50,1850,1809500
NIFTY20OCT2217300PE.NFO,17/10/2022,09:33:11,235.65,235.6,250,236.05,100,900,1809500
NIFTY20OCT2217300PE.NFO,17/10/2022,09:33:12,236.3,236.25,450,236.7,50,4800,1809500
NIFTY20OCT2217300PE.NFO,17/10/2022,09:33:14,236.5,236.75,200,237.15,50,800,1809500
NIFTY20OCT2217300PE.NFO,17/10/2022,09:33:15,236.7,236.85,50,237.15,50,1350,1809500
NIFTY20OCT2217300PE.NFO,17/10/2022,09:33:16,236.6,237,150,237.4,200,700,1809500
NIFTY20OCT2217300PE.NFO,17/10/2022,09:33:17,236.95,237.6,50,237.9,100,250,1809500
NIFTY20OCT2217300PE.NFO,17/10/2022,09:33:18,238.9,238.85,150,239,1250,1250,1809500
NIFTY20OCT2217300PE.NFO,17/10/2022,09:33:19,239.75,239.5,50,239.75,50,2550,1809500
NIFTY20OCT2217300PE.NFO,17/10/2022,09:33:20,240.3,240.1,50,240.25,100,3550,1809500
NIFTY20OCT2217300PE.NFO,17/10/2022,09:33:21,240.7,240.7,200,240.9,150,4450,1809500
NIFTY20OCT2217300PE.NFO,17/10/2022,09:33:22,240.2,240,50,240.4,50,1100,1809500
NIFTY20OCT2217300PE.NFO,17/10/2022,09:33:23,240,239.2,200,239.6,50,1200,1809500
NIFTY20OCT2217300PE.NFO,17/10/2022,09:33:25,239.5,239.25,50,239.6,300,1000,1809500
NIFTY20OCT2217300PE.NFO,17/10/2022,09:33:26,238.8,238.75,50,238.95,100,1300,1809500
NIFTY20OCT2217300PE.NFO,17/10/2022,09:33:27,239.1,238.45,50,238.9,150,1450,1809500
NIFTY20OCT2217300PE.NFO,17/10/2022,09:33:28,239.45,239.25,450,239.5,100,1950,1809500
NIFTY20OCT2217300PE.NFO,17/10/2022,09:33:28,239.45,239.3,200,239.65,100,300,1809500
NIFTY20OCT2217300PE.NFO,17/10/2022,09:33:29,239.65,239.65,50,239.8,100,750,1809500
NIFTY20OCT2217300PE.NFO,17/10/2022,09:33:30,239.7,239.7,200,239.9,100,700,1809500
NIFTY20OCT2217300PE.NFO,17/10/2022,09:33:32,239.7,239,350,239.45,100,1800,1809500
NIFTY20OCT2217300PE.NFO,17/10/2022,09:33:33,241,240.1,250,240.5,100,3250,1809500
NIFTY20OCT2217300PE.NFO,17/10/2022,09:33:34,240.1,239.95,50,240.2,100,350,1809500
NIFTY20OCT2217300PE.NFO,17/10/2022,09:33:35,240.35,240.4,550,240.7,100,950,1809500
NIFTY20OCT2217300PE.NFO,17/10/2022,09:33:36,240.6,240.7,200,240.9,100,500,1809500
NIFTY20OCT2217300PE.NFO,17/10/2022,09:33:36,240.9,240.9,50,241.1,150,400,1809500
NIFTY20OCT2217300PE.NFO,17/10/2022,09:33:37,240.9,240.95,450,241.35,100,2450,1809500
NIFTY20OCT2217300PE.NFO,17/10/2022,09:33:38,241.55,241.25,150,241.55,150,1750,1809500
NIFTY20OCT2217300PE.NFO,17/10/2022,09:33:40,239.3,239.4,50,239.8,50,2350,1809500
NIFTY20OCT2217300PE.NFO,17/10/2022,09:33:41,240.6,240,600,240.4,150,1800,1809500
NIFTY20OCT2217300PE.NFO,17/10/2022,09:33:42,240.95,240.4,150,240.75,150,3400,1809500
NIFTY20OCT2217300PE.NFO,17/10/2022,09:33:43,240.2,240.1,250,240.5,150,550,1809500
NIFTY20OCT2217300PE.NFO,17/10/2022,09:33:44,240.9,240.45,100,240.7,100,500,1809500
NIFTY20OCT2217300PE.NFO,17/10/2022,09:33:45,241.15,240.8,100,241.15,150,2950,1809500
NIFTY20OCT2217300PE.NFO,17/10/2022,09:33:46,241.3,240.95,50,241.2,250,750,1809500
NIFTY20OCT2217300PE.NFO,17/10/2022,09:33:47,241.3,241.2,750,241.45,150,600,1809500
NIFTY20OCT2217300PE.NFO,17/10/2022,09:33:49,240.95,240.7,150,241.15,150,1250,1809500
NIFTY20OCT2217300PE.NFO,17/10/2022,09:33:50,241.1,240.75,150,241.1,50,450,1809500
NIFTY20OCT2217300PE.NFO,17/10/2022,09:33:51,240.45,240.35,150,240.7,150,250,1809500
NIFTY20OCT2217300PE.NFO,17/10/2022,09:33:52,240.15,239.5,350,240,50,1700,1809500
NIFTY20OCT2217300PE.NFO,17/10/2022,09:33:53,238.75,238.05,50,238.4,150,1150,1809500
NIFTY20OCT2217300PE.NFO,17/10/2022,09:33:54,237.05,236.65,150,237.05,400,4300,1809500
NIFTY20OCT2217300PE.NFO,17/10/2022,09:33:55,236.45,236,650,236.45,100,700,1809500
NIFTY20OCT2217300PE.NFO,17/10/2022,09:33:56,235.7,235.4,1000,235.75,50,2250,1809500
NIFTY20OCT2217300PE.NFO,17/10/2022,09:33:57,235.4,235.4,700,235.55,50,350,1809500
NIFTY20OCT2217300PE.NFO,17/10/2022,09:33:58,235.8,235.5,750,235.8,50,2250,1809500
NIFTY20OCT2217300PE.NFO,17/10/2022,09:33:59,235.75,235.3,100,235.6,50,350,1809500
NIFTY20OCT2217300PE.NFO,17/10/2022,09:34:00,235.7,235.45,850,235.7,50,350,1809500
NIFTY20OCT2217300PE.NFO,17/10/2022,09:34:01,235.5,235.55,50,235.8,50,400,1809500
NIFTY20OCT2217300PE.NFO,17/10/2022,09:34:03,235.9,235.7,200,236,150,1200,1809500
NIFTY20OCT2217300PE.NFO,17/10/2022,09:34:04,236.45,236.3,250,236.5,150,900,1809500
NIFTY20OCT2217300PE.NFO,17/10/2022,09:34:05,238.8,238.7,200,239.2,50,5650,1809500
NIFTY20OCT2217300PE.NFO,17/10/2022,09:34:06,239.6,239.1,200,239.4,100,750,1809500
NIFTY20OCT2217300PE.NFO,17/10/2022,09:34:07,239.35,239,150,239.35,250,1050,1809500
NIFTY20OCT2217300PE.NFO,17/10/2022,09:34:07,239.35,239,50,239.3,50,0,1809500
NIFTY20OCT2217300PE.NFO,17/10/2022,09:34:08,239.05,239.1,1100,239.55,150,2400,1809500
NIFTY20OCT2217300PE.NFO,17/10/2022,09:34:09,239.6,239.3,200,239.85,150,200,1809500
NIFTY20OCT2217300PE.NFO,17/10/2022,09:34:10,240.7,240.35,50,240.7,100,1300,1809500
NIFTY20OCT2217300PE.NFO,17/10/2022,09:34:11,240.05,240,2000,240.6,150,6800,1809500
NIFTY20OCT2217300PE.NFO,17/10/2022,09:34:12,241.6,241.3,400,241.7,100,1350,1809500
NIFTY20OCT2217300PE.NFO,17/10/2022,09:34:14,242.9,242.7,200,242.9,50,4350,1809500
NIFTY20OCT2217300PE.NFO,17/10/2022,09:34:15,243,242.55,50,243,100,1850,1809500
NIFTY20OCT2217300PE.NFO,17/10/2022,09:34:16,242.4,242,50,242.35,150,650,1809500
NIFTY20OCT2217300PE.NFO,17/10/2022,09:34:17,242.65,242.1,50,242.6,150,400,1809500
NIFTY20OCT2217300PE.NFO,17/10/2022,09:34:18,242.05,242,350,242.5,150,850,1809500
NIFTY20OCT2217300PE.NFO,17/10/2022,09:34:18,242.5,241.9,150,242.4,200,400,1809500
NIFTY20OCT2217300PE.NFO,17/10/2022,09:34:19,241.4,241.05,150,241.5,150,850,1809500
NIFTY20OCT2217300PE.NFO,17/10/2022,09:34:21,240,239.6,150,240,100,350,1809500
NIFTY20OCT2217300PE.NFO,17/10/2022,09:34:22,239.5,239.75,50,240.25,150,200,1809500
NIFTY20OCT2217300PE.NFO,17/10/2022,09:34:23,239,239,500,239.45,200,1050,1809500
NIFTY20OCT2217300PE.NFO,17/10/2022,09:34:24,239.1,239,50,239.3,50,400,1809500
NIFTY20OCT2217300PE.NFO,17/10/2022,09:34:24,238.9,239.1,200,239.45,100,100,1809500
NIFTY20OCT2217300PE.NFO,17/10/2022,09:34:25,240,240.1,200,240.55,300,750,1809500
NIFTY20OCT2217300PE.NFO,17/10/2022,09:34:26,240,239.65,100,240.1,150,0,1809500
NIFTY20OCT2217300PE.NFO,17/10/2022,09:34:27,239.65,239.25,150,239.7,100,50,1809500
NIFTY20OCT2217300PE.NFO,17/10/2022,09:34:28,240,239.4,200,239.85,200,2800,1809500
NIFTY20OCT2217300PE.NFO,17/10/2022,09:34:30,238.2,237.5,100,237.95,100,900,1809500
NIFTY20OCT2217300PE.NFO,17/10/2022,09:34:31,237,236.8,250,237.35,50,4050,1809500
NIFTY20OCT2217300PE.NFO,17/10/2022,09:34:32,236.5,237.05,300,237.55,150,2050,1809500
NIFTY20OCT2217300PE.NFO,17/10/2022,09:34:33,237.95,237.9,100,238.4,100,2350,1809500
NIFTY20OCT2217300PE.NFO,17/10/2022,09:34:34,238.3,238.3,450,238.7,100,2350,1809500
NIFTY20OCT2217300PE.NFO,17/10/2022,09:34:35,238.15,238.15,100,238.6,100,2000,1809500
NIFTY20OCT2217300PE.NFO,17/10/2022,09:34:36,236.9,236.95,150,237.35,100,4750,1809500
NIFTY20OCT2217300PE.NFO,17/10/2022,09:34:37,238.35,237.9,300,238.3,100,600,1809500
NIFTY20OCT2217300PE.NFO,17/10/2022,09:34:38,238.6,238.65,150,239.05,100,2350,1809500
NIFTY20OCT2217300PE.NFO,17/10/2022,09:34:39,239.5,239.05,50,239.5,50,1150,1809500
NIFTY20OCT2217300PE.NFO,17/10/2022,09:34:41,239.55,239.45,100,239.8,100,1700,1809500
NIFTY20OCT2217300PE.NFO,17/10/2022,09:34:41,239.55,239.5,950,239.95,50,1750,1809500
NIFTY20OCT2217300PE.NFO,17/10/2022,09:34:43,239.9,239.5,700,239.9,100,200,1809500
NIFTY20OCT2217300PE.NFO,17/10/2022,09:34:44,240.05,239.95,150,240.3,50,700,1809500
NIFTY20OCT2217300PE.NFO,17/10/2022,09:34:45,240.75,240.55,100,241.05,200,2350,1809500
NIFTY20OCT2217300PE.NFO,17/10/2022,09:34:46,239.9,239.5,50,239.75,50,350,1809500
NIFTY20OCT2217300PE.NFO,17/10/2022,09:34:47,238.7,239.05,250,239.45,100,100,1809500
NIFTY20OCT2217300PE.NFO,17/10/2022,09:34:49,240.05,240.05,150,240.4,100,650,1809500
NIFTY20OCT2217300PE.NFO,17/10/2022,09:34:50,238.9,238.8,550,239.2,50,450,1809500
NIFTY20OCT2217300PE.NFO,17/10/2022,09:34:51,238.9,238.9,200,239.35,100,900,1809500
NIFTY20OCT2217300PE.NFO,17/10/2022,09:34:52,238.8,238.7,550,238.95,50,350,1809500
NIFTY20OCT2217300PE.NFO,17/10/2022,09:34:53,239.7,239.7,100,239.9,100,150,1809500
NIFTY20OCT2217300PE.NFO,17/10/2022,09:34:54,239.6,239.55,200,239.9,100,2250,1809500
NIFTY20OCT2217300PE.NFO,17/10/2022,09:34:55,239.7,239.35,150,239.75,100,850,1809500
NIFTY20OCT2217300PE.NFO,17/10/2022,09:34:57,238.75,238.85,50,239.3,50,250,1809500
NIFTY20OCT2217300PE.NFO,17/10/2022,09:34:58,239.3,239.05,50,239.35,150,500,1809500
NIFTY20OCT2217300PE.NFO,17/10/2022,09:34:59,239.15,238.65,150,239.15,50,1750,1809500
NIFTY20OCT2217300PE.NFO,17/10/2022,09:35:00,238.35,238.6,200,238.95,50,550,1809500
NIFTY20OCT2217300PE.NFO,17/10/2022,09:35:01,239.05,238.9,200,239.25,50,200,1809500
NIFTY20OCT2217300PE.NFO,17/10/2022,09:35:02,240.25,239.55,50,240.25,150,4500,1809500
NIFTY20OCT2217300PE.NFO,17/10/2022,09:35:03,239.2,239.2,150,239.7,100,4600,1809500
NIFTY20OCT2217300PE.NFO,17/10/2022,09:35:04,239.55,239,300,239.55,300,500,1809500
NIFTY20OCT2217300PE.NFO,17/10/2022,09:35:05,238.35,238.4,50,238.9,100,4350,1809500
NIFTY20OCT2217300PE.NFO,17/10/2022,09:35:07,237.95,237.9,300,238.35,50,3150,1809500
NIFTY20OCT2217300PE.NFO,17/10/2022,09:35:08,238.5,238.5,400,238.95,150,2900,1809500
NIFTY20OCT2217300PE.NFO,17/10/2022,09:35:09,238.9,238,50,238.35,200,350,1809500
NIFTY20OCT2217300PE.NFO,17/10/2022,09:35:10,238.95,238.2,200,238.6,50,1350,1809500
NIFTY20OCT2217300PE.NFO,17/10/2022,09:35:11,238.1,238,150,238.25,50,900,1809500
NIFTY20OCT2217300PE.NFO,17/10/2022,09:35:12,238.8,238.6,200,238.9,100,650,1809500
NIFTY20OCT2217300PE.NFO,17/10/2022,09:35:13,238,237.65,150,238,50,3300,1809500
NIFTY20OCT2217300PE.NFO,17/10/2022,09:35:14,237.65,237.3,100,237.65,50,1050,1809500
NIFTY20OCT2217300PE.NFO,17/10/2022,09:35:15,236,235.9,50,235.95,200,3750,1809500
NIFTY20OCT2217300PE.NFO,17/10/2022,09:35:16,235.75,235.7,150,235.95,50,1700,1809500
NIFTY20OCT2217300PE.NFO,17/10/2022,09:35:18,235.65,235.55,50,235.85,150,900,1809500
NIFTY20OCT2217300PE.NFO,17/10/2022,09:35:19,235.8,235.7,200,236,100,1500,1809500
NIFTY20OCT2217300PE.NFO,17/10/2022,09:35:20,236.1,236.1,50,236.15,100,3050,1809500
NIFTY20OCT2217300PE.NFO,17/10/2022,09:35:21,236.15,235.8,350,236.15,100,4550,1809500
NIFTY20OCT2217300PE.NFO,17/10/2022,09:35:22,236.35,236.3,650,236.7,250,8750,1809500
NIFTY20OCT2217300PE.NFO,17/10/2022,09:35:23,236.55,236.3,850,236.8,100,2800,1809500
NIFTY20OCT2217300PE.NFO,17/10/2022,09:35:24,237.05,237.2,200,237.6,100,2250,1809500
NIFTY20OCT2217300PE.NFO,17/10/2022,09:35:25,238.65,238.25,50,238.7,100,2000,1809500
NIFTY20OCT2217300PE.NFO,17/10/2022,09:35:26,240,239.7,100,240,800,3700,1809500
NIFTY20OCT2217300PE.NFO,17/10/2022,09:35:27,240.5,240.4,50,240.75,100,1200,1809500
NIFTY20OCT2217300PE.NFO,17/10/2022,09:35:28,240.05,240.5,600,240.8,1000,450,1809500
NIFTY20OCT2217300PE.NFO,17/10/2022,09:35:29,241.4,240.9,50,241.45,150,2750,1809500
NIFTY20OCT2217300PE.NFO,17/10/2022,09:35:31,240.95,240.35,50,240.8,150,200,1807850
NIFTY20OCT2217300PE.NFO,17/10/2022,09:35:32,239.55,239.25,100,239.65,50,650,1807850
NIFTY20OCT2217300PE.NFO,17/10/2022,09:35:33,238.75,238.7,350,238.9,50,250,1807850
NIFTY20OCT2217300PE.NFO,17/10/2022,09:35:34,238.5,238.25,100,238.65,50,1000,1807850
NIFTY20OCT2217300PE.NFO,17/10/2022,09:35:35,238.45,238.2,200,238.7,50,150,1807850
NIFTY20OCT2217300PE.NFO,17/10/2022,09:35:36,238.6,238.7,150,239.2,200,100,1807850
NIFTY20OCT2217300PE.NFO,17/10/2022,09:35:37,238.2,238.15,150,238.6,50,50,1807850
NIFTY20OCT2217300PE.NFO,17/10/2022,09:35:38,238.5,238,100,238.45,50,100,1807850
NIFTY20OCT2217300PE.NFO,17/10/2022,09:35:40,238.25,238.15,100,238.5,50,50,1807850
NIFTY20OCT2217300PE.NFO,17/10/2022,09:35:41,237.35,236.75,50,237,50,200,1807850
NIFTY20OCT2217300PE.NFO,17/10/2022,09:35:42,237.35,237.3,150,237.8,50,50,1807850
NIFTY20OCT2217300PE.NFO,17/10/2022,09:35:43,237.8,237.2,100,237.7,200,100,1807850
NIFTY20OCT2217300PE.NFO,17/10/2022,09:35:44,237.4,237.7,550,238.15,50,150,1807850
NIFTY20OCT2217300PE.NFO,17/10/2022,09:35:45,237.4,237.6,50,238.05,50,0,1807850
NIFTY20OCT2217300PE.NFO,17/10/2022,09:35:46,238.25,237.9,200,238.25,1750,150,1807850
NIFTY20OCT2217300PE.NFO,17/10/2022,09:35:46,238.2,238,400,238.25,1750,100,1807850
NIFTY20OCT2217300PE.NFO,17/10/2022,09:35:48,237.65,238.1,100,238.55,50,3100,1807850
NIFTY20OCT2217300PE.NFO,17/10/2022,09:35:49,238.95,238.7,150,239.2,100,50,1807850
NIFTY20OCT2217300PE.NFO,17/10/2022,09:35:50,238.1,237.65,150,238.1,100,1900,1807850
NIFTY20OCT2217300PE.NFO,17/10/2022,09:35:51,238.1,237.9,200,238.4,50,50,1807850
NIFTY20OCT2217300PE.NFO,17/10/2022,09:35:52,237.5,237.05,300,237.5,50,700,1807850
NIFTY20OCT2217300PE.NFO,17/10/2022,09:35:53,236.7,236.3,200,236.75,50,600,1807850
NIFTY20OCT2217300PE.NFO,17/10/2022,09:35:55,236.05,236.1,200,236.6,50,1250,1807850
NIFTY20OCT2217300PE.NFO,17/10/2022,09:35:56,235,234.4,100,234.8,100,4900,1807850
NIFTY20OCT2217300PE.NFO,17/10/2022,09:35:57,234,234,150,234.2,50,600,1807850
NIFTY20OCT2217300PE.NFO,17/10/2022,09:35:58,233.6,233,150,233.4,150,2300,1807850
NIFTY20OCT2217300PE.NFO,17/10/2022,09:36:00,231.05,231.1,150,231.55,100,6350,1807850
NIFTY20OCT2217300PE.NFO,17/10/2022,09:36:01,230.1,230.1,1200,230.25,100,2450,1807850
NIFTY20OCT2217300PE.NFO,17/10/2022,09:36:02,230.9,230.9,150,231.35,100,5600,1807850
NIFTY20OCT2217300PE.NFO,17/10/2022,09:36:03,231.8,231.75,150,232.2,100,1150,1807850
NIFTY20OCT2217300PE.NFO,17/10/2022,09:36:04,230.4,230.7,50,230.75,100,400,1807850
NIFTY20OCT2217300PE.NFO,17/10/2022,09:36:04,230.7,230.9,200,231.3,100,100,1807850
NIFTY20OCT2217300PE.NFO,17/10/2022,09:36:05,231.1,230.75,100,231.2,50,1650,1807850
NIFTY20OCT2217300PE.NFO,17/10/2022,09:36:07,229.45,229.3,50,229.7,100,2350,1807850
NIFTY20OCT2217300PE.NFO,17/10/2022,09:36:08,229.45,229.5,200,230,150,500,1807850
NIFTY20OCT2217300PE.NFO,17/10/2022,09:36:09,229.35,229.25,250,229.75,50,1650,1807850
NIFTY20OCT2217300PE.NFO,17/10/2022,09:36:10,227.95,227.85,50,228.25,50,4000,1807850
NIFTY20OCT2217300PE.NFO,17/10/2022,09:36:11,227.75,227.65,50,228.1,50,1700,1807850
NIFTY20OCT2217300PE.NFO,17/10/2022,09:36:12,228.1,228.05,50,228.35,50,3250,1807850
NIFTY20OCT2217300PE.NFO,17/10/2022,09:36:14,228.3,227.75,50,228.25,200,4250,1807850
NIFTY20OCT2217300PE.NFO,17/10/2022,09:36:15,227.75,227.45,300,227.75,50,1050,1807850
NIFTY20OCT2217300PE.NFO,17/10/2022,09:36:16,227.75,227.7,200,228.1,50,2050,1807850
NIFTY20OCT2217300PE.NFO,17/10/2022,09:36:17,227.75,227.7,150,227.95,100,450,1807850
NIFTY20OCT2217300PE.NFO,17/10/2022,09:36:18,228.15,228.35,50,228.8,50,1700,1807850
NIFTY20OCT2217300PE.NFO,17/10/2022,09:36:19,228.2,228.4,50,228.9,200,1100,1807850
NIFTY20OCT2217300PE.NFO,17/10/2022,09:36:20,227,227.05,50,227.45,100,1300,1807850
NIFTY20OCT2217300PE.NFO,17/10/2022,09:36:21,226.25,226.25,50,226.7,100,1850,1807850
NIFTY20OCT2217300PE.NFO,17/10/2022,09:36:23,225.95,225.75,50,226.1,50,1800,1807850
NIFTY20OCT2217300PE.NFO,17/10/2022,09:36:24,225.9,225.9,250,226.4,50,1200,1807850
NIFTY20OCT2217300PE.NFO,17/10/2022,09:36:25,225.5,225.2,50,225.55,250,2750,1807850
NIFTY20OCT2217300PE.NFO,17/10/2022,09:36:26,224,224.1,200,224.55,50,5700,1807850
NIFTY20OCT2217300PE.NFO,17/10/2022,09:36:27,224.85,224.6,150,225.05,100,1350,1807850
NIFTY20OCT2217300PE.NFO,17/10/2022,09:36:28,225.25,224.6,50,225.15,200,5400,1807850
NIFTY20OCT2217300PE.NFO,17/10/2022,09:36:29,225.9,225.5,100,225.7,50,800,1807850
NIFTY20OCT2217300PE.NFO,17/10/2022,09:36:30,225.5,225.55,100,226,150,800,1807850
NIFTY20OCT2217300PE.NFO,17/10/2022,09:36:31,226.85,226.35,200,226.8,50,2550,1807850
NIFTY20OCT2217300PE.NFO,17/10/2022,09:36:32,227.9,227,500,227.3,50,3100,1807850
NIFTY20OCT2217300PE.NFO,17/10/2022,09:36:33,227,226.95,250,227.35,50,600,1807850
NIFTY20OCT2217300PE.NFO,17/10/2022,09:36:34,227.5,227.25,300,227.7,200,2100,1807850
NIFTY20OCT2217300PE.NFO,17/10/2022,09:36:35,226.85,226.9,50,227.2,100,400,1807850
NIFTY20OCT2217300PE.NFO,17/10/2022,09:36:36,228,227.3,450,227.75,100,3700,1807850
NIFTY20OCT2217300PE.NFO,17/10/2022,09:36:38,227.95,228.1,100,228.6,100,4550,1807850
NIFTY20OCT2217300PE.NFO,17/10/2022,09:36:39,227.5,227.25,50,227.45,50,1900,1807850
NIFTY20OCT2217300PE.NFO,17/10/2022,09:36:40,227.6,227.6,100,228.05,100,1550,1807850
NIFTY20OCT2217300PE.NFO,17/10/2022,09:36:41,227.55,227.55,50,227.9,50,1200,1807850
NIFTY20OCT2217300PE.NFO,17/10/2022,09:36:42,228.2,228.75,100,229.2,50,1200,1807850
NIFTY20OCT2217300PE.NFO,17/10/2022,09:36:43,228.6,228.6,450,228.9,50,100,1807850
NIFTY20OCT2217300PE.NFO,17/10/2022,09:36:44,227.5,227.55,9150,228.1,50,350,1807850
NIFTY20OCT2217300PE.NFO,17/10/2022,09:36:45,226.45,226.7,50,227.15,100,10550,1807850
NIFTY20OCT2217300PE.NFO,17/10/2022,09:36:46,226.8,226.25,100,226.7,50,50,1807850
NIFTY20OCT2217300PE.NFO,17/10/2022,09:36:48,225.3,225.75,250,226.2,250,2800,1807850
NIFTY20OCT2217300PE.NFO,17/10/2022,09:36:49,225.8,225.65,50,226,50,650,1807850
NIFTY20OCT2217300PE.NFO,17/10/2022,09:36:50,224.8,224.8,150,225.25,100,4450,1807850
NIFTY20OCT2217300PE.NFO,17/10/2022,09:36:50,224.75,224.75,1900,225.3,50,550,1807850
NIFTY20OCT2217300PE.NFO,17/10/2022,09:36:51,224.5,224.25,100,224.7,150,650,1807850
NIFTY20OCT2217300PE.NFO,17/10/2022,09:36:53,223.75,223.15,200,223.5,50,2350,1807850
NIFTY20OCT2217300PE.NFO,17/10/2022,09:36:54,223.25,222.95,150,223.4,50,2250,1807850
NIFTY20OCT2217300PE.NFO,17/10/2022,09:36:55,221.45,221,50,221.4,50,3300,1807850
NIFTY20OCT2217300PE.NFO,17/10/2022,09:36:56,220.7,220.7,100,221.2,200,2500,1807850
NIFTY20OCT2217300PE.NFO,17/10/2022,09:36:57,222.05,221.75,100,222.25,50,8300,1807850
NIFTY20OCT2217300PE.NFO,17/10/2022,09:36:58,220.95,220.8,300,221.4,550,3750,1807850
NIFTY20OCT2217300PE.NFO,17/10/2022,09:37:00,221.45,221.75,50,222.3,50,8800,1807850
NIFTY20OCT2217300PE.NFO,17/10/2022,09:37:01,222.65,223,100,223.4,50,5550,1807850
NIFTY20OCT2217300PE.NFO,17/10/2022,09:37:02,223.2,223.15,50,223.65,50,2850,1807850
NIFTY20OCT2217300PE.NFO,17/10/2022,09:37:03,223.15,222.5,150,222.95,50,3400,1807850
NIFTY20OCT2217300PE.NFO,17/10/2022,09:37:04,224,224.2,50,224.6,200,1150,1807850
NIFTY20OCT2217300PE.NFO,17/10/2022,09:37:06,223.05,223.1,150,223.4,200,450,1807850
NIFTY20OCT2217300PE.NFO,17/10/2022,09:37:07,222.45,222.25,50,222.75,100,900,1807850
NIFTY20OCT2217300PE.NFO,17/10/2022,09:37:08,222,222.45,250,222.9,100,250,1807850
NIFTY20OCT2217300PE.NFO,17/10/2022,09:37:09,223.85,223.8,250,223.9,50,10450,1807850
NIFTY20OCT2217300PE.NFO,17/10/2022,09:37:10,223.9,223.8,250,224.2,150,550,1807850
NIFTY20OCT2217300PE.NFO,17/10/2022,09:37:11,224.65,224,50,224.5,50,50,1807850
NIFTY20OCT2217300PE.NFO,17/10/2022,09:37:12,224.5,224.05,150,224.5,100,1250,1807850
NIFTY20OCT2217300PE.NFO,17/10/2022,09:37:13,225.35,224.8,50,225.35,50,150,1807850
NIFTY20OCT2217300PE.NFO,17/10/2022,09:37:14,224.9,224.6,50,225.1,50,300,1807850
NIFTY20OCT2217300PE.NFO,17/10/2022,09:37:16,224.05,223.8,150,224.1,50,2700,1807850
NIFTY20OCT2217300PE.NFO,17/10/2022,09:37:17,223.8,223.45,100,223.85,100,550,1807850
NIFTY20OCT2217300PE.NFO,17/10/2022,09:37:18,223.95,223.6,100,223.9,50,600,1807850
NIFTY20OCT2217300PE.NFO,17/10/2022,09:37:19,224.9,224.65,200,225,200,850,1807850
NIFTY20OCT2217300PE.NFO,17/10/2022,09:37:20,225.9,225.55,100,225.9,100,350,1807850
NIFTY20OCT2217300PE.NFO,17/10/2022,09:37:22,228.8,228.35,150,228.8,150,2250,1807850
NIFTY20OCT2217300PE.NFO,17/10/2022,09:37:23,228.95,228.35,50,228.85,50,500,1807850
NIFTY20OCT2217300PE.NFO,17/10/2022,09:37:24,228.8,228.8,450,228.85,50,3400,1807850
NIFTY20OCT2217300PE.NFO,17/10/2022,09:37:25,229,228.75,50,229.1,200,5450,1807850
NIFTY20OCT2217300PE.NFO,17/10/2022,09:37:26,230,229.9,50,230.4,100,3200,1807850
NIFTY20OCT2217300PE.NFO,17/10/2022,09:37:28,231.65,231.05,100,231.5,150,2050,1807850
NIFTY20OCT2217300PE.NFO,17/10/2022,09:37:29,232,231.85,50,232.35,250,2100,1807850
NIFTY20OCT2217300PE.NFO,17/10/2022,09:37:30,231.7,231.65,100,231.95,250,1100,1807850
NIFTY20OCT2217300PE.NFO,17/10/2022,09:37:31,231,231.05,350,231.6,50,5200,1807850
NIFTY20OCT2217300PE.NFO,17/10/2022,09:37:32,231.6,230.9,50,231.25,150,750,1807850
NIFTY20OCT2217300PE.NFO,17/10/2022,09:37:34,231.5,231.45,50,231.85,250,450,1807850
NIFTY20OCT2217300PE.NFO,17/10/2022,09:37:35,232,231.2,50,231.7,50,1150,1807850
NIFTY20OCT2217300PE.NFO,17/10/2022,09:37:36,230.7,230.3,100,230.65,50,5750,1807850
NIFTY20OCT2217300PE.NFO,17/10/2022,09:37:37,230,230,250,230.35,50,650,1807850
NIFTY20OCT2217300PE.NFO,17/10/2022,09:37:37,230,230,50,230.5,250,250,1807850
NIFTY20OCT2217300PE.NFO,17/10/2022,09:37:39,230.9,230.5,50,231,50,500,1807850
NIFTY20OCT2217300PE.NFO,17/10/2022,09:37:40,233,233,200,233.25,150,7450,1807850
