Ticker,Date,Time,LTP,BuyPrice,BuyQty,SellPrice,SellQty,LTQ,OpenInterest
NIFTY20OCT2217300CE.NFO,17/10/2022,09:15:00,90.1,60.9,450,66.8,350,6750,4572400
NIFTY20OCT2217300CE.NFO,17/10/2022,09:15:00,90.1,60.9,450,66.8,350,0,4572400
NIFTY20OCT2217300CE.NFO,17/10/2022,09:15:00,120,60.9,450,66.8,350,0,4572400
NIFTY20OCT2217300CE.NFO,17/10/2022,09:15:00,60.85,60.9,450,66.8,350,0,4572400
NIFTY20OCT2217300CE.NFO,17/10/2022,09:15:01,61.7,61.55,50,62.35,400,16450,4572400
NIFTY20OCT2217300CE.NFO,17/10/2022,09:15:01,60.7,61.55,50,62.35,400,0,4572400
NIFTY20OCT2217300CE.NFO,17/10/2022,09:15:03,64.45,64.5,150,65.5,400,19200,4572400
NIFTY20OCT2217300CE.NFO,17/10/2022,09:15:04,63.3,62.8,450,63.3,50,37450,4572400
NIFTY20OCT2217300CE.NFO,17/10/2022,09:15:04,60.5,62.8,450,63.3,50,0,4572400
NIFTY20OCT2217300CE.NFO,17/10/2022,09:15:06,65.05,64.9,400,65.4,100,33350,4572400
NIFTY20OCT2217300CE.NFO,17/10/2022,09:15:07,65.4,65.4,50,65.6,50,27500,4572400
NIFTY20OCT2217300CE.NFO,17/10/2022,09:15:08,65,65,100,65.05,150,38000,4572400
NIFTY20OCT2217300CE.NFO,17/10/2022,09:15:09,65.2,65.3,250,65.55,50,17600,4572400
NIFTY20OCT2217300CE.NFO,17/10/2022,09:15:10,64.95,65.05,350,65.3,400,26900,4572400
NIFTY20OCT2217300CE.NFO,17/10/2022,09:15:11,64.75,64.75,100,65.1,150,20600,4572400
NIFTY20OCT2217300CE.NFO,17/10/2022,09:15:12,65.45,65.35,250,65.65,400,40000,4572400
NIFTY20OCT2217300CE.NFO,17/10/2022,09:15:14,66.8,66.8,50,67.1,400,47750,4572400
NIFTY20OCT2217300CE.NFO,17/10/2022,09:15:15,68.75,68.35,850,68.75,100,39000,4572400
NIFTY20OCT2217300CE.NFO,17/10/2022,09:15:16,69.25,69.1,200,69.2,200,24750,4572400
NIFTY20OCT2217300CE.NFO,17/10/2022,09:15:17,68.4,68.35,100,68.65,50,70000,4572400
NIFTY20OCT2217300CE.NFO,17/10/2022,09:15:18,68,67.7,100,67.95,300,33600,4572400
NIFTY20OCT2217300CE.NFO,17/10/2022,09:15:19,68.75,68.8,100,69.05,350,34100,4572400
NIFTY20OCT2217300CE.NFO,17/10/2022,09:15:20,68.45,68.15,150,68.45,300,29200,4572400
NIFTY20OCT2217300CE.NFO,17/10/2022,09:15:22,71.5,71.45,300,71.65,250,51800,4572400
NIFTY20OCT2217300CE.NFO,17/10/2022,09:15:23,74.35,74.05,550,74.35,250,25850,4572400
NIFTY20OCT2217300CE.NFO,17/10/2022,09:15:24,74.85,74.85,350,75.2,150,49900,4572400
NIFTY20OCT2217300CE.NFO,17/10/2022,09:15:25,75.4,75.3,250,75.55,150,28200,4572400
NIFTY20OCT2217300CE.NFO,17/10/2022,09:15:26,76.05,76.15,200,76.4,100,35800,4572400
NIFTY20OCT2217300CE.NFO,17/10/2022,09:15:27,76.5,76.55,300,76.85,100,39500,4572400
NIFTY20OCT2217300CE.NFO,17/10/2022,09:15:27,77.1,76.75,150,77.1,100,2900,4572400
NIFTY20OCT2217300CE.NFO,17/10/2022,09:15:29,77,76.95,300,77.25,100,27850,4572400
NIFTY20OCT2217300CE.NFO,17/10/2022,09:15:30,76.8,76.35,50,76.7,50,24300,4572400
NIFTY20OCT2217300CE.NFO,17/10/2022,09:15:31,75.7,75.65,600,76,100,35200,4572400
NIFTY20OCT2217300CE.NFO,17/10/2022,09:15:32,76.5,76.4,50,76.7,200,19250,4572400
NIFTY20OCT2217300CE.NFO,17/10/2022,09:15:33,76.75,76.4,50,76.7,50,19200,4572400
NIFTY20OCT2217300CE.NFO,17/10/2022,09:15:34,77.1,77,1250,77.1,950,10200,4572400
NIFTY20OCT2217300CE.NFO,17/10/2022,09:15:35,77.45,77.05,100,77.45,100,3300,4572400
NIFTY20OCT2217300CE.NFO,17/10/2022,09:15:36,78.6,78.55,100,79,200,24000,4572400
NIFTY20OCT2217300CE.NFO,17/10/2022,09:15:37,79.65,79.65,100,79.7,600,21450,4572400
NIFTY20OCT2217300CE.NFO,17/10/2022,09:15:38,79.8,79.45,100,79.7,200,27100,4572400
NIFTY20OCT2217300CE.NFO,17/10/2022,09:15:39,77.4,77,1300,77.45,150,24150,4572400
NIFTY20OCT2217300CE.NFO,17/10/2022,09:15:40,74.4,74.15,100,74.4,50,42850,4572400
NIFTY20OCT2217300CE.NFO,17/10/2022,09:15:41,74.9,74.55,350,74.9,350,24150,4572400
NIFTY20OCT2217300CE.NFO,17/10/2022,09:15:42,75,75.05,200,75.5,900,16650,4572400
NIFTY20OCT2217300CE.NFO,17/10/2022,09:15:43,76.75,77,350,77.35,150,14800,4572400
NIFTY20OCT2217300CE.NFO,17/10/2022,09:15:44,77.4,76.9,300,77.8,150,18850,4572400
NIFTY20OCT2217300CE.NFO,17/10/2022,09:15:45,77.25,77.25,450,77.5,50,32300,4572400
NIFTY20OCT2217300CE.NFO,17/10/2022,09:15:46,77.2,77.15,2900,77.45,650,11250,4572400
NIFTY20OCT2217300CE.NFO,17/10/2022,09:15:47,76.55,76.5,900,76.9,850,11750,4572400
NIFTY20OCT2217300CE.NFO,17/10/2022,09:15:48,76.7,76.7,100,77,200,12950,4572400
NIFTY20OCT2217300CE.NFO,17/10/2022,09:15:49,77.2,76.9,200,77.3,700,2900,4572400
NIFTY20OCT2217300CE.NFO,17/10/2022,09:15:50,76.8,76.45,100,76.8,750,12350,4572400
NIFTY20OCT2217300CE.NFO,17/10/2022,09:15:51,74.9,74.9,100,75.05,150,26300,4572400
NIFTY20OCT2217300CE.NFO,17/10/2022,09:15:52,75.05,75,100,75.4,500,23550,4572400
NIFTY20OCT2217300CE.NFO,17/10/2022,09:15:53,75,75,200,75.25,350,3200,4572400
NIFTY20OCT2217300CE.NFO,17/10/2022,09:15:54,74.35,74.25,100,74.6,200,14100,4572400
NIFTY20OCT2217300CE.NFO,17/10/2022,09:15:55,74.35,74.3,300,74.8,850,5400,4572400
NIFTY20OCT2217300CE.NFO,17/10/2022,09:15:56,75.6,75.65,50,75.9,250,22600,4572400
NIFTY20OCT2217300CE.NFO,17/10/2022,09:15:57,75.7,75.75,50,76.15,250,31950,4572400
NIFTY20OCT2217300CE.NFO,17/10/2022,09:15:58,75.65,75.55,100,75.75,50,15600,4572400
NIFTY20OCT2217300CE.NFO,17/10/2022,09:15:59,74.55,74.55,250,74.9,450,19200,4572400
NIFTY20OCT2217300CE.NFO,17/10/2022,09:16:00,74.85,74.7,100,74.85,100,5250,4572400
NIFTY20OCT2217300CE.NFO,17/10/2022,09:16:01,74.8,74.8,50,74.9,50,30300,4572400
NIFTY20OCT2217300CE.NFO,17/10/2022,09:16:02,75.25,75.15,100,75.3,150,18350,4572400
NIFTY20OCT2217300CE.NFO,17/10/2022,09:16:03,74.45,74.15,350,74.45,50,32650,4572400
NIFTY20OCT2217300CE.NFO,17/10/2022,09:16:04,74.7,74.6,150,74.8,200,21800,4572400
NIFTY20OCT2217300CE.NFO,17/10/2022,09:16:05,74.4,74.3,100,74.45,100,1600,4572400
NIFTY20OCT2217300CE.NFO,17/10/2022,09:16:06,74.45,74.45,100,74.55,50,19200,4572400
NIFTY20OCT2217300CE.NFO,17/10/2022,09:16:07,74.9,74.65,50,74.75,50,13950,4572400
NIFTY20OCT2217300CE.NFO,17/10/2022,09:16:08,74.95,74.85,100,75.05,500,11100,4572400
NIFTY20OCT2217300CE.NFO,17/10/2022,09:16:09,75.05,75.1,100,75.25,100,16100,4572400
NIFTY20OCT2217300CE.NFO,17/10/2022,09:16:10,74.95,74.9,50,75,150,3150,4572400
NIFTY20OCT2217300CE.NFO,17/10/2022,09:16:11,74.4,74.3,100,74.5,700,16800,4572400
NIFTY20OCT2217300CE.NFO,17/10/2022,09:16:12,74,73.95,100,74,850,25650,4572400
NIFTY20OCT2217300CE.NFO,17/10/2022,09:16:13,73.65,73.45,750,73.65,100,24750,4572400
NIFTY20OCT2217300CE.NFO,17/10/2022,09:16:14,73.15,73.15,100,73.3,100,20700,4572400
NIFTY20OCT2217300CE.NFO,17/10/2022,09:16:15,73.35,73.4,350,73.7,100,20400,4572400
NIFTY20OCT2217300CE.NFO,17/10/2022,09:16:16,74.4,74.35,50,74.5,100,13200,4572400
NIFTY20OCT2217300CE.NFO,17/10/2022,09:16:17,74.75,74.6,100,74.75,100,22400,4572400
NIFTY20OCT2217300CE.NFO,17/10/2022,09:16:18,74.8,74.8,100,74.95,100,3100,4572400
NIFTY20OCT2217300CE.NFO,17/10/2022,09:16:19,75.5,75.45,50,75.6,250,24300,4572400
NIFTY20OCT2217300CE.NFO,17/10/2022,09:16:20,75.55,75.4,100,75.6,100,24000,4572400
NIFTY20OCT2217300CE.NFO,17/10/2022,09:16:21,75.25,75.05,150,75.25,150,11000,4572400
NIFTY20OCT2217300CE.NFO,17/10/2022,09:16:22,76,76.25,50,76.4,250,8600,4572400
NIFTY20OCT2217300CE.NFO,17/10/2022,09:16:23,75.9,75.8,200,76,1300,17950,4572400
NIFTY20OCT2217300CE.NFO,17/10/2022,09:16:24,76,75.85,50,75.95,100,13350,4572400
NIFTY20OCT2217300CE.NFO,17/10/2022,09:16:25,76.3,76.3,100,76.4,100,11100,4572400
NIFTY20OCT2217300CE.NFO,17/10/2022,09:16:26,76.4,76.3,700,76.4,150,300,4572400
NIFTY20OCT2217300CE.NFO,17/10/2022,09:16:27,75.45,75.3,100,75.4,150,16900,4572400
NIFTY20OCT2217300CE.NFO,17/10/2022,09:16:28,74.7,74.55,200,74.65,200,26200,4572400
NIFTY20OCT2217300CE.NFO,17/10/2022,09:16:29,74.85,74.75,50,74.85,100,10850,4572400
NIFTY20OCT2217300CE.NFO,17/10/2022,09:16:30,75.1,74.95,400,75,500,14450,4572400
NIFTY20OCT2217300CE.NFO,17/10/2022,09:16:31,75.6,75.5,250,75.65,100,6350,4572400
NIFTY20OCT2217300CE.NFO,17/10/2022,09:16:32,76.1,76,100,76.1,50,11100,4572400
NIFTY20OCT2217300CE.NFO,17/10/2022,09:16:33,76.15,76.05,150,76.2,50,12300,4572400
NIFTY20OCT2217300CE.NFO,17/10/2022,09:16:34,76.65,76.6,250,76.75,50,2200,4572400
NIFTY20OCT2217300CE.NFO,17/10/2022,09:16:35,77.3,77.15,50,77.3,50,22000,4572400
NIFTY20OCT2217300CE.NFO,17/10/2022,09:16:36,77.2,77.05,150,77.25,150,18250,4572400
NIFTY20OCT2217300CE.NFO,17/10/2022,09:16:37,75.9,75.9,750,76.2,400,18900,4572400
NIFTY20OCT2217300CE.NFO,17/10/2022,09:16:38,75.8,75.7,200,75.85,50,14250,4572400
NIFTY20OCT2217300CE.NFO,17/10/2022,09:16:39,77.25,77.25,50,77.3,50,29350,4572400
NIFTY20OCT2217300CE.NFO,17/10/2022,09:16:40,77.4,77.45,50,77.65,150,3800,4572400
NIFTY20OCT2217300CE.NFO,17/10/2022,09:16:41,77.95,77.75,550,77.9,50,18950,4572400
NIFTY20OCT2217300CE.NFO,17/10/2022,09:16:42,78,77.9,150,78.05,850,13400,4572400
NIFTY20OCT2217300CE.NFO,17/10/2022,09:16:43,77.55,77.4,200,77.55,300,19750,4572400
NIFTY20OCT2217300CE.NFO,17/10/2022,09:16:44,78.05,78.05,50,78.15,50,18650,4572400
NIFTY20OCT2217300CE.NFO,17/10/2022,09:16:45,78,78.05,50,78.25,100,2300,4572400
NIFTY20OCT2217300CE.NFO,17/10/2022,09:16:46,78.8,78.8,800,78.9,150,13350,4572400
NIFTY20OCT2217300CE.NFO,17/10/2022,09:16:47,78.7,78.75,200,78.95,150,10850,4572400
NIFTY20OCT2217300CE.NFO,17/10/2022,09:16:48,78.7,78.45,350,78.6,50,10450,4572400
NIFTY20OCT2217300CE.NFO,17/10/2022,09:16:49,78.7,78.6,150,78.7,50,13100,4572400
NIFTY20OCT2217300CE.NFO,17/10/2022,09:16:50,79.3,79.15,200,79.35,150,13550,4572400
NIFTY20OCT2217300CE.NFO,17/10/2022,09:16:51,79.15,78.95,50,79.15,150,2350,4572400
NIFTY20OCT2217300CE.NFO,17/10/2022,09:16:52,78.85,78.6,150,78.75,450,9800,4572400
NIFTY20OCT2217300CE.NFO,17/10/2022,09:16:53,76.75,76.7,150,76.9,250,22750,4572400
NIFTY20OCT2217300CE.NFO,17/10/2022,09:16:54,78.25,78.25,50,78.3,100,18550,4572400
NIFTY20OCT2217300CE.NFO,17/10/2022,09:16:55,77.4,77.5,50,77.65,150,6850,4572400
NIFTY20OCT2217300CE.NFO,17/10/2022,09:16:56,77.6,77.7,200,77.75,100,14250,4572400
NIFTY20OCT2217300CE.NFO,17/10/2022,09:16:57,77.85,77.65,100,77.85,1250,8450,4572400
NIFTY20OCT2217300CE.NFO,17/10/2022,09:16:58,77.35,77.2,150,77.4,900,7250,4572400
NIFTY20OCT2217300CE.NFO,17/10/2022,09:16:59,77.75,77.7,150,77.9,1050,7550,4572400
NIFTY20OCT2217300CE.NFO,17/10/2022,09:17:00,77.85,77.85,100,78.05,50,16850,4572400
NIFTY20OCT2217300CE.NFO,17/10/2022,09:17:01,78,77.9,50,78.05,150,2000,4572400
NIFTY20OCT2217300CE.NFO,17/10/2022,09:17:02,78.2,78.25,100,78.4,200,17350,4572400
NIFTY20OCT2217300CE.NFO,17/10/2022,09:17:03,78.85,78.8,250,78.85,50,17850,4572400
NIFTY20OCT2217300CE.NFO,17/10/2022,09:17:04,77.85,77.75,200,77.9,300,17550,4572400
NIFTY20OCT2217300CE.NFO,17/10/2022,09:17:06,75.5,75.4,50,75.5,100,32600,4572400
NIFTY20OCT2217300CE.NFO,17/10/2022,09:17:07,75,74.85,550,75,50,48000,4572400
NIFTY20OCT2217300CE.NFO,17/10/2022,09:17:08,74.25,74.2,50,74.3,50,23600,4572400
NIFTY20OCT2217300CE.NFO,17/10/2022,09:17:09,74.15,74.1,300,74.2,100,20300,4572400
NIFTY20OCT2217300CE.NFO,17/10/2022,09:17:10,75.15,75.05,50,75.2,100,16550,4572400
NIFTY20OCT2217300CE.NFO,17/10/2022,09:17:11,74.85,74.85,400,75,500,13250,4572400
NIFTY20OCT2217300CE.NFO,17/10/2022,09:17:12,74.65,74.65,450,74.8,100,600,4572400
NIFTY20OCT2217300CE.NFO,17/10/2022,09:17:13,74.5,74.25,200,74.4,650,14050,4572400
NIFTY20OCT2217300CE.NFO,17/10/2022,09:17:14,75,74.8,150,75,650,18150,4572400
NIFTY20OCT2217300CE.NFO,17/10/2022,09:17:15,75.1,75,1450,75.1,50,6000,4572400
NIFTY20OCT2217300CE.NFO,17/10/2022,09:17:16,74.25,74.25,150,74.4,200,9600,4572400
NIFTY20OCT2217300CE.NFO,17/10/2022,09:17:17,73,72.9,200,73,200,21350,4572400
NIFTY20OCT2217300CE.NFO,17/10/2022,09:17:19,73.15,73.15,250,73.3,100,15750,4572400
NIFTY20OCT2217300CE.NFO,17/10/2022,09:17:20,73.4,73.2,50,73.3,100,6450,4572400
NIFTY20OCT2217300CE.NFO,17/10/2022,09:17:21,72.05,72,50,72.1,300,15650,4572400
NIFTY20OCT2217300CE.NFO,17/10/2022,09:17:22,70.9,70.8,50,70.95,200,11700,4572400
NIFTY20OCT2217300CE.NFO,17/10/2022,09:17:23,70.5,70.45,200,70.65,50,16800,4572400
NIFTY20OCT2217300CE.NFO,17/10/2022,09:17:24,71.45,71.3,200,71.5,400,16450,4572400
NIFTY20OCT2217300CE.NFO,17/10/2022,09:17:25,71.7,71.65,850,71.85,100,15950,4572400
NIFTY20OCT2217300CE.NFO,17/10/2022,09:17:26,71.35,71.35,800,71.45,200,23050,4572400
NIFTY20OCT2217300CE.NFO,17/10/2022,09:17:27,70.55,70.65,200,70.8,1850,7000,4572400
NIFTY20OCT2217300CE.NFO,17/10/2022,09:17:28,70.15,70.15,150,70.25,150,10150,4746850
NIFTY20OCT2217300CE.NFO,17/10/2022,09:17:29,70.4,70.4,150,70.55,50,18650,4746850
NIFTY20OCT2217300CE.NFO,17/10/2022,09:17:30,70.6,70.4,100,70.55,250,800,4746850
NIFTY20OCT2217300CE.NFO,17/10/2022,09:17:31,71.45,71.45,150,71.5,150,15600,4746850
NIFTY20OCT2217300CE.NFO,17/10/2022,09:17:32,71.45,71.4,200,71.6,450,28050,4746850
NIFTY20OCT2217300CE.NFO,17/10/2022,09:17:33,71.75,71.7,200,71.9,250,13150,4746850
NIFTY20OCT2217300CE.NFO,17/10/2022,09:17:34,70.35,70.2,50,70.3,150,13700,4746850
NIFTY20OCT2217300CE.NFO,17/10/2022,09:17:35,70.25,70.25,50,70.35,50,1300,4746850
NIFTY20OCT2217300CE.NFO,17/10/2022,09:17:36,69.7,69.85,200,70,1550,38000,4746850
NIFTY20OCT2217300CE.NFO,17/10/2022,09:17:37,69.7,69.75,150,69.9,150,19800,4746850
NIFTY20OCT2217300CE.NFO,17/10/2022,09:17:38,69.25,69.1,50,69.25,250,7950,4746850
NIFTY20OCT2217300CE.NFO,17/10/2022,09:17:39,70.25,70.05,250,70.25,200,24450,4746850
NIFTY20OCT2217300CE.NFO,17/10/2022,09:17:40,70,69.75,1400,69.95,450,13450,4746850
NIFTY20OCT2217300CE.NFO,17/10/2022,09:17:41,69.3,69.4,200,69.55,50,10550,4746850
NIFTY20OCT2217300CE.NFO,17/10/2022,09:17:42,70.3,70,100,70.15,200,3950,4746850
NIFTY20OCT2217300CE.NFO,17/10/2022,09:17:43,70.1,70,100,70.1,50,7550,4746850
NIFTY20OCT2217300CE.NFO,17/10/2022,09:17:44,70,70,50,70.1,750,750,4746850
NIFTY20OCT2217300CE.NFO,17/10/2022,09:17:45,70.55,70.3,100,70.5,50,21950,4746850
NIFTY20OCT2217300CE.NFO,17/10/2022,09:17:46,70.8,70.5,150,70.7,200,23750,4746850
NIFTY20OCT2217300CE.NFO,17/10/2022,09:17:47,69.9,69.7,250,69.85,800,12750,4746850
NIFTY20OCT2217300CE.NFO,17/10/2022,09:17:48,70.5,70.3,550,70.5,100,9850,4746850
NIFTY20OCT2217300CE.NFO,17/10/2022,09:17:49,70.9,70.95,100,71.1,400,650,4746850
NIFTY20OCT2217300CE.NFO,17/10/2022,09:17:50,71.25,71.05,200,71.25,900,10500,4746850
NIFTY20OCT2217300CE.NFO,17/10/2022,09:17:51,70.05,69.85,150,70,50,8750,4746850
NIFTY20OCT2217300CE.NFO,17/10/2022,09:17:52,70.25,70.2,950,70.4,300,11850,4746850
NIFTY20OCT2217300CE.NFO,17/10/2022,09:17:53,70.2,69.9,200,70.05,200,12150,4746850
NIFTY20OCT2217300CE.NFO,17/10/2022,09:17:54,70.3,70.1,450,70.3,300,2800,4746850
NIFTY20OCT2217300CE.NFO,17/10/2022,09:17:55,70.2,70.05,50,70.2,50,13750,4746850
NIFTY20OCT2217300CE.NFO,17/10/2022,09:17:56,69.95,69.95,200,70.1,200,7600,4746850
NIFTY20OCT2217300CE.NFO,17/10/2022,09:17:57,70.2,70.05,200,70.2,200,10200,4746850
NIFTY20OCT2217300CE.NFO,17/10/2022,09:17:58,68.6,68.6,250,68.75,150,14250,4746850
NIFTY20OCT2217300CE.NFO,17/10/2022,09:17:59,68.6,68.45,400,68.65,100,12750,4746850
NIFTY20OCT2217300CE.NFO,17/10/2022,09:18:00,69.35,69.3,250,69.4,600,23800,4746850
NIFTY20OCT2217300CE.NFO,17/10/2022,09:18:02,68.45,68.3,100,68.35,50,27150,4746850
NIFTY20OCT2217300CE.NFO,17/10/2022,09:18:03,67.1,67.15,100,67.3,1150,36100,4746850
NIFTY20OCT2217300CE.NFO,17/10/2022,09:18:05,66.9,66.75,500,66.9,200,22350,4746850
NIFTY20OCT2217300CE.NFO,17/10/2022,09:18:06,66.2,66.2,100,66.3,150,10050,4746850
NIFTY20OCT2217300CE.NFO,17/10/2022,09:18:07,66.4,66.4,550,66.55,250,10250,4746850
NIFTY20OCT2217300CE.NFO,17/10/2022,09:18:08,66.5,66.45,200,66.6,150,6050,4746850
NIFTY20OCT2217300CE.NFO,17/10/2022,09:18:09,66.65,66.4,400,66.55,300,6200,4746850
NIFTY20OCT2217300CE.NFO,17/10/2022,09:18:10,66.4,66.3,800,66.5,450,17650,4746850
NIFTY20OCT2217300CE.NFO,17/10/2022,09:18:11,66.95,66.75,50,66.9,350,18850,4746850
NIFTY20OCT2217300CE.NFO,17/10/2022,09:18:13,66.25,66.25,100,66.4,1300,11900,4746850
NIFTY20OCT2217300CE.NFO,17/10/2022,09:18:13,66.45,66.25,250,66.45,1950,350,4746850
NIFTY20OCT2217300CE.NFO,17/10/2022,09:18:14,65.7,65.7,50,65.75,300,17400,4746850
NIFTY20OCT2217300CE.NFO,17/10/2022,09:18:15,65,64.65,350,64.8,300,36400,4746850
NIFTY20OCT2217300CE.NFO,17/10/2022,09:18:17,64.85,64.8,350,64.95,300,8400,4746850
NIFTY20OCT2217300CE.NFO,17/10/2022,09:18:17,64.65,64.6,400,64.7,100,6450,4746850
NIFTY20OCT2217300CE.NFO,17/10/2022,09:18:19,64.55,64.5,250,64.6,400,9450,4746850
NIFTY20OCT2217300CE.NFO,17/10/2022,09:18:20,65.3,65.25,200,65.4,450,67100,4746850
NIFTY20OCT2217300CE.NFO,17/10/2022,09:18:20,65.3,65.35,250,65.45,50,6650,4746850
NIFTY20OCT2217300CE.NFO,17/10/2022,09:18:21,65.6,65.45,350,65.6,150,14800,4746850
NIFTY20OCT2217300CE.NFO,17/10/2022,09:18:22,65.5,65.35,1000,65.5,1950,6050,4746850
NIFTY20OCT2217300CE.NFO,17/10/2022,09:18:24,66.1,65.95,200,66.1,350,7850,4746850
NIFTY20OCT2217300CE.NFO,17/10/2022,09:18:24,66.1,65.95,300,66.1,50,4000,4746850
NIFTY20OCT2217300CE.NFO,17/10/2022,09:18:25,66.5,66.45,450,66.6,1250,7450,4746850
NIFTY20OCT2217300CE.NFO,17/10/2022,09:18:26,66.75,66.6,100,66.75,2200,7250,4746850
NIFTY20OCT2217300CE.NFO,17/10/2022,09:18:27,65.4,65.3,50,65.4,500,13300,4746850
NIFTY20OCT2217300CE.NFO,17/10/2022,09:18:28,65.7,65.6,1500,65.7,50,14050,4746850
NIFTY20OCT2217300CE.NFO,17/10/2022,09:18:30,65.95,65.75,350,65.9,50,9350,4746850
NIFTY20OCT2217300CE.NFO,17/10/2022,09:18:30,65.7,65.7,200,65.85,750,2450,4746850
NIFTY20OCT2217300CE.NFO,17/10/2022,09:18:31,65.05,64.85,200,65.05,1800,9550,4746850
NIFTY20OCT2217300CE.NFO,17/10/2022,09:18:32,65.55,65.4,250,65.6,900,9450,4746850
NIFTY20OCT2217300CE.NFO,17/10/2022,09:18:33,65.15,65.2,50,65.3,50,58700,4746850
NIFTY20OCT2217300CE.NFO,17/10/2022,09:18:34,64.7,64.6,50,64.75,750,11150,4746850
NIFTY20OCT2217300CE.NFO,17/10/2022,09:18:35,64.35,64.2,1000,64.35,150,5800,4746850
NIFTY20OCT2217300CE.NFO,17/10/2022,09:18:37,64.15,64,450,64.15,150,17950,4746850
NIFTY20OCT2217300CE.NFO,17/10/2022,09:18:37,64,64,150,64.1,800,1750,4746850
NIFTY20OCT2217300CE.NFO,17/10/2022,09:18:38,65.6,65.65,50,65.8,350,14100,4746850
NIFTY20OCT2217300CE.NFO,17/10/2022,09:18:39,65.1,65,1250,65.1,150,7350,4746850
NIFTY20OCT2217300CE.NFO,17/10/2022,09:18:40,64.3,64.15,400,64.3,450,13300,4746850
NIFTY20OCT2217300CE.NFO,17/10/2022,09:18:41,64.65,64.65,400,64.8,400,9200,4746850
NIFTY20OCT2217300CE.NFO,17/10/2022,09:18:42,64.35,64.45,600,64.6,200,7450,4746850
NIFTY20OCT2217300CE.NFO,17/10/2022,09:18:44,63.95,63.8,500,63.95,350,16150,4746850
NIFTY20OCT2217300CE.NFO,17/10/2022,09:18:44,63.85,63.85,500,63.95,200,500,4746850
NIFTY20OCT2217300CE.NFO,17/10/2022,09:18:45,63.75,63.55,150,63.75,1150,7000,4746850
NIFTY20OCT2217300CE.NFO,17/10/2022,09:18:46,62.5,62.4,500,62.5,200,15800,4746850
NIFTY20OCT2217300CE.NFO,17/10/2022,09:18:47,62.35,62.15,50,62.35,150,12650,4746850
NIFTY20OCT2217300CE.NFO,17/10/2022,09:18:48,62.6,62.55,50,62.65,350,14400,4746850
NIFTY20OCT2217300CE.NFO,17/10/2022,09:18:49,61.85,61.85,50,62,750,6100,4746850
NIFTY20OCT2217300CE.NFO,17/10/2022,09:18:51,61.2,61.1,250,61.2,50,14550,4746850
NIFTY20OCT2217300CE.NFO,17/10/2022,09:18:52,61.55,61.4,600,61.55,50,19750,4746850
NIFTY20OCT2217300CE.NFO,17/10/2022,09:18:53,61.35,61.35,400,61.55,400,7750,4746850
NIFTY20OCT2217300CE.NFO,17/10/2022,09:18:55,61.6,61.35,450,61.55,400,12850,4746850
NIFTY20OCT2217300CE.NFO,17/10/2022,09:18:56,61.6,61.45,1450,61.6,400,8900,4746850
NIFTY20OCT2217300CE.NFO,17/10/2022,09:18:57,61.8,61.65,1300,61.85,450,14550,4746850
NIFTY20OCT2217300CE.NFO,17/10/2022,09:18:57,61.8,61.7,400,61.85,850,8600,4746850
NIFTY20OCT2217300CE.NFO,17/10/2022,09:18:59,62.35,62.3,650,62.45,250,26750,4746850
NIFTY20OCT2217300CE.NFO,17/10/2022,09:18:59,62.35,62.15,250,62.3,900,12750,4746850
NIFTY20OCT2217300CE.NFO,17/10/2022,09:19:00,61.3,61.1,200,61.25,350,23900,4746850
NIFTY20OCT2217300CE.NFO,17/10/2022,09:19:01,61.3,61.25,50,61.4,600,24100,4746850
NIFTY20OCT2217300CE.NFO,17/10/2022,09:19:03,60.85,60.85,150,61,2450,14000,4746850
NIFTY20OCT2217300CE.NFO,17/10/2022,09:19:03,60.5,60.5,150,60.65,950,2300,4746850
NIFTY20OCT2217300CE.NFO,17/10/2022,09:19:04,60.3,60.1,400,60.25,550,54600,4746850
NIFTY20OCT2217300CE.NFO,17/10/2022,09:19:04,59.8,60.1,400,60.25,550,0,4746850
NIFTY20OCT2217300CE.NFO,17/10/2022,09:19:05,60.15,60.05,50,60.15,450,22950,4746850
NIFTY20OCT2217300CE.NFO,17/10/2022,09:19:06,60.5,60.5,1550,60.65,200,7000,4746850
NIFTY20OCT2217300CE.NFO,17/10/2022,09:19:08,61.25,61.15,150,61.25,12200,16550,4746850
NIFTY20OCT2217300CE.NFO,17/10/2022,09:19:08,61.8,61.75,150,61.9,600,18650,4746850
NIFTY20OCT2217300CE.NFO,17/10/2022,09:19:09,61.35,61.35,450,61.45,250,22400,4746850
NIFTY20OCT2217300CE.NFO,17/10/2022,09:19:10,61.45,61.3,950,61.5,2350,14500,4746850
NIFTY20OCT2217300CE.NFO,17/10/2022,09:19:11,60.85,60.8,1100,61,650,7500,4746850
NIFTY20OCT2217300CE.NFO,17/10/2022,09:19:12,60.75,60.75,500,60.9,350,5300,4746850
NIFTY20OCT2217300CE.NFO,17/10/2022,09:19:13,61,60.75,800,60.9,100,6450,4746850
NIFTY20OCT2217300CE.NFO,17/10/2022,09:19:15,60.85,60.7,400,60.85,250,8600,4746850
NIFTY20OCT2217300CE.NFO,17/10/2022,09:19:15,60.4,60.4,850,60.55,100,2400,4746850
NIFTY20OCT2217300CE.NFO,17/10/2022,09:19:16,60.55,60.45,50,60.6,750,8150,4746850
NIFTY20OCT2217300CE.NFO,17/10/2022,09:19:17,61.1,61.15,500,61.3,8200,15550,4746850
NIFTY20OCT2217300CE.NFO,17/10/2022,09:19:18,61.05,60.9,200,61.05,550,8750,4746850
NIFTY20OCT2217300CE.NFO,17/10/2022,09:19:19,61.45,61.35,100,61.5,1500,16450,4746850
NIFTY20OCT2217300CE.NFO,17/10/2022,09:19:20,60.7,60.7,150,60.8,200,7950,4746850
NIFTY20OCT2217300CE.NFO,17/10/2022,09:19:22,61.05,60.8,1100,61.05,850,8900,4746850
NIFTY20OCT2217300CE.NFO,17/10/2022,09:19:22,61.15,61.05,200,61.2,650,950,4746850
NIFTY20OCT2217300CE.NFO,17/10/2022,09:19:23,61.15,61,300,61.15,600,5800,4746850
NIFTY20OCT2217300CE.NFO,17/10/2022,09:19:24,60.15,60.1,350,60.15,450,20250,4746850
NIFTY20OCT2217300CE.NFO,17/10/2022,09:19:25,60,60,17000,60.05,50,10100,4746850
NIFTY20OCT2217300CE.NFO,17/10/2022,09:19:26,60.15,60.15,200,60.3,850,26500,4746850
NIFTY20OCT2217300CE.NFO,17/10/2022,09:19:28,59.6,59.6,200,59.75,550,10450,4746850
NIFTY20OCT2217300CE.NFO,17/10/2022,09:19:28,59.35,59.6,200,59.75,550,0,4746850
NIFTY20OCT2217300CE.NFO,17/10/2022,09:19:28,59.5,59.35,200,59.5,750,200,4746850
NIFTY20OCT2217300CE.NFO,17/10/2022,09:19:29,59.5,59.35,200,59.5,400,6000,4746850
NIFTY20OCT2217300CE.NFO,17/10/2022,09:19:29,59.25,59.35,200,59.5,400,0,4746850
NIFTY20OCT2217300CE.NFO,17/10/2022,09:19:30,59.45,59.5,600,59.65,2650,11650,4746850
NIFTY20OCT2217300CE.NFO,17/10/2022,09:19:31,59.7,59.65,150,59.75,200,19500,4746850
NIFTY20OCT2217300CE.NFO,17/10/2022,09:19:32,60.35,60.35,450,60.5,50,18950,4746850
NIFTY20OCT2217300CE.NFO,17/10/2022,09:19:34,60.7,60.6,350,60.7,600,12600,4746850
NIFTY20OCT2217300CE.NFO,17/10/2022,09:19:34,60.7,60.65,200,60.7,400,550,4746850
NIFTY20OCT2217300CE.NFO,17/10/2022,09:19:35,60.7,60.55,600,60.75,900,5450,4746850
NIFTY20OCT2217300CE.NFO,17/10/2022,09:19:36,60.85,60.65,350,60.85,500,4600,4746850
NIFTY20OCT2217300CE.NFO,17/10/2022,09:19:37,62.35,62.15,600,62.35,600,28900,4746850
NIFTY20OCT2217300CE.NFO,17/10/2022,09:19:38,62.1,62.1,600,62.25,900,8600,4746850
NIFTY20OCT2217300CE.NFO,17/10/2022,09:19:39,62.15,62,350,62.2,1550,7500,4746850
NIFTY20OCT2217300CE.NFO,17/10/2022,09:19:40,62.15,62.3,850,62.4,100,8750,4746850
NIFTY20OCT2217300CE.NFO,17/10/2022,09:19:42,61.4,61.5,200,61.6,50,7600,4746850
NIFTY20OCT2217300CE.NFO,17/10/2022,09:19:43,61.1,61.1,1200,61.15,100,6900,4746850
NIFTY20OCT2217300CE.NFO,17/10/2022,09:19:43,62.2,62.15,550,62.2,250,6050,4746850
NIFTY20OCT2217300CE.NFO,17/10/2022,09:19:45,63.05,62.9,600,63.05,50,10500,4746850
NIFTY20OCT2217300CE.NFO,17/10/2022,09:19:45,63.05,63.05,250,63.2,50,5750,4746850
NIFTY20OCT2217300CE.NFO,17/10/2022,09:19:46,63.2,63.25,650,63.4,1500,4300,4746850
NIFTY20OCT2217300CE.NFO,17/10/2022,09:19:47,63.15,63.05,550,63.2,500,11900,4746850
NIFTY20OCT2217300CE.NFO,17/10/2022,09:19:48,63.45,63.4,500,63.6,650,9850,4746850
NIFTY20OCT2217300CE.NFO,17/10/2022,09:19:49,63.55,63.55,50,63.7,500,6900,4746850
NIFTY20OCT2217300CE.NFO,17/10/2022,09:19:50,62.5,62.45,250,62.55,50,10700,4746850
NIFTY20OCT2217300CE.NFO,17/10/2022,09:19:52,62.8,62.85,1200,62.95,50,7350,4746850
NIFTY20OCT2217300CE.NFO,17/10/2022,09:19:52,62.55,62.55,500,62.7,500,600,4746850
NIFTY20OCT2217300CE.NFO,17/10/2022,09:19:53,62.2,62.05,800,62.15,50,6400,4746850
NIFTY20OCT2217300CE.NFO,17/10/2022,09:19:54,62.3,62.15,50,62.3,1450,8700,4746850
NIFTY20OCT2217300CE.NFO,17/10/2022,09:19:55,61.5,61.5,500,61.6,50,8000,4746850
NIFTY20OCT2217300CE.NFO,17/10/2022,09:19:56,60.9,60.95,450,61.05,50,8850,4746850
NIFTY20OCT2217300CE.NFO,17/10/2022,09:19:57,60.95,60.8,500,61,2650,10000,4746850
NIFTY20OCT2217300CE.NFO,17/10/2022,09:19:58,61.15,61.15,250,61.3,800,6800,4746850
NIFTY20OCT2217300CE.NFO,17/10/2022,09:19:59,61.4,61.25,200,61.4,650,16350,4746850
NIFTY20OCT2217300CE.NFO,17/10/2022,09:20:01,60.25,60.2,650,60.35,800,25200,4746850
NIFTY20OCT2217300CE.NFO,17/10/2022,09:20:01,60.4,60.4,300,60.5,850,14800,4746850
NIFTY20OCT2217300CE.NFO,17/10/2022,09:20:02,59,59,4850,59.05,850,40600,4746850
NIFTY20OCT2217300CE.NFO,17/10/2022,09:20:02,59,59,4850,59.05,850,0,4746850
NIFTY20OCT2217300CE.NFO,17/10/2022,09:20:03,59.05,58.8,750,58.95,450,30150,4746850
NIFTY20OCT2217300CE.NFO,17/10/2022,09:20:03,58.45,58.8,750,58.95,450,0,4746850
NIFTY20OCT2217300CE.NFO,17/10/2022,09:20:04,58.95,58.8,900,58.95,50,13500,4746850
NIFTY20OCT2217300CE.NFO,17/10/2022,09:20:05,58.05,58.05,400,58.1,650,18000,4746850
NIFTY20OCT2217300CE.NFO,17/10/2022,09:20:05,58.05,58.05,400,58.1,650,0,4746850
NIFTY20OCT2217300CE.NFO,17/10/2022,09:20:07,58.15,58,50,58.15,550,36700,4746850
NIFTY20OCT2217300CE.NFO,17/10/2022,09:20:07,57.35,58,50,58.15,550,0,4746850
NIFTY20OCT2217300CE.NFO,17/10/2022,09:20:08,58.15,58.05,1050,58.25,1800,15300,4746850
NIFTY20OCT2217300CE.NFO,17/10/2022,09:20:09,58.25,58.1,850,58.25,150,12950,4746850
NIFTY20OCT2217300CE.NFO,17/10/2022,09:20:09,58.2,58.3,300,58.45,950,1800,4746850
NIFTY20OCT2217300CE.NFO,17/10/2022,09:20:10,58.05,57.9,150,58.05,500,8800,4746850
NIFTY20OCT2217300CE.NFO,17/10/2022,09:20:11,59.4,59.45,200,59.5,100,30200,4746850
NIFTY20OCT2217300CE.NFO,17/10/2022,09:20:12,58.7,58.65,200,58.8,450,11650,4746850
NIFTY20OCT2217300CE.NFO,17/10/2022,09:20:13,60,60.15,600,60.2,100,9400,4746850
NIFTY20OCT2217300CE.NFO,17/10/2022,09:20:15,60,59.65,700,59.8,50,22400,4746850
NIFTY20OCT2217300CE.NFO,17/10/2022,09:20:16,60.85,60.7,550,60.85,1200,12800,4746850
NIFTY20OCT2217300CE.NFO,17/10/2022,09:20:16,60.55,60.65,150,60.8,400,9050,4746850
NIFTY20OCT2217300CE.NFO,17/10/2022,09:20:17,61.1,61.15,150,61.25,300,15150,4746850
NIFTY20OCT2217300CE.NFO,17/10/2022,09:20:18,60.5,60.35,200,60.5,450,12800,4746850
NIFTY20OCT2217300CE.NFO,17/10/2022,09:20:19,60.3,60.25,600,60.3,50,7250,4746850
NIFTY20OCT2217300CE.NFO,17/10/2022,09:20:20,59.9,59.85,600,60,150,13050,4746850
NIFTY20OCT2217300CE.NFO,17/10/2022,09:20:21,60.85,60.8,350,60.9,450,16550,4746850
NIFTY20OCT2217300CE.NFO,17/10/2022,09:20:23,62,61.8,1250,62,2250,24050,4746850
NIFTY20OCT2217300CE.NFO,17/10/2022,09:20:24,62.25,62.2,100,62.35,650,16850,4746850
NIFTY20OCT2217300CE.NFO,17/10/2022,09:20:25,62.35,62.4,800,62.55,350,17000,4746850
NIFTY20OCT2217300CE.NFO,17/10/2022,09:20:25,62.55,62.55,50,62.7,400,6600,4746850
NIFTY20OCT2217300CE.NFO,17/10/2022,09:20:26,62.8,62.65,100,62.8,300,10650,4746850
NIFTY20OCT2217300CE.NFO,17/10/2022,09:20:27,62.8,62.85,1050,63,6650,7950,4746850
NIFTY20OCT2217300CE.NFO,17/10/2022,09:20:29,62.2,62.2,350,62.3,100,24150,4746850
NIFTY20OCT2217300CE.NFO,17/10/2022,09:20:29,62.75,62.55,300,62.7,700,7700,5161800
NIFTY20OCT2217300CE.NFO,17/10/2022,09:20:31,62.95,62.75,600,62.9,300,11500,5161800
NIFTY20OCT2217300CE.NFO,17/10/2022,09:20:32,63.35,63.25,1000,63.4,450,18900,5161800
NIFTY20OCT2217300CE.NFO,17/10/2022,09:20:32,63.65,63.6,1150,63.7,50,750,5161800
NIFTY20OCT2217300CE.NFO,17/10/2022,09:20:33,63.9,63.7,1350,63.9,450,14350,5161800
NIFTY20OCT2217300CE.NFO,17/10/2022,09:20:34,64.1,64.05,1150,64.25,850,8850,5161800
NIFTY20OCT2217300CE.NFO,17/10/2022,09:20:35,65.15,65.05,1350,65.15,150,19200,5161800
NIFTY20OCT2217300CE.NFO,17/10/2022,09:20:36,65.05,65.05,300,65.2,300,12700,5161800
NIFTY20OCT2217300CE.NFO,17/10/2022,09:20:38,64.05,64.1,550,64.3,1100,19750,5161800
NIFTY20OCT2217300CE.NFO,17/10/2022,09:20:39,63.5,63.6,150,63.8,550,21750,5161800
NIFTY20OCT2217300CE.NFO,17/10/2022,09:20:40,64.1,64.1,450,64.25,50,11200,5161800
NIFTY20OCT2217300CE.NFO,17/10/2022,09:20:40,64.25,64.1,150,64.25,250,1950,5161800
NIFTY20OCT2217300CE.NFO,17/10/2022,09:20:41,63,62.95,1000,63.15,2150,12200,5161800
NIFTY20OCT2217300CE.NFO,17/10/2022,09:20:42,64.35,64.2,800,64.35,200,10200,5161800
NIFTY20OCT2217300CE.NFO,17/10/2022,09:20:43,64.15,64.05,600,64.25,1050,2850,5161800
NIFTY20OCT2217300CE.NFO,17/10/2022,09:20:44,64.45,64.4,450,64.55,250,9350,5161800
NIFTY20OCT2217300CE.NFO,17/10/2022,09:20:45,63.8,63.75,300,63.9,2100,6400,5161800
NIFTY20OCT2217300CE.NFO,17/10/2022,09:20:47,63.15,63,3650,63.15,550,8600,5161800
NIFTY20OCT2217300CE.NFO,17/10/2022,09:20:48,62.7,62.6,450,62.8,700,16800,5161800
NIFTY20OCT2217300CE.NFO,17/10/2022,09:20:49,62.55,62.4,300,62.55,150,8750,5161800
NIFTY20OCT2217300CE.NFO,17/10/2022,09:20:50,62.6,62.4,400,62.6,400,1250,5161800
NIFTY20OCT2217300CE.NFO,17/10/2022,09:20:51,62.1,61.95,150,62.1,250,16950,5161800
NIFTY20OCT2217300CE.NFO,17/10/2022,09:20:52,62.75,62.55,1050,62.75,850,3500,5161800
NIFTY20OCT2217300CE.NFO,17/10/2022,09:20:53,62.4,62.4,1200,62.55,400,6500,5161800
NIFTY20OCT2217300CE.NFO,17/10/2022,09:20:54,63.5,63.55,450,63.65,50,6150,5161800
NIFTY20OCT2217300CE.NFO,17/10/2022,09:20:55,63.7,63.7,150,63.85,200,1950,5161800
NIFTY20OCT2217300CE.NFO,17/10/2022,09:20:56,64.05,64.05,250,64.2,300,12350,5161800
NIFTY20OCT2217300CE.NFO,17/10/2022,09:20:58,63.9,63.7,1350,63.9,3100,11050,5161800
NIFTY20OCT2217300CE.NFO,17/10/2022,09:20:59,62.7,62.75,500,62.9,250,9650,5161800
NIFTY20OCT2217300CE.NFO,17/10/2022,09:21:00,63.75,63.75,50,63.9,250,18300,5161800
NIFTY20OCT2217300CE.NFO,17/10/2022,09:21:00,63.55,63.4,250,63.55,450,250,5161800
NIFTY20OCT2217300CE.NFO,17/10/2022,09:21:01,63.5,63.5,850,63.7,650,5950,5161800
NIFTY20OCT2217300CE.NFO,17/10/2022,09:21:02,62.9,62.9,450,63.05,1900,4800,5161800
NIFTY20OCT2217300CE.NFO,17/10/2022,09:21:03,62.4,62.2,300,62.4,4200,7750,5161800
NIFTY20OCT2217300CE.NFO,17/10/2022,09:21:04,62.95,62.9,200,63.05,1350,8050,5161800
NIFTY20OCT2217300CE.NFO,17/10/2022,09:21:05,63.3,63.35,50,63.4,350,5000,5161800
NIFTY20OCT2217300CE.NFO,17/10/2022,09:21:06,63.15,63.1,1050,63.25,250,3550,5161800
NIFTY20OCT2217300CE.NFO,17/10/2022,09:21:07,62.2,62,750,62.2,600,18150,5161800
NIFTY20OCT2217300CE.NFO,17/10/2022,09:21:08,62,62,350,62.2,1150,8300,5161800
NIFTY20OCT2217300CE.NFO,17/10/2022,09:21:09,62.8,62.7,400,62.8,500,5750,5161800
NIFTY20OCT2217300CE.NFO,17/10/2022,09:21:11,61.8,61.65,100,61.8,950,6700,5161800
NIFTY20OCT2217300CE.NFO,17/10/2022,09:21:12,61.7,61.55,650,61.7,300,7650,5161800
NIFTY20OCT2217300CE.NFO,17/10/2022,09:21:13,62.4,62.3,200,62.45,200,7500,5161800
NIFTY20OCT2217300CE.NFO,17/10/2022,09:21:14,62.65,62.75,300,62.8,100,2250,5161800
NIFTY20OCT2217300CE.NFO,17/10/2022,09:21:14,62.75,62.75,250,62.9,3350,600,5161800
NIFTY20OCT2217300CE.NFO,17/10/2022,09:21:15,62.45,62.6,4150,62.8,1100,2350,5161800
NIFTY20OCT2217300CE.NFO,17/10/2022,09:21:16,62,62.05,400,62.2,700,5350,5161800
NIFTY20OCT2217300CE.NFO,17/10/2022,09:21:17,62.25,62.2,1900,62.4,1600,2100,5161800
NIFTY20OCT2217300CE.NFO,17/10/2022,09:21:18,62.15,62,150,62.1,600,6050,5161800
NIFTY20OCT2217300CE.NFO,17/10/2022,09:21:19,62.1,62.05,250,62.2,200,1250,5161800
NIFTY20OCT2217300CE.NFO,17/10/2022,09:21:20,62.9,62.75,600,62.9,3000,3800,5161800
NIFTY20OCT2217300CE.NFO,17/10/2022,09:21:21,62.85,62.8,3000,62.9,2800,1150,5161800
NIFTY20OCT2217300CE.NFO,17/10/2022,09:21:23,63.3,63.1,1100,63.25,1250,9200,5161800
NIFTY20OCT2217300CE.NFO,17/10/2022,09:21:24,63.65,63.6,650,63.75,150,4250,5161800
NIFTY20OCT2217300CE.NFO,17/10/2022,09:21:25,62.45,62.45,150,62.6,450,10450,5161800
NIFTY20OCT2217300CE.NFO,17/10/2022,09:21:25,62.6,62.55,50,62.75,350,3400,5161800
NIFTY20OCT2217300CE.NFO,17/10/2022,09:21:26,63.2,63.05,600,63.25,950,5300,5161800
NIFTY20OCT2217300CE.NFO,17/10/2022,09:21:27,62.9,62.9,100,63,750,3550,5161800
NIFTY20OCT2217300CE.NFO,17/10/2022,09:21:28,63.7,63.55,150,63.7,800,2150,5161800
NIFTY20OCT2217300CE.NFO,17/10/2022,09:21:30,63.6,63.4,500,63.55,650,6000,5161800
NIFTY20OCT2217300CE.NFO,17/10/2022,09:21:31,64,63.85,650,64.05,2100,15050,5161800
NIFTY20OCT2217300CE.NFO,17/10/2022,09:21:31,64,63.85,800,64.05,1200,2050,5161800
NIFTY20OCT2217300CE.NFO,17/10/2022,09:21:32,63.85,63.7,900,63.85,50,2550,5161800
NIFTY20OCT2217300CE.NFO,17/10/2022,09:21:33,63.95,64,150,64.15,700,9050,5161800
NIFTY20OCT2217300CE.NFO,17/10/2022,09:21:34,62.65,62.6,600,62.7,900,17150,5161800
NIFTY20OCT2217300CE.NFO,17/10/2022,09:21:35,62.75,62.75,650,62.85,50,11450,5161800
NIFTY20OCT2217300CE.NFO,17/10/2022,09:21:36,62.55,62.5,500,62.7,450,12250,5161800
NIFTY20OCT2217300CE.NFO,17/10/2022,09:21:38,62.55,62.55,700,62.7,650,6300,5161800
NIFTY20OCT2217300CE.NFO,17/10/2022,09:21:38,62.6,62.45,1200,62.65,700,150,5161800
NIFTY20OCT2217300CE.NFO,17/10/2022,09:21:39,62.9,62.75,700,62.95,900,5000,5161800
NIFTY20OCT2217300CE.NFO,17/10/2022,09:21:40,62.8,62.9,600,63,50,6150,5161800
NIFTY20OCT2217300CE.NFO,17/10/2022,09:21:41,63,63,800,63.15,200,7850,5161800
NIFTY20OCT2217300CE.NFO,17/10/2022,09:21:42,62.75,62.7,1050,62.75,300,5900,5161800
NIFTY20OCT2217300CE.NFO,17/10/2022,09:21:43,62.8,62.7,450,62.8,50,2000,5161800
NIFTY20OCT2217300CE.NFO,17/10/2022,09:21:45,63.5,63.45,50,63.55,750,11400,5161800
NIFTY20OCT2217300CE.NFO,17/10/2022,09:21:45,63.6,63.6,200,63.7,600,3900,5161800
NIFTY20OCT2217300CE.NFO,17/10/2022,09:21:46,64.4,64.45,200,64.55,350,13700,5161800
NIFTY20OCT2217300CE.NFO,17/10/2022,09:21:47,64.7,64.55,700,64.7,450,3900,5161800
NIFTY20OCT2217300CE.NFO,17/10/2022,09:21:48,62.8,62.8,950,62.85,200,20650,5161800
NIFTY20OCT2217300CE.NFO,17/10/2022,09:21:50,63.55,63.45,600,63.65,1100,15050,5161800
NIFTY20OCT2217300CE.NFO,17/10/2022,09:21:51,63.4,63.2,700,63.4,4250,2200,5161800
NIFTY20OCT2217300CE.NFO,17/10/2022,09:21:51,63.55,63.5,50,63.6,100,1550,5161800
NIFTY20OCT2217300CE.NFO,17/10/2022,09:21:52,63.65,63.65,150,63.75,50,2150,5161800
NIFTY20OCT2217300CE.NFO,17/10/2022,09:21:53,64.5,64.45,400,64.55,100,2500,5161800
NIFTY20OCT2217300CE.NFO,17/10/2022,09:21:55,64.25,64.3,50,64.45,2350,7000,5161800
NIFTY20OCT2217300CE.NFO,17/10/2022,09:21:56,64.15,64.25,700,64.35,50,6150,5161800
NIFTY20OCT2217300CE.NFO,17/10/2022,09:21:57,64.9,64.9,500,64.95,600,10550,5161800
NIFTY20OCT2217300CE.NFO,17/10/2022,09:21:57,64.75,64.75,2350,64.95,800,950,5161800
NIFTY20OCT2217300CE.NFO,17/10/2022,09:21:58,64.85,64.7,300,64.85,50,5250,5161800
NIFTY20OCT2217300CE.NFO,17/10/2022,09:21:59,64.9,64.8,450,64.95,750,8500,5161800
NIFTY20OCT2217300CE.NFO,17/10/2022,09:22:01,63.35,63.4,200,63.5,250,30350,5161800
NIFTY20OCT2217300CE.NFO,17/10/2022,09:22:02,63.05,62.9,1000,63.05,50,15500,5161800
NIFTY20OCT2217300CE.NFO,17/10/2022,09:22:03,63.55,63.5,700,63.6,50,4850,5161800
NIFTY20OCT2217300CE.NFO,17/10/2022,09:22:04,64.05,64.05,800,64.2,750,2650,5161800
NIFTY20OCT2217300CE.NFO,17/10/2022,09:22:05,64.4,64.35,350,64.5,150,4250,5161800
NIFTY20OCT2217300CE.NFO,17/10/2022,09:22:06,63.05,62.95,450,63.1,1350,18850,5161800
NIFTY20OCT2217300CE.NFO,17/10/2022,09:22:06,62.95,62.85,700,63,1000,3100,5161800
NIFTY20OCT2217300CE.NFO,17/10/2022,09:22:07,63.4,63.35,400,63.4,50,9400,5161800
NIFTY20OCT2217300CE.NFO,17/10/2022,09:22:08,62.5,62.5,250,62.6,1050,4750,5161800
NIFTY20OCT2217300CE.NFO,17/10/2022,09:22:09,63.05,63.1,150,63.2,650,8150,5161800
NIFTY20OCT2217300CE.NFO,17/10/2022,09:22:10,62.7,62.55,350,62.75,2150,4550,5161800
NIFTY20OCT2217300CE.NFO,17/10/2022,09:22:12,62.45,62.4,200,62.5,50,8950,5161800
NIFTY20OCT2217300CE.NFO,17/10/2022,09:22:13,62.8,62.7,200,62.85,700,5300,5161800
NIFTY20OCT2217300CE.NFO,17/10/2022,09:22:14,63.1,62.8,50,62.95,800,3150,5161800
NIFTY20OCT2217300CE.NFO,17/10/2022,09:22:14,62.8,62.7,100,62.85,1300,1600,5161800
NIFTY20OCT2217300CE.NFO,17/10/2022,09:22:15,61.2,61.25,100,61.35,850,27700,5161800
NIFTY20OCT2217300CE.NFO,17/10/2022,09:22:16,61.6,61.45,1050,61.55,150,16050,5161800
NIFTY20OCT2217300CE.NFO,17/10/2022,09:22:17,62,62,400,62.15,750,20700,5161800
NIFTY20OCT2217300CE.NFO,17/10/2022,09:22:18,62.05,62.25,200,62.35,600,9350,5161800
NIFTY20OCT2217300CE.NFO,17/10/2022,09:22:20,61.5,61.25,300,61.35,550,21250,5161800
NIFTY20OCT2217300CE.NFO,17/10/2022,09:22:21,61.05,61.05,300,61.2,2050,15450,5161800
NIFTY20OCT2217300CE.NFO,17/10/2022,09:22:21,61.3,61.2,550,61.3,400,350,5161800
NIFTY20OCT2217300CE.NFO,17/10/2022,09:22:22,61.1,61.15,300,61.3,450,10000,5161800
NIFTY20OCT2217300CE.NFO,17/10/2022,09:22:23,61.45,61.4,2050,61.6,750,4300,5161800
NIFTY20OCT2217300CE.NFO,17/10/2022,09:22:24,61,61.05,550,61.25,2250,4200,5161800
NIFTY20OCT2217300CE.NFO,17/10/2022,09:22:26,60.5,60.55,550,60.7,100,8350,5161800
NIFTY20OCT2217300CE.NFO,17/10/2022,09:22:27,61.25,61.1,650,61.25,250,8850,5161800
NIFTY20OCT2217300CE.NFO,17/10/2022,09:22:28,61.35,61.2,1050,61.35,550,3800,5161800
NIFTY20OCT2217300CE.NFO,17/10/2022,09:22:29,62,61.85,350,62,2200,6700,5161800
NIFTY20OCT2217300CE.NFO,17/10/2022,09:22:29,61.8,61.85,850,62,2150,1200,5161800
NIFTY20OCT2217300CE.NFO,17/10/2022,09:22:31,64.15,64.2,100,64.35,300,39550,5161800
NIFTY20OCT2217300CE.NFO,17/10/2022,09:22:32,63.35,63.25,350,63.4,300,7800,5161800
NIFTY20OCT2217300CE.NFO,17/10/2022,09:22:33,62.25,62.15,50,62.25,200,7900,5161800
NIFTY20OCT2217300CE.NFO,17/10/2022,09:22:34,61.2,61.2,700,61.35,750,9200,5161800
NIFTY20OCT2217300CE.NFO,17/10/2022,09:22:35,61.95,61.9,1200,62.05,200,11750,5161800
NIFTY20OCT2217300CE.NFO,17/10/2022,09:22:36,62.4,62.5,350,62.7,150,5400,5161800
NIFTY20OCT2217300CE.NFO,17/10/2022,09:22:37,62.25,62.25,250,62.4,150,3900,5161800
NIFTY20OCT2217300CE.NFO,17/10/2022,09:22:37,62.55,62.5,50,62.65,600,1800,5161800
NIFTY20OCT2217300CE.NFO,17/10/2022,09:22:38,62.9,62.8,650,62.9,850,2150,5161800
NIFTY20OCT2217300CE.NFO,17/10/2022,09:22:39,62.65,62.45,550,62.55,200,8700,5161800
NIFTY20OCT2217300CE.NFO,17/10/2022,09:22:41,63.7,63.6,200,63.75,350,22650,5161800
NIFTY20OCT2217300CE.NFO,17/10/2022,09:22:42,63.7,63.7,450,63.85,300,2000,5161800
NIFTY20OCT2217300CE.NFO,17/10/2022,09:22:43,63,63,550,63.15,3350,8300,5161800
NIFTY20OCT2217300CE.NFO,17/10/2022,09:22:44,63.8,63.7,800,63.9,1250,20850,5161800
NIFTY20OCT2217300CE.NFO,17/10/2022,09:22:45,64.5,64.8,50,64.9,2500,9750,5161800
NIFTY20OCT2217300CE.NFO,17/10/2022,09:22:46,64.6,64.4,50,64.5,300,36900,5161800
NIFTY20OCT2217300CE.NFO,17/10/2022,09:22:47,64.45,64.3,300,64.45,50,2400,5161800
NIFTY20OCT2217300CE.NFO,17/10/2022,09:22:48,64.3,64.25,200,64.35,100,3250,5161800
NIFTY20OCT2217300CE.NFO,17/10/2022,09:22:48,64.9,64.85,350,65,250,900,5161800
NIFTY20OCT2217300CE.NFO,17/10/2022,09:22:49,64.7,64.95,50,65,450,3350,5161800
NIFTY20OCT2217300CE.NFO,17/10/2022,09:22:51,64.35,64.25,50,64.35,200,8400,5161800
NIFTY20OCT2217300CE.NFO,17/10/2022,09:22:51,64.2,64.15,50,64.3,150,2750,5161800
NIFTY20OCT2217300CE.NFO,17/10/2022,09:22:53,63.55,63.65,50,63.75,100,11900,5161800
NIFTY20OCT2217300CE.NFO,17/10/2022,09:22:54,63.8,63.85,600,64,100,6200,5161800
NIFTY20OCT2217300CE.NFO,17/10/2022,09:22:55,63.4,63.45,800,63.55,100,3600,5161800
NIFTY20OCT2217300CE.NFO,17/10/2022,09:22:55,63.55,63.45,800,63.6,450,550,5161800
NIFTY20OCT2217300CE.NFO,17/10/2022,09:22:56,63.15,62.9,1450,63.1,1050,6300,5161800
NIFTY20OCT2217300CE.NFO,17/10/2022,09:22:57,62.4,62.3,50,62.4,1800,4800,5161800
NIFTY20OCT2217300CE.NFO,17/10/2022,09:22:59,62.9,62.7,1000,62.9,4350,4100,5161800
NIFTY20OCT2217300CE.NFO,17/10/2022,09:23:00,62.6,62.65,50,62.8,3150,6150,5161800
NIFTY20OCT2217300CE.NFO,17/10/2022,09:23:01,64.25,64.25,250,64.35,550,11150,5161800
NIFTY20OCT2217300CE.NFO,17/10/2022,09:23:02,64,64,600,64.2,3200,4850,5161800
NIFTY20OCT2217300CE.NFO,17/10/2022,09:23:03,63.75,63.7,1100,63.9,850,12650,5161800
NIFTY20OCT2217300CE.NFO,17/10/2022,09:23:03,63.35,63.4,100,63.55,750,1100,5161800
NIFTY20OCT2217300CE.NFO,17/10/2022,09:23:04,62.8,62.65,50,62.8,4500,9450,5161800
NIFTY20OCT2217300CE.NFO,17/10/2022,09:23:05,62.55,62.5,900,62.7,5800,7250,5161800
NIFTY20OCT2217300CE.NFO,17/10/2022,09:23:06,62.75,62.5,1500,62.7,1750,3300,5161800
NIFTY20OCT2217300CE.NFO,17/10/2022,09:23:07,63.5,63.3,100,63.45,500,4900,5161800
NIFTY20OCT2217300CE.NFO,17/10/2022,09:23:08,63.25,63.15,50,63.25,3600,3500,5161800
NIFTY20OCT2217300CE.NFO,17/10/2022,09:23:09,63,63.05,200,63.2,850,350,5161800
NIFTY20OCT2217300CE.NFO,17/10/2022,09:23:11,62.45,62.5,450,62.7,3850,5350,5161800
NIFTY20OCT2217300CE.NFO,17/10/2022,09:23:12,62.6,62.45,850,62.6,700,2100,5161800
NIFTY20OCT2217300CE.NFO,17/10/2022,09:23:13,62.7,62.75,250,62.9,450,3200,5161800
NIFTY20OCT2217300CE.NFO,17/10/2022,09:23:13,62.6,62.55,650,62.75,750,200,5161800
NIFTY20OCT2217300CE.NFO,17/10/2022,09:23:14,63,62.85,1250,63,2800,3800,5161800
NIFTY20OCT2217300CE.NFO,17/10/2022,09:23:16,63.15,63,2700,63.2,1000,5050,5161800
NIFTY20OCT2217300CE.NFO,17/10/2022,09:23:17,63.2,63,1800,63.2,1800,2200,5161800
NIFTY20OCT2217300CE.NFO,17/10/2022,09:23:18,63.5,63.45,200,63.6,850,20850,5161800
NIFTY20OCT2217300CE.NFO,17/10/2022,09:23:18,63.5,63.45,850,63.65,950,3500,5161800
NIFTY20OCT2217300CE.NFO,17/10/2022,09:23:19,63.6,63.55,350,63.75,950,2150,5161800
NIFTY20OCT2217300CE.NFO,17/10/2022,09:23:20,64.3,64.15,200,64.3,900,8150,5161800
NIFTY20OCT2217300CE.NFO,17/10/2022,09:23:21,64.25,64.1,150,64.25,200,6950,5161800
NIFTY20OCT2217300CE.NFO,17/10/2022,09:23:22,63.15,63,1850,63.1,2550,3550,5161800
NIFTY20OCT2217300CE.NFO,17/10/2022,09:23:23,62.8,62.7,600,62.8,50,7350,5161800
NIFTY20OCT2217300CE.NFO,17/10/2022,09:23:24,62.45,62.2,1050,62.35,450,5300,5161800
NIFTY20OCT2217300CE.NFO,17/10/2022,09:23:26,62.3,62.3,1700,62.5,4300,8400,5161800
NIFTY20OCT2217300CE.NFO,17/10/2022,09:23:27,62.35,62.15,650,62.35,800,3600,5161800
NIFTY20OCT2217300CE.NFO,17/10/2022,09:23:28,61.45,61.35,500,61.5,2200,19100,5407400
NIFTY20OCT2217300CE.NFO,17/10/2022,09:23:28,61.45,61.45,950,61.6,650,600,5407400
NIFTY20OCT2217300CE.NFO,17/10/2022,09:23:29,62.05,62.1,1450,62.25,350,3450,5407400
NIFTY20OCT2217300CE.NFO,17/10/2022,09:23:31,62.35,62.15,400,62.35,450,4900,5407400
NIFTY20OCT2217300CE.NFO,17/10/2022,09:23:32,62.05,62.2,300,62.3,50,2900,5407400
NIFTY20OCT2217300CE.NFO,17/10/2022,09:23:33,62.4,62.5,350,62.6,250,3450,5407400
NIFTY20OCT2217300CE.NFO,17/10/2022,09:23:34,62.3,62.25,1900,62.45,550,4150,5407400
NIFTY20OCT2217300CE.NFO,17/10/2022,09:23:35,61.9,61.9,800,62.05,100,2800,5407400
NIFTY20OCT2217300CE.NFO,17/10/2022,09:23:36,61.6,61.6,350,61.75,250,4300,5407400
NIFTY20OCT2217300CE.NFO,17/10/2022,09:23:37,61.8,61.6,800,61.75,500,1350,5407400
NIFTY20OCT2217300CE.NFO,17/10/2022,09:23:37,61.8,61.8,400,61.9,50,750,5407400
NIFTY20OCT2217300CE.NFO,17/10/2022,09:23:38,62.3,62.15,700,62.3,2050,2850,5407400
NIFTY20OCT2217300CE.NFO,17/10/2022,09:23:40,62.25,62.1,850,62.2,150,4700,5407400
NIFTY20OCT2217300CE.NFO,17/10/2022,09:23:41,61.65,61.35,550,61.55,400,9350,5407400
NIFTY20OCT2217300CE.NFO,17/10/2022,09:23:42,61.35,61.4,100,61.55,350,850,5407400
NIFTY20OCT2217300CE.NFO,17/10/2022,09:23:42,61.25,61.25,2000,61.45,400,550,5407400
NIFTY20OCT2217300CE.NFO,17/10/2022,09:23:44,62.05,61.8,1550,62,150,6200,5407400
NIFTY20OCT2217300CE.NFO,17/10/2022,09:23:44,62.05,62,550,62.1,50,1550,5407400
NIFTY20OCT2217300CE.NFO,17/10/2022,09:23:46,61.5,61.45,100,61.6,200,1500,5407400
NIFTY20OCT2217300CE.NFO,17/10/2022,09:23:47,61.9,61.6,550,61.75,200,1850,5407400
NIFTY20OCT2217300CE.NFO,17/10/2022,09:23:48,62.2,62.05,150,62.2,400,1700,5407400
NIFTY20OCT2217300CE.NFO,17/10/2022,09:23:49,62,62.15,650,62.25,100,1550,5407400
NIFTY20OCT2217300CE.NFO,17/10/2022,09:23:50,62.2,62.05,700,62.2,1350,1900,5407400
NIFTY20OCT2217300CE.NFO,17/10/2022,09:23:50,62.25,62.05,300,62.2,2500,1100,5407400
NIFTY20OCT2217300CE.NFO,17/10/2022,09:23:51,63.1,62.95,1250,63.15,950,6750,5407400
NIFTY20OCT2217300CE.NFO,17/10/2022,09:23:52,62.8,62.8,800,62.95,100,3200,5407400
NIFTY20OCT2217300CE.NFO,17/10/2022,09:23:53,63.1,63,400,63.15,1150,3000,5407400
NIFTY20OCT2217300CE.NFO,17/10/2022,09:23:55,62.75,62.65,650,62.8,1100,6800,5407400
NIFTY20OCT2217300CE.NFO,17/10/2022,09:23:56,62.65,62.55,200,62.7,1200,550,5407400
NIFTY20OCT2217300CE.NFO,17/10/2022,09:23:57,62.35,62.2,50,62.3,450,1600,5407400
NIFTY20OCT2217300CE.NFO,17/10/2022,09:23:58,63.1,62.85,1250,63.05,1250,4400,5407400
NIFTY20OCT2217300CE.NFO,17/10/2022,09:23:59,62.75,62.65,50,62.8,1150,2300,5407400
NIFTY20OCT2217300CE.NFO,17/10/2022,09:24:00,62.65,62.45,750,62.6,50,1750,5407400
NIFTY20OCT2217300CE.NFO,17/10/2022,09:24:01,62.75,62.7,800,62.8,200,1000,5407400
NIFTY20OCT2217300CE.NFO,17/10/2022,09:24:01,62.85,62.95,100,63,100,3500,5407400
NIFTY20OCT2217300CE.NFO,17/10/2022,09:24:02,63.25,63.25,700,63.4,250,1050,5407400
NIFTY20OCT2217300CE.NFO,17/10/2022,09:24:03,63.6,63.6,50,63.7,550,8000,5407400
NIFTY20OCT2217300CE.NFO,17/10/2022,09:24:04,63.7,63.7,100,63.75,50,5900,5407400
NIFTY20OCT2217300CE.NFO,17/10/2022,09:24:06,63.65,63.6,250,63.7,50,12300,5407400
NIFTY20OCT2217300CE.NFO,17/10/2022,09:24:07,63.95,63.95,100,64,1650,4600,5407400
NIFTY20OCT2217300CE.NFO,17/10/2022,09:24:08,64.2,64.05,600,64.2,450,5900,5407400
NIFTY20OCT2217300CE.NFO,17/10/2022,09:24:09,63.6,63.5,150,63.65,850,3850,5407400
NIFTY20OCT2217300CE.NFO,17/10/2022,09:24:10,63.65,63.55,650,63.65,300,5500,5407400
NIFTY20OCT2217300CE.NFO,17/10/2022,09:24:10,63.8,63.65,1150,63.8,150,2050,5407400
NIFTY20OCT2217300CE.NFO,17/10/2022,09:24:11,63.55,63.45,150,63.6,1500,5350,5407400
NIFTY20OCT2217300CE.NFO,17/10/2022,09:24:12,63.4,63.5,50,63.55,250,950,5407400
NIFTY20OCT2217300CE.NFO,17/10/2022,09:24:13,63.25,63.25,300,63.35,50,4300,5407400
NIFTY20OCT2217300CE.NFO,17/10/2022,09:24:15,64.3,64.15,600,64.2,50,5250,5407400
NIFTY20OCT2217300CE.NFO,17/10/2022,09:24:16,64.25,64.2,550,64.35,350,2450,5407400
NIFTY20OCT2217300CE.NFO,17/10/2022,09:24:16,64.3,64.1,350,64.3,550,2950,5407400
NIFTY20OCT2217300CE.NFO,17/10/2022,09:24:18,64.35,64.35,50,64.45,600,1400,5407400
NIFTY20OCT2217300CE.NFO,17/10/2022,09:24:18,63.75,63.55,600,63.7,800,5100,5407400
NIFTY20OCT2217300CE.NFO,17/10/2022,09:24:19,63.35,63.35,1050,63.45,50,3400,5407400
NIFTY20OCT2217300CE.NFO,17/10/2022,09:24:20,63.9,63.8,350,63.85,50,5750,5407400
NIFTY20OCT2217300CE.NFO,17/10/2022,09:24:21,64.45,64.4,50,64.45,50,2950,5407400
NIFTY20OCT2217300CE.NFO,17/10/2022,09:24:22,64.5,64.55,50,64.7,550,4900,5407400
NIFTY20OCT2217300CE.NFO,17/10/2022,09:24:24,64.1,64.15,50,64.25,700,4150,5407400
NIFTY20OCT2217300CE.NFO,17/10/2022,09:24:24,64.5,64.45,250,64.5,200,2100,5407400
NIFTY20OCT2217300CE.NFO,17/10/2022,09:24:26,64.15,64.05,250,64.25,750,1650,5407400
NIFTY20OCT2217300CE.NFO,17/10/2022,09:24:27,64.05,63.8,200,63.95,500,1850,5407400
NIFTY20OCT2217300CE.NFO,17/10/2022,09:24:28,63.9,63.7,700,63.85,50,1450,5407400
NIFTY20OCT2217300CE.NFO,17/10/2022,09:24:29,64.35,64.25,1100,64.35,50,5800,5407400
NIFTY20OCT2217300CE.NFO,17/10/2022,09:24:29,64.4,64.35,300,64.4,400,750,5407400
NIFTY20OCT2217300CE.NFO,17/10/2022,09:24:30,64.6,64.45,900,64.6,50,3200,5407400
NIFTY20OCT2217300CE.NFO,17/10/2022,09:24:31,64.95,64.85,550,65,21300,1750,5407400
NIFTY20OCT2217300CE.NFO,17/10/2022,09:24:33,64.95,64.9,2000,65.15,2700,34650,5407400
NIFTY20OCT2217300CE.NFO,17/10/2022,09:24:34,65,65.1,1000,65.25,100,9050,5407400
NIFTY20OCT2217300CE.NFO,17/10/2022,09:24:35,65.4,65.4,50,65.55,600,7000,5407400
NIFTY20OCT2217300CE.NFO,17/10/2022,09:24:36,65.15,65.15,1350,65.35,650,3350,5407400
NIFTY20OCT2217300CE.NFO,17/10/2022,09:24:37,65.55,65.45,900,65.6,1550,3500,5407400
NIFTY20OCT2217300CE.NFO,17/10/2022,09:24:37,65.2,65.25,350,65.35,500,500,5407400
NIFTY20OCT2217300CE.NFO,17/10/2022,09:24:38,65.5,65.4,50,65.55,1500,12400,5407400
NIFTY20OCT2217300CE.NFO,17/10/2022,09:24:39,65.15,65,50,65.15,250,5650,5407400
NIFTY20OCT2217300CE.NFO,17/10/2022,09:24:41,64.9,64.8,1050,64.95,50,8250,5407400
NIFTY20OCT2217300CE.NFO,17/10/2022,09:24:42,65,64.9,200,65.05,250,4100,5407400
NIFTY20OCT2217300CE.NFO,17/10/2022,09:24:43,65.15,64.8,900,65,1600,1700,5407400
NIFTY20OCT2217300CE.NFO,17/10/2022,09:24:44,65.3,65.15,400,65.3,50,4250,5407400
NIFTY20OCT2217300CE.NFO,17/10/2022,09:24:45,65.2,65.15,650,65.3,2500,2600,5407400
NIFTY20OCT2217300CE.NFO,17/10/2022,09:24:46,65.05,65,2200,65.15,300,3800,5407400
NIFTY20OCT2217300CE.NFO,17/10/2022,09:24:46,65,65.1,100,65.25,1500,100,5407400
NIFTY20OCT2217300CE.NFO,17/10/2022,09:24:47,64.75,64.7,950,64.85,50,5500,5407400
NIFTY20OCT2217300CE.NFO,17/10/2022,09:24:48,64.95,65,200,65.15,750,6400,5407400
NIFTY20OCT2217300CE.NFO,17/10/2022,09:24:49,65,65.15,700,65.3,350,750,5407400
NIFTY20OCT2217300CE.NFO,17/10/2022,09:24:51,65.3,65.5,850,65.65,50,1400,5407400
NIFTY20OCT2217300CE.NFO,17/10/2022,09:24:52,65.5,65.25,2050,65.45,450,2300,5407400
NIFTY20OCT2217300CE.NFO,17/10/2022,09:24:53,64.75,64.75,1950,64.85,150,7400,5407400
NIFTY20OCT2217300CE.NFO,17/10/2022,09:24:54,65.55,65.55,400,65.7,700,8300,5407400
NIFTY20OCT2217300CE.NFO,17/10/2022,09:24:55,65.35,65.25,800,65.4,400,3900,5407400
NIFTY20OCT2217300CE.NFO,17/10/2022,09:24:56,65.85,65.75,50,65.9,850,7050,5407400
NIFTY20OCT2217300CE.NFO,17/10/2022,09:24:57,64.85,64.75,100,64.85,300,5550,5407400
NIFTY20OCT2217300CE.NFO,17/10/2022,09:24:58,65.65,65.5,800,65.65,150,2000,5407400
NIFTY20OCT2217300CE.NFO,17/10/2022,09:24:59,66.3,66.15,250,66.3,200,7850,5407400
NIFTY20OCT2217300CE.NFO,17/10/2022,09:24:59,66.3,66.1,400,66.2,50,0,5407400
NIFTY20OCT2217300CE.NFO,17/10/2022,09:25:00,66.5,66.35,50,66.5,1300,5500,5407400
NIFTY20OCT2217300CE.NFO,17/10/2022,09:25:01,66.45,66.45,600,66.65,950,12450,5407400
NIFTY20OCT2217300CE.NFO,17/10/2022,09:25:03,65.85,65.65,50,65.8,350,11200,5407400
NIFTY20OCT2217300CE.NFO,17/10/2022,09:25:04,65.7,65.7,700,65.8,50,11750,5407400
NIFTY20OCT2217300CE.NFO,17/10/2022,09:25:05,65.7,65.5,750,65.65,150,8100,5407400
NIFTY20OCT2217300CE.NFO,17/10/2022,09:25:05,64.7,64.55,950,64.7,600,11050,5407400
NIFTY20OCT2217300CE.NFO,17/10/2022,09:25:07,64.85,64.5,550,64.7,1450,2900,5407400
NIFTY20OCT2217300CE.NFO,17/10/2022,09:25:08,65.4,65.4,200,65.55,850,4700,5407400
NIFTY20OCT2217300CE.NFO,17/10/2022,09:25:09,65.7,65.7,400,65.85,1050,2050,5407400
NIFTY20OCT2217300CE.NFO,17/10/2022,09:25:10,66.15,66,1300,66.15,200,4050,5407400
NIFTY20OCT2217300CE.NFO,17/10/2022,09:25:11,65,65,700,65.15,900,9000,5407400
NIFTY20OCT2217300CE.NFO,17/10/2022,09:25:12,64.55,64.35,300,64.4,600,6200,5407400
NIFTY20OCT2217300CE.NFO,17/10/2022,09:25:13,64.5,64.5,750,64.65,50,4700,5407400
NIFTY20OCT2217300CE.NFO,17/10/2022,09:25:14,64.4,64.3,350,64.45,50,8100,5407400
NIFTY20OCT2217300CE.NFO,17/10/2022,09:25:15,64.8,64.65,50,64.8,1300,7000,5407400
NIFTY20OCT2217300CE.NFO,17/10/2022,09:25:16,64.8,64.75,1350,64.95,800,3100,5407400
NIFTY20OCT2217300CE.NFO,17/10/2022,09:25:17,64.7,64.55,350,64.7,300,4150,5407400
NIFTY20OCT2217300CE.NFO,17/10/2022,09:25:18,64.9,64.75,800,64.9,650,1800,5407400
NIFTY20OCT2217300CE.NFO,17/10/2022,09:25:19,64.85,64.85,200,64.95,100,3000,5407400
NIFTY20OCT2217300CE.NFO,17/10/2022,09:25:20,65.6,65.45,300,65.6,100,3500,5407400
NIFTY20OCT2217300CE.NFO,17/10/2022,09:25:21,65.3,65.45,150,65.55,150,3050,5407400
NIFTY20OCT2217300CE.NFO,17/10/2022,09:25:22,65.45,65.3,1250,65.5,3950,3150,5407400
NIFTY20OCT2217300CE.NFO,17/10/2022,09:25:23,65.1,65,750,65.15,450,2650,5407400
NIFTY20OCT2217300CE.NFO,17/10/2022,09:25:24,65.3,65.3,500,65.5,4150,2450,5407400
NIFTY20OCT2217300CE.NFO,17/10/2022,09:25:25,65.5,65.4,250,65.55,1700,400,5407400
NIFTY20OCT2217300CE.NFO,17/10/2022,09:25:26,66.15,66.05,300,66.2,5250,10100,5407400
NIFTY20OCT2217300CE.NFO,17/10/2022,09:25:27,65.9,65.75,800,65.9,400,2300,5407400
NIFTY20OCT2217300CE.NFO,17/10/2022,09:25:28,65,65,2100,65.2,4950,5750,5407400
NIFTY20OCT2217300CE.NFO,17/10/2022,09:25:29,65.45,65.2,300,65.35,950,4200,5407400
NIFTY20OCT2217300CE.NFO,17/10/2022,09:25:30,64.7,64.7,650,64.85,800,4850,5407400
NIFTY20OCT2217300CE.NFO,17/10/2022,09:25:31,65.05,65,250,65.1,50,11500,5407400
NIFTY20OCT2217300CE.NFO,17/10/2022,09:25:31,64.85,64.85,1100,65.05,1600,250,5407400
NIFTY20OCT2217300CE.NFO,17/10/2022,09:25:32,65.1,64.95,750,65.15,400,950,5407400
NIFTY20OCT2217300CE.NFO,17/10/2022,09:25:33,64.95,64.7,300,64.9,2450,4450,5407400
NIFTY20OCT2217300CE.NFO,17/10/2022,09:25:35,64.65,64.65,1800,64.85,800,2150,5407400
NIFTY20OCT2217300CE.NFO,17/10/2022,09:25:36,64.7,64.55,1350,64.75,1000,2400,5407400
NIFTY20OCT2217300CE.NFO,17/10/2022,09:25:37,64.6,64.5,2150,64.7,2550,2050,5407400
NIFTY20OCT2217300CE.NFO,17/10/2022,09:25:38,64.25,64.15,900,64.35,2800,9500,5407400
NIFTY20OCT2217300CE.NFO,17/10/2022,09:25:39,64.3,64.15,800,64.35,2350,8350,5407400
NIFTY20OCT2217300CE.NFO,17/10/2022,09:25:39,64.25,64,2500,64.15,800,450,5407400
NIFTY20OCT2217300CE.NFO,17/10/2022,09:25:41,63.9,63.7,3700,63.9,850,10750,5407400
NIFTY20OCT2217300CE.NFO,17/10/2022,09:25:42,63.15,63.2,50,63.4,550,6200,5407400
NIFTY20OCT2217300CE.NFO,17/10/2022,09:25:43,63.25,63.05,450,63.25,950,1700,5407400
NIFTY20OCT2217300CE.NFO,17/10/2022,09:25:44,63.8,63.8,500,63.95,150,16100,5407400
NIFTY20OCT2217300CE.NFO,17/10/2022,09:25:45,64.05,64,1400,64.15,50,5600,5407400
NIFTY20OCT2217300CE.NFO,17/10/2022,09:25:46,63.55,63.65,50,63.8,400,2800,5407400
NIFTY20OCT2217300CE.NFO,17/10/2022,09:25:46,63.75,63.6,50,63.75,100,300,5407400
NIFTY20OCT2217300CE.NFO,17/10/2022,09:25:48,64.45,64.25,50,64.4,1350,1950,5407400
NIFTY20OCT2217300CE.NFO,17/10/2022,09:25:49,64.15,63.95,200,64.1,50,2650,5407400
NIFTY20OCT2217300CE.NFO,17/10/2022,09:25:50,63.65,63.45,50,63.6,3100,2700,5407400
NIFTY20OCT2217300CE.NFO,17/10/2022,09:25:51,63,62.8,700,63,650,6500,5407400
NIFTY20OCT2217300CE.NFO,17/10/2022,09:25:52,62.75,62.85,800,63.05,700,1200,5407400
NIFTY20OCT2217300CE.NFO,17/10/2022,09:25:53,62.7,62.5,850,62.65,50,2800,5407400
NIFTY20OCT2217300CE.NFO,17/10/2022,09:25:53,62.75,62.5,800,62.6,200,100,5407400
NIFTY20OCT2217300CE.NFO,17/10/2022,09:25:54,62.65,62.8,50,62.9,1500,3900,5407400
NIFTY20OCT2217300CE.NFO,17/10/2022,09:25:55,63.25,63.05,50,63.15,200,3650,5407400
NIFTY20OCT2217300CE.NFO,17/10/2022,09:25:57,64.45,64.45,200,64.55,200,9850,5407400
NIFTY20OCT2217300CE.NFO,17/10/2022,09:25:58,64.3,64.2,450,64.35,750,4750,5407400
NIFTY20OCT2217300CE.NFO,17/10/2022,09:25:59,64.15,64,750,64.15,1250,2950,5407400
NIFTY20OCT2217300CE.NFO,17/10/2022,09:26:00,64.15,64.15,2300,64.3,150,7450,5407400
NIFTY20OCT2217300CE.NFO,17/10/2022,09:26:01,64,64,1650,64.15,200,6600,5407400
NIFTY20OCT2217300CE.NFO,17/10/2022,09:26:01,63.85,64,1250,64.15,300,500,5407400
NIFTY20OCT2217300CE.NFO,17/10/2022,09:26:02,64.5,64.35,750,64.5,500,1800,5407400
NIFTY20OCT2217300CE.NFO,17/10/2022,09:26:03,63.8,63.6,700,63.75,900,4850,5407400
NIFTY20OCT2217300CE.NFO,17/10/2022,09:26:05,63.85,63.75,250,63.9,300,3800,5407400
NIFTY20OCT2217300CE.NFO,17/10/2022,09:26:06,63.55,63.55,1300,63.7,300,9600,5407400
NIFTY20OCT2217300CE.NFO,17/10/2022,09:26:07,64.4,64.4,100,64.5,850,6450,5407400
NIFTY20OCT2217300CE.NFO,17/10/2022,09:26:08,64.6,64.6,1200,64.7,450,2600,5407400
NIFTY20OCT2217300CE.NFO,17/10/2022,09:26:09,64.5,64.35,1000,64.5,250,1700,5407400
NIFTY20OCT2217300CE.NFO,17/10/2022,09:26:10,64.1,64.15,50,64.3,1550,3300,5407400
NIFTY20OCT2217300CE.NFO,17/10/2022,09:26:10,64.15,64.05,550,64.2,850,50,5407400
NIFTY20OCT2217300CE.NFO,17/10/2022,09:26:11,64.15,64,350,64.15,2000,1500,5407400
NIFTY20OCT2217300CE.NFO,17/10/2022,09:26:13,64.2,64.05,650,64.2,1500,2550,5407400
NIFTY20OCT2217300CE.NFO,17/10/2022,09:26:14,63.55,63.5,200,63.65,850,2350,5407400
NIFTY20OCT2217300CE.NFO,17/10/2022,09:26:15,63.35,63.25,650,63.4,50,14900,5407400
NIFTY20OCT2217300CE.NFO,17/10/2022,09:26:15,63.55,63.65,50,63.7,50,350,5407400
NIFTY20OCT2217300CE.NFO,17/10/2022,09:26:17,63.45,63.45,1350,63.6,400,1650,5407400
NIFTY20OCT2217300CE.NFO,17/10/2022,09:26:17,63.7,63.7,250,63.8,200,1400,5407400
NIFTY20OCT2217300CE.NFO,17/10/2022,09:26:19,63.6,63.4,400,63.55,1200,2600,5407400
NIFTY20OCT2217300CE.NFO,17/10/2022,09:26:20,63.6,63.55,950,63.65,50,2900,5407400
NIFTY20OCT2217300CE.NFO,17/10/2022,09:26:21,63.95,63.8,550,63.95,2500,2100,5407400
NIFTY20OCT2217300CE.NFO,17/10/2022,09:26:22,63.5,63.5,50,63.55,100,1050,5407400
NIFTY20OCT2217300CE.NFO,17/10/2022,09:26:23,63.25,63.2,500,63.35,1300,750,5407400
NIFTY20OCT2217300CE.NFO,17/10/2022,09:26:24,63.15,63,3750,63.1,450,1350,5407400
NIFTY20OCT2217300CE.NFO,17/10/2022,09:26:25,63.1,63.05,250,63.15,1050,950,5407400
NIFTY20OCT2217300CE.NFO,17/10/2022,09:26:25,63.1,63,2850,63.1,1400,500,5407400
NIFTY20OCT2217300CE.NFO,17/10/2022,09:26:27,62.8,62.8,1450,62.95,500,5050,5407400
NIFTY20OCT2217300CE.NFO,17/10/2022,09:26:28,62.85,62.65,650,62.8,2750,1200,5407400
NIFTY20OCT2217300CE.NFO,17/10/2022,09:26:29,62.95,63.05,700,63.15,50,3100,5522550
NIFTY20OCT2217300CE.NFO,17/10/2022,09:26:30,62.75,62.75,550,62.9,600,2800,5522550
NIFTY20OCT2217300CE.NFO,17/10/2022,09:26:31,62.85,62.75,1600,62.9,1500,3100,5522550
NIFTY20OCT2217300CE.NFO,17/10/2022,09:26:32,63.35,63.2,950,63.3,50,6300,5522550
NIFTY20OCT2217300CE.NFO,17/10/2022,09:26:33,63.3,63.1,50,63.2,1350,6100,5522550
NIFTY20OCT2217300CE.NFO,17/10/2022,09:26:34,63.05,62.85,1550,63,550,1450,5522550
NIFTY20OCT2217300CE.NFO,17/10/2022,09:26:35,63.1,62.85,50,62.95,850,2900,5522550
NIFTY20OCT2217300CE.NFO,17/10/2022,09:26:36,62.65,62.65,1550,62.85,1050,4050,5522550
NIFTY20OCT2217300CE.NFO,17/10/2022,09:26:36,63,62.7,100,62.85,2500,900,5522550
NIFTY20OCT2217300CE.NFO,17/10/2022,09:26:38,63.1,63,1050,63.1,100,3550,5522550
NIFTY20OCT2217300CE.NFO,17/10/2022,09:26:39,63.25,63.3,50,63.45,1700,2400,5522550
NIFTY20OCT2217300CE.NFO,17/10/2022,09:26:40,63.75,63.7,450,63.85,1150,3750,5522550
NIFTY20OCT2217300CE.NFO,17/10/2022,09:26:41,63.15,63.15,200,63.3,3650,5000,5522550
NIFTY20OCT2217300CE.NFO,17/10/2022,09:26:42,63.45,63.25,1050,63.4,50,1600,5522550
NIFTY20OCT2217300CE.NFO,17/10/2022,09:26:42,63.35,63.35,850,63.55,1700,500,5522550
NIFTY20OCT2217300CE.NFO,17/10/2022,09:26:43,63.15,63.05,800,63.15,50,2800,5522550
NIFTY20OCT2217300CE.NFO,17/10/2022,09:26:45,63.3,63.3,400,63.4,50,3050,5522550
NIFTY20OCT2217300CE.NFO,17/10/2022,09:26:46,63.55,63.2,650,63.35,100,1100,5522550
NIFTY20OCT2217300CE.NFO,17/10/2022,09:26:47,63.05,63.05,450,63.1,400,5950,5522550
NIFTY20OCT2217300CE.NFO,17/10/2022,09:26:48,63.1,63,50,63.1,900,2350,5522550
NIFTY20OCT2217300CE.NFO,17/10/2022,09:26:49,63.2,63.3,1300,63.45,50,1100,5522550
NIFTY20OCT2217300CE.NFO,17/10/2022,09:26:49,63.25,63.25,550,63.4,700,150,5522550
NIFTY20OCT2217300CE.NFO,17/10/2022,09:26:51,63.25,63.15,750,63.3,50,150,5522550
NIFTY20OCT2217300CE.NFO,17/10/2022,09:26:52,63.3,63.25,50,63.4,1650,1500,5522550
NIFTY20OCT2217300CE.NFO,17/10/2022,09:26:53,63.4,63.25,200,63.4,1100,850,5522550
NIFTY20OCT2217300CE.NFO,17/10/2022,09:26:54,63.5,63.4,300,63.55,500,2700,5522550
NIFTY20OCT2217300CE.NFO,17/10/2022,09:26:55,63.2,63.1,250,63.2,1600,750,5522550
NIFTY20OCT2217300CE.NFO,17/10/2022,09:26:56,63.25,63.3,700,63.4,50,1100,5522550
NIFTY20OCT2217300CE.NFO,17/10/2022,09:26:57,63.2,63.1,750,63.3,5650,1150,5522550
NIFTY20OCT2217300CE.NFO,17/10/2022,09:26:58,63.15,63,1700,63.15,3250,3150,5522550
NIFTY20OCT2217300CE.NFO,17/10/2022,09:26:59,62.45,62.3,250,62.45,3750,8400,5522550
NIFTY20OCT2217300CE.NFO,17/10/2022,09:26:59,62.3,62.25,600,62.35,400,50,5522550
NIFTY20OCT2217300CE.NFO,17/10/2022,09:27:01,61.8,61.7,650,61.85,1350,23900,5522550
NIFTY20OCT2217300CE.NFO,17/10/2022,09:27:02,62.05,61.75,450,61.9,500,7850,5522550
NIFTY20OCT2217300CE.NFO,17/10/2022,09:27:03,61.5,61.5,3950,61.65,1300,6700,5522550
NIFTY20OCT2217300CE.NFO,17/10/2022,09:27:04,61.65,61.65,3850,61.8,950,4400,5522550
NIFTY20OCT2217300CE.NFO,17/10/2022,09:27:04,62.25,62.4,50,62.5,1350,6500,5522550
NIFTY20OCT2217300CE.NFO,17/10/2022,09:27:06,62.2,62.15,1600,62.35,550,2900,5522550
NIFTY20OCT2217300CE.NFO,17/10/2022,09:27:07,61.7,61.8,50,61.95,950,5050,5522550
NIFTY20OCT2217300CE.NFO,17/10/2022,09:27:08,61.85,61.85,650,61.95,150,2700,5522550
NIFTY20OCT2217300CE.NFO,17/10/2022,09:27:09,61.7,61.7,150,61.85,1200,1850,5522550
NIFTY20OCT2217300CE.NFO,17/10/2022,09:27:10,62.05,62,700,62.1,50,4650,5522550
NIFTY20OCT2217300CE.NFO,17/10/2022,09:27:11,62.05,62,450,62.15,600,400,5522550
NIFTY20OCT2217300CE.NFO,17/10/2022,09:27:12,61.95,61.85,500,62,1800,1050,5522550
NIFTY20OCT2217300CE.NFO,17/10/2022,09:27:13,62.2,62,500,62.15,100,5050,5522550
NIFTY20OCT2217300CE.NFO,17/10/2022,09:27:14,61.9,61.9,450,62,50,2450,5522550
NIFTY20OCT2217300CE.NFO,17/10/2022,09:27:15,61.6,61.55,2000,61.75,550,2200,5522550
NIFTY20OCT2217300CE.NFO,17/10/2022,09:27:16,61.25,61.25,1650,61.4,1750,4850,5522550
NIFTY20OCT2217300CE.NFO,17/10/2022,09:27:17,61.2,61.2,150,61.25,100,6300,5522550
NIFTY20OCT2217300CE.NFO,17/10/2022,09:27:18,61,61,2950,61.05,1650,23400,5522550
NIFTY20OCT2217300CE.NFO,17/10/2022,09:27:19,60.95,61.05,1300,61.2,1200,6650,5522550
NIFTY20OCT2217300CE.NFO,17/10/2022,09:27:20,61,60.85,1000,61.05,1100,5000,5522550
NIFTY20OCT2217300CE.NFO,17/10/2022,09:27:21,60.8,60.8,1800,60.95,1350,4050,5522550
NIFTY20OCT2217300CE.NFO,17/10/2022,09:27:22,60.8,60.75,3700,60.9,100,9300,5522550
NIFTY20OCT2217300CE.NFO,17/10/2022,09:27:23,60.8,60.8,900,60.95,1750,6400,5522550
NIFTY20OCT2217300CE.NFO,17/10/2022,09:27:24,61.05,61.05,600,61.2,500,3250,5522550
NIFTY20OCT2217300CE.NFO,17/10/2022,09:27:25,61.15,61,150,61.1,550,800,5522550
NIFTY20OCT2217300CE.NFO,17/10/2022,09:27:26,61,60.95,800,61.1,550,2850,5522550
NIFTY20OCT2217300CE.NFO,17/10/2022,09:27:27,61.1,60.9,500,61.05,550,4150,5522550
NIFTY20OCT2217300CE.NFO,17/10/2022,09:27:28,61,60.85,1550,61,50,1850,5522550
NIFTY20OCT2217300CE.NFO,17/10/2022,09:27:29,61.1,60.95,50,61.05,850,2950,5522550
NIFTY20OCT2217300CE.NFO,17/10/2022,09:27:30,61.05,60.95,700,61.1,550,5950,5522550
NIFTY20OCT2217300CE.NFO,17/10/2022,09:27:31,61,60.85,1250,61,300,3600,5522550
NIFTY20OCT2217300CE.NFO,17/10/2022,09:27:32,60.85,60.8,1450,60.95,100,1250,5522550
NIFTY20OCT2217300CE.NFO,17/10/2022,09:27:33,61,61,50,61.05,1550,3850,5522550
NIFTY20OCT2217300CE.NFO,17/10/2022,09:27:34,61.2,61.2,550,61.35,550,5850,5522550
NIFTY20OCT2217300CE.NFO,17/10/2022,09:27:35,61.35,61.4,50,61.55,3000,1050,5522550
NIFTY20OCT2217300CE.NFO,17/10/2022,09:27:36,62.3,62.3,450,62.4,750,19400,5522550
NIFTY20OCT2217300CE.NFO,17/10/2022,09:27:37,62.1,61.95,50,62.05,100,4300,5522550
NIFTY20OCT2217300CE.NFO,17/10/2022,09:27:38,62.05,61.8,550,61.95,1500,2100,5522550
NIFTY20OCT2217300CE.NFO,17/10/2022,09:27:39,61.65,61.5,1150,61.65,150,450,5522550
NIFTY20OCT2217300CE.NFO,17/10/2022,09:27:40,61.8,61.9,750,62.05,1450,850,5522550
NIFTY20OCT2217300CE.NFO,17/10/2022,09:27:41,62.75,62.75,2100,62.9,400,5500,5522550
NIFTY20OCT2217300CE.NFO,17/10/2022,09:27:42,62.5,62.55,1400,62.7,1150,5150,5522550
NIFTY20OCT2217300CE.NFO,17/10/2022,09:27:43,63,62.85,300,63,700,15300,5522550
NIFTY20OCT2217300CE.NFO,17/10/2022,09:27:44,62.8,62.6,3100,62.8,1400,1150,5522550
NIFTY20OCT2217300CE.NFO,17/10/2022,09:27:45,62.95,62.8,50,62.9,500,2500,5522550
NIFTY20OCT2217300CE.NFO,17/10/2022,09:27:46,62.9,62.7,950,62.85,550,3600,5522550
NIFTY20OCT2217300CE.NFO,17/10/2022,09:27:47,62.6,62.6,700,62.7,250,1100,5522550
NIFTY20OCT2217300CE.NFO,17/10/2022,09:27:48,62.6,62.4,1250,62.55,50,7250,5522550
NIFTY20OCT2217300CE.NFO,17/10/2022,09:27:49,61.4,61.55,1650,61.65,150,14750,5522550
NIFTY20OCT2217300CE.NFO,17/10/2022,09:27:50,60.9,60.9,1900,61.05,1750,5850,5522550
NIFTY20OCT2217300CE.NFO,17/10/2022,09:27:51,60.9,60.8,1250,60.9,750,500,5522550
NIFTY20OCT2217300CE.NFO,17/10/2022,09:27:52,60.7,60.6,600,60.7,550,3450,5522550
NIFTY20OCT2217300CE.NFO,17/10/2022,09:27:53,60.25,60.25,1000,60.3,500,15300,5522550
NIFTY20OCT2217300CE.NFO,17/10/2022,09:27:54,60.85,60.7,500,60.85,1050,2000,5522550
NIFTY20OCT2217300CE.NFO,17/10/2022,09:27:55,60.7,60.6,50,60.7,350,3650,5522550
NIFTY20OCT2217300CE.NFO,17/10/2022,09:27:56,60.65,60.5,1900,60.65,500,7700,5522550
NIFTY20OCT2217300CE.NFO,17/10/2022,09:27:57,60.5,60.55,50,60.6,1650,1450,5522550
NIFTY20OCT2217300CE.NFO,17/10/2022,09:27:58,60.4,60.45,50,60.55,100,3550,5522550
NIFTY20OCT2217300CE.NFO,17/10/2022,09:27:59,60.5,60.35,900,60.5,1050,2300,5522550
NIFTY20OCT2217300CE.NFO,17/10/2022,09:28:00,60.3,60.3,750,60.45,1650,2450,5522550
NIFTY20OCT2217300CE.NFO,17/10/2022,09:28:01,60.2,60.15,50,60.25,1550,12150,5522550
NIFTY20OCT2217300CE.NFO,17/10/2022,09:28:02,60.2,60.1,1000,60.3,2600,6100,5522550
NIFTY20OCT2217300CE.NFO,17/10/2022,09:28:03,60.1,60.15,1150,60.25,50,33900,5522550
NIFTY20OCT2217300CE.NFO,17/10/2022,09:28:04,59.75,59.75,1800,59.9,700,27650,5522550
NIFTY20OCT2217300CE.NFO,17/10/2022,09:28:05,59.55,59.5,1200,59.55,200,3800,5522550
NIFTY20OCT2217300CE.NFO,17/10/2022,09:28:06,59.7,59.55,650,59.7,950,17050,5522550
NIFTY20OCT2217300CE.NFO,17/10/2022,09:28:07,59.5,59.35,50,59.4,2000,3050,5522550
NIFTY20OCT2217300CE.NFO,17/10/2022,09:28:08,59.3,59.2,1250,59.3,950,2600,5522550
NIFTY20OCT2217300CE.NFO,17/10/2022,09:28:09,59.6,59.45,550,59.6,4000,4100,5522550
NIFTY20OCT2217300CE.NFO,17/10/2022,09:28:10,59.3,59.3,150,59.4,900,1600,5522550
NIFTY20OCT2217300CE.NFO,17/10/2022,09:28:11,59.45,59.35,800,59.45,100,1850,5522550
NIFTY20OCT2217300CE.NFO,17/10/2022,09:28:12,59.55,59.4,1450,59.5,500,2000,5522550
NIFTY20OCT2217300CE.NFO,17/10/2022,09:28:13,59.5,59.4,850,59.5,150,3100,5522550
NIFTY20OCT2217300CE.NFO,17/10/2022,09:28:14,59,59.15,1150,59.25,950,18150,5522550
NIFTY20OCT2217300CE.NFO,17/10/2022,09:28:15,59,58.95,500,59.05,950,3750,5522550
NIFTY20OCT2217300CE.NFO,17/10/2022,09:28:16,59,58.9,750,59,850,5400,5522550
NIFTY20OCT2217300CE.NFO,17/10/2022,09:28:17,58.8,58.8,550,58.9,2950,2850,5522550
NIFTY20OCT2217300CE.NFO,17/10/2022,09:28:18,58.8,58.65,2100,58.8,3300,1650,5522550
NIFTY20OCT2217300CE.NFO,17/10/2022,09:28:19,58.3,58.3,1000,58.4,1200,5150,5522550
NIFTY20OCT2217300CE.NFO,17/10/2022,09:28:20,58.45,58.45,2100,58.55,200,850,5522550
NIFTY20OCT2217300CE.NFO,17/10/2022,09:28:21,58.5,58.4,750,58.5,400,4200,5522550
NIFTY20OCT2217300CE.NFO,17/10/2022,09:28:22,58.9,58.95,2750,59.1,1700,8750,5522550
NIFTY20OCT2217300CE.NFO,17/10/2022,09:28:23,58.85,58.85,50,58.95,1100,6800,5522550
NIFTY20OCT2217300CE.NFO,17/10/2022,09:28:24,58.75,58.75,1500,58.9,2100,5900,5522550
NIFTY20OCT2217300CE.NFO,17/10/2022,09:28:25,59.35,59.3,800,59.35,1100,1450,5522550
NIFTY20OCT2217300CE.NFO,17/10/2022,09:28:26,59.15,59.05,750,59.2,1150,3050,5522550
NIFTY20OCT2217300CE.NFO,17/10/2022,09:28:27,59.3,59.25,750,59.35,200,13600,5522550
NIFTY20OCT2217300CE.NFO,17/10/2022,09:28:28,59.2,59.2,1800,59.3,450,2300,5522550
NIFTY20OCT2217300CE.NFO,17/10/2022,09:28:29,59.6,59.55,4300,59.7,1200,3500,5522550
NIFTY20OCT2217300CE.NFO,17/10/2022,09:28:30,59.55,59.5,1350,59.65,350,4050,5522550
NIFTY20OCT2217300CE.NFO,17/10/2022,09:28:31,59.5,59.45,3050,59.65,4450,750,5522550
NIFTY20OCT2217300CE.NFO,17/10/2022,09:28:32,60.25,60.15,5150,60.3,1150,10650,5522550
NIFTY20OCT2217300CE.NFO,17/10/2022,09:28:33,60.15,60.15,2150,60.3,1900,4400,5522550
NIFTY20OCT2217300CE.NFO,17/10/2022,09:28:34,60.35,60.2,3050,60.35,2050,4600,5522550
NIFTY20OCT2217300CE.NFO,17/10/2022,09:28:35,60.35,60.4,2100,60.55,2250,8450,5522550
NIFTY20OCT2217300CE.NFO,17/10/2022,09:28:36,60.2,60.15,1200,60.3,1250,2950,5522550
NIFTY20OCT2217300CE.NFO,17/10/2022,09:28:37,59.85,59.85,1200,59.95,50,4300,5522550
NIFTY20OCT2217300CE.NFO,17/10/2022,09:28:38,59.8,59.65,1350,59.75,50,2000,5522550
NIFTY20OCT2217300CE.NFO,17/10/2022,09:28:39,59.75,59.75,1250,59.9,1500,950,5522550
NIFTY20OCT2217300CE.NFO,17/10/2022,09:28:40,59.9,59.75,1600,59.9,900,2050,5522550
NIFTY20OCT2217300CE.NFO,17/10/2022,09:28:41,59.7,59.55,2100,59.7,1200,1200,5522550
NIFTY20OCT2217300CE.NFO,17/10/2022,09:28:42,59.45,59.4,800,59.55,1200,2350,5522550
NIFTY20OCT2217300CE.NFO,17/10/2022,09:28:43,59.4,59.4,1350,59.55,1650,1150,5522550
NIFTY20OCT2217300CE.NFO,17/10/2022,09:28:44,59.3,59.15,1000,59.3,1600,3400,5522550
NIFTY20OCT2217300CE.NFO,17/10/2022,09:28:45,59.2,59.15,850,59.35,2250,3350,5522550
NIFTY20OCT2217300CE.NFO,17/10/2022,09:28:46,59.2,59.2,650,59.35,2100,5350,5522550
NIFTY20OCT2217300CE.NFO,17/10/2022,09:28:47,58.9,58.7,1000,58.85,200,14550,5522550
NIFTY20OCT2217300CE.NFO,17/10/2022,09:28:48,58.65,58.65,2400,58.8,1700,800,5522550
NIFTY20OCT2217300CE.NFO,17/10/2022,09:28:49,58.7,58.6,200,58.7,1500,3300,5522550
NIFTY20OCT2217300CE.NFO,17/10/2022,09:28:50,58.35,58.3,1350,58.45,1100,5000,5522550
NIFTY20OCT2217300CE.NFO,17/10/2022,09:28:51,58.35,58.35,2300,58.5,800,60800,5522550
NIFTY20OCT2217300CE.NFO,17/10/2022,09:28:52,58.6,58.55,900,58.7,1600,9050,5522550
NIFTY20OCT2217300CE.NFO,17/10/2022,09:28:53,58.35,58.25,800,58.4,2050,2750,5522550
NIFTY20OCT2217300CE.NFO,17/10/2022,09:28:54,57.8,57.8,250,57.9,1200,38450,5522550
NIFTY20OCT2217300CE.NFO,17/10/2022,09:28:55,57.9,57.8,700,57.95,1050,7300,5522550
NIFTY20OCT2217300CE.NFO,17/10/2022,09:28:56,57.7,57.7,800,57.85,2000,8100,5522550
NIFTY20OCT2217300CE.NFO,17/10/2022,09:28:57,57.6,57.6,4650,57.75,950,3200,5522550
NIFTY20OCT2217300CE.NFO,17/10/2022,09:28:58,57.5,57.4,1300,57.55,5100,7750,5522550
NIFTY20OCT2217300CE.NFO,17/10/2022,09:28:59,57.35,57.2,700,57.35,2250,12200,5522550
NIFTY20OCT2217300CE.NFO,17/10/2022,09:28:59,57.1,57.2,700,57.35,2250,0,5522550
NIFTY20OCT2217300CE.NFO,17/10/2022,09:29:00,56.7,56.5,200,56.6,1650,32550,5522550
NIFTY20OCT2217300CE.NFO,17/10/2022,09:29:00,56.55,56.5,200,56.6,1650,0,5522550
NIFTY20OCT2217300CE.NFO,17/10/2022,09:29:01,56.55,56.45,3950,56.6,1300,8050,5522550
NIFTY20OCT2217300CE.NFO,17/10/2022,09:29:01,56.4,56.45,3950,56.6,1300,0,5522550
NIFTY20OCT2217300CE.NFO,17/10/2022,09:29:02,56.7,56.6,4050,56.75,650,4300,5522550
NIFTY20OCT2217300CE.NFO,17/10/2022,09:29:03,56.8,56.8,650,56.9,700,4100,5522550
NIFTY20OCT2217300CE.NFO,17/10/2022,09:29:04,56.8,56.7,850,56.8,700,9200,5522550
NIFTY20OCT2217300CE.NFO,17/10/2022,09:29:05,56.75,56.55,2750,56.7,700,7500,5522550
NIFTY20OCT2217300CE.NFO,17/10/2022,09:29:06,56.4,56.4,1150,56.55,1500,3350,5522550
NIFTY20OCT2217300CE.NFO,17/10/2022,09:29:06,56.3,56.4,1150,56.55,1500,0,5522550
NIFTY20OCT2217300CE.NFO,17/10/2022,09:29:07,56.6,56.5,1950,56.65,2000,5650,5522550
NIFTY20OCT2217300CE.NFO,17/10/2022,09:29:07,56.25,56.5,1950,56.65,2000,0,5522550
NIFTY20OCT2217300CE.NFO,17/10/2022,09:29:08,56.55,56.45,2500,56.6,900,500,5522550
NIFTY20OCT2217300CE.NFO,17/10/2022,09:29:09,56.6,56.5,50,56.6,2950,6000,5522550
NIFTY20OCT2217300CE.NFO,17/10/2022,09:29:10,56.75,56.6,1700,56.75,1350,8550,5522550
NIFTY20OCT2217300CE.NFO,17/10/2022,09:29:11,56.5,56.5,900,56.65,800,9000,5522550
NIFTY20OCT2217300CE.NFO,17/10/2022,09:29:12,57,57.05,50,57.1,200,12200,5522550
NIFTY20OCT2217300CE.NFO,17/10/2022,09:29:13,57.45,57.25,150,57.35,2400,9250,5522550
NIFTY20OCT2217300CE.NFO,17/10/2022,09:29:15,57.6,57.6,100,57.7,1150,9250,5522550
NIFTY20OCT2217300CE.NFO,17/10/2022,09:29:15,57.6,57.5,200,57.6,1600,1150,5522550
NIFTY20OCT2217300CE.NFO,17/10/2022,09:29:16,57.45,57.35,150,57.5,900,6550,5522550
NIFTY20OCT2217300CE.NFO,17/10/2022,09:29:17,57.6,57.5,2400,57.65,1350,5450,5522550
NIFTY20OCT2217300CE.NFO,17/10/2022,09:29:18,57.2,57.1,2000,57.25,6300,3150,5522550
NIFTY20OCT2217300CE.NFO,17/10/2022,09:29:19,57.4,57.2,200,57.3,50,6000,5522550
NIFTY20OCT2217300CE.NFO,17/10/2022,09:29:20,57.5,57.4,600,57.45,50,59600,5522550
NIFTY20OCT2217300CE.NFO,17/10/2022,09:29:21,57.25,57.1,800,57.25,250,2000,5522550
NIFTY20OCT2217300CE.NFO,17/10/2022,09:29:23,57.75,57.65,2450,57.75,2150,55850,5522550
NIFTY20OCT2217300CE.NFO,17/10/2022,09:29:23,57.65,57.65,1150,57.75,1950,2050,5522550
NIFTY20OCT2217300CE.NFO,17/10/2022,09:29:24,57.5,57.5,4400,57.55,550,14900,5522550
NIFTY20OCT2217300CE.NFO,17/10/2022,09:29:25,57.1,57.15,1550,57.3,1700,6400,5522550
NIFTY20OCT2217300CE.NFO,17/10/2022,09:29:26,57.3,57.2,300,57.3,600,5800,5522550
NIFTY20OCT2217300CE.NFO,17/10/2022,09:29:27,57.1,57.1,400,57.15,2250,5250,5522550
NIFTY20OCT2217300CE.NFO,17/10/2022,09:29:28,56.7,56.7,550,56.75,1350,12250,5522550
NIFTY20OCT2217300CE.NFO,17/10/2022,09:29:29,56.45,56.45,1750,56.6,2200,11300,5522550
NIFTY20OCT2217300CE.NFO,17/10/2022,09:29:29,56.2,56.45,1750,56.6,2200,0,5522550
NIFTY20OCT2217300CE.NFO,17/10/2022,09:29:30,56.45,56.35,750,56.5,600,2400,5637950
NIFTY20OCT2217300CE.NFO,17/10/2022,09:29:31,56.3,56.4,550,56.55,1550,10250,5637950
NIFTY20OCT2217300CE.NFO,17/10/2022,09:29:32,56.1,56.1,2600,56.25,1500,8500,5637950
NIFTY20OCT2217300CE.NFO,17/10/2022,09:29:32,56.1,56.1,2600,56.25,1500,0,5637950
NIFTY20OCT2217300CE.NFO,17/10/2022,09:29:33,56.4,56.35,2550,56.5,2250,3900,5637950
NIFTY20OCT2217300CE.NFO,17/10/2022,09:29:34,56.2,56.05,3500,56.15,3400,8800,5637950
NIFTY20OCT2217300CE.NFO,17/10/2022,09:29:34,56.05,56.05,3500,56.15,3400,0,5637950
NIFTY20OCT2217300CE.NFO,17/10/2022,09:29:35,56.15,56.1,3000,56.25,900,3350,5637950
NIFTY20OCT2217300CE.NFO,17/10/2022,09:29:36,56,56,9300,56.15,1550,16650,5637950
NIFTY20OCT2217300CE.NFO,17/10/2022,09:29:36,56,56,9300,56.15,1550,0,5637950
NIFTY20OCT2217300CE.NFO,17/10/2022,09:29:37,56.05,55.9,3150,56.05,1850,9350,5637950
NIFTY20OCT2217300CE.NFO,17/10/2022,09:29:37,55.85,55.9,3150,56.05,1850,0,5637950
NIFTY20OCT2217300CE.NFO,17/10/2022,09:29:38,55.85,55.7,2000,55.85,2300,5850,5637950
NIFTY20OCT2217300CE.NFO,17/10/2022,09:29:38,55.75,55.7,2000,55.85,2300,0,5637950
NIFTY20OCT2217300CE.NFO,17/10/2022,09:29:39,55.55,55.55,750,55.7,2500,3300,5637950
NIFTY20OCT2217300CE.NFO,17/10/2022,09:29:39,55.55,55.55,750,55.7,2500,0,5637950
NIFTY20OCT2217300CE.NFO,17/10/2022,09:29:40,55.85,55.85,50,55.9,600,12400,5637950
NIFTY20OCT2217300CE.NFO,17/10/2022,09:29:41,55.7,55.75,550,55.9,750,7650,5637950
NIFTY20OCT2217300CE.NFO,17/10/2022,09:29:42,56,56,150,56.05,600,8000,5637950
NIFTY20OCT2217300CE.NFO,17/10/2022,09:29:43,55.85,55.8,600,55.85,2750,4150,5637950
NIFTY20OCT2217300CE.NFO,17/10/2022,09:29:44,56,55.9,1400,56,900,6100,5637950
NIFTY20OCT2217300CE.NFO,17/10/2022,09:29:46,55.95,55.95,3650,56.05,150,7650,5637950
NIFTY20OCT2217300CE.NFO,17/10/2022,09:29:46,56,55.85,950,56,1750,1400,5637950
NIFTY20OCT2217300CE.NFO,17/10/2022,09:29:47,55.7,55.7,2050,55.8,50,5950,5637950
NIFTY20OCT2217300CE.NFO,17/10/2022,09:29:48,55.8,55.7,400,55.8,2550,2250,5637950
NIFTY20OCT2217300CE.NFO,17/10/2022,09:29:49,55.6,55.5,2500,55.6,400,3250,5637950
NIFTY20OCT2217300CE.NFO,17/10/2022,09:29:50,56.05,56,46550,56.1,700,14000,5637950
NIFTY20OCT2217300CE.NFO,17/10/2022,09:29:51,56.35,56.25,400,56.35,800,10750,5637950
NIFTY20OCT2217300CE.NFO,17/10/2022,09:29:52,56.1,56.1,1100,56.2,250,5300,5637950
NIFTY20OCT2217300CE.NFO,17/10/2022,09:29:53,56.2,56.15,950,56.25,300,2750,5637950
NIFTY20OCT2217300CE.NFO,17/10/2022,09:29:54,56.05,56.05,50,56.1,900,5200,5637950
NIFTY20OCT2217300CE.NFO,17/10/2022,09:29:55,56,56,40100,56.1,1400,6350,5637950
NIFTY20OCT2217300CE.NFO,17/10/2022,09:29:56,55.95,55.95,700,56.05,350,41600,5637950
NIFTY20OCT2217300CE.NFO,17/10/2022,09:29:57,56.1,56.1,950,56.2,250,7950,5637950
NIFTY20OCT2217300CE.NFO,17/10/2022,09:29:58,56.05,56.1,650,56.2,100,4300,5637950
NIFTY20OCT2217300CE.NFO,17/10/2022,09:29:59,55.9,55.9,900,56,50,6750,5637950
NIFTY20OCT2217300CE.NFO,17/10/2022,09:30:00,55.25,55.2,750,55.35,1200,19300,5637950
NIFTY20OCT2217300CE.NFO,17/10/2022,09:30:00,55.2,55.2,750,55.35,1200,0,5637950
NIFTY20OCT2217300CE.NFO,17/10/2022,09:30:01,55,55.05,1350,55.15,900,54850,5637950
NIFTY20OCT2217300CE.NFO,17/10/2022,09:30:01,55,55.05,1350,55.15,900,0,5637950
NIFTY20OCT2217300CE.NFO,17/10/2022,09:30:03,55.2,55.15,1050,55.25,1050,16050,5637950
NIFTY20OCT2217300CE.NFO,17/10/2022,09:30:03,55.4,55.35,200,55.4,200,2500,5637950
NIFTY20OCT2217300CE.NFO,17/10/2022,09:30:04,55.35,55.3,150,55.4,2250,10750,5637950
NIFTY20OCT2217300CE.NFO,17/10/2022,09:30:05,55.1,55.05,950,55.15,100,8700,5637950
NIFTY20OCT2217300CE.NFO,17/10/2022,09:30:06,55.45,55.3,950,55.45,100,12950,5637950
NIFTY20OCT2217300CE.NFO,17/10/2022,09:30:07,55.55,55.55,1000,55.65,50,9100,5637950
NIFTY20OCT2217300CE.NFO,17/10/2022,09:30:09,55.25,55.25,850,55.4,1100,5050,5637950
NIFTY20OCT2217300CE.NFO,17/10/2022,09:30:09,55.4,55.25,1550,55.4,2600,1250,5637950
NIFTY20OCT2217300CE.NFO,17/10/2022,09:30:10,54.35,54.2,2000,54.3,100,31300,5637950
NIFTY20OCT2217300CE.NFO,17/10/2022,09:30:10,54.2,54.2,2000,54.3,100,0,5637950
NIFTY20OCT2217300CE.NFO,17/10/2022,09:30:11,54.3,54.15,800,54.3,1450,24700,5637950
NIFTY20OCT2217300CE.NFO,17/10/2022,09:30:11,54,54.15,800,54.3,1450,0,5637950
NIFTY20OCT2217300CE.NFO,17/10/2022,09:30:12,53.9,53.9,3100,53.95,350,9850,5637950
NIFTY20OCT2217300CE.NFO,17/10/2022,09:30:12,53.9,53.9,3100,53.95,350,0,5637950
NIFTY20OCT2217300CE.NFO,17/10/2022,09:30:13,54.05,54.05,50,54.15,750,20550,5637950
NIFTY20OCT2217300CE.NFO,17/10/2022,09:30:15,53.85,53.75,1100,53.85,500,10200,5637950
NIFTY20OCT2217300CE.NFO,17/10/2022,09:30:15,53.75,53.75,1100,53.85,500,0,5637950
NIFTY20OCT2217300CE.NFO,17/10/2022,09:30:15,53.55,53.5,800,53.65,2100,4300,5637950
NIFTY20OCT2217300CE.NFO,17/10/2022,09:30:15,53.55,53.5,800,53.65,2100,0,5637950
NIFTY20OCT2217300CE.NFO,17/10/2022,09:30:16,53.25,53.25,2450,53.4,2100,18400,5637950
NIFTY20OCT2217300CE.NFO,17/10/2022,09:30:16,53.2,53.25,2450,53.4,2100,0,5637950
NIFTY20OCT2217300CE.NFO,17/10/2022,09:30:17,53.2,53.1,50,53.2,2350,13100,5637950
NIFTY20OCT2217300CE.NFO,17/10/2022,09:30:18,53.05,53,2500,53.15,2450,16950,5637950
NIFTY20OCT2217300CE.NFO,17/10/2022,09:30:18,52.7,53,2500,53.15,2450,0,5637950
NIFTY20OCT2217300CE.NFO,17/10/2022,09:30:20,53.15,53.15,50,53.25,1450,10650,5637950
NIFTY20OCT2217300CE.NFO,17/10/2022,09:30:20,53.1,52.95,700,53.1,2550,3650,5637950
NIFTY20OCT2217300CE.NFO,17/10/2022,09:30:21,53.2,53.1,100,53.25,1050,18450,5637950
NIFTY20OCT2217300CE.NFO,17/10/2022,09:30:22,52.95,52.95,300,53.05,850,7450,5637950
NIFTY20OCT2217300CE.NFO,17/10/2022,09:30:23,53.05,53.1,2800,53.25,1100,9800,5637950
NIFTY20OCT2217300CE.NFO,17/10/2022,09:30:24,53.2,53.2,50,53.3,1950,10800,5637950
NIFTY20OCT2217300CE.NFO,17/10/2022,09:30:26,53,52.95,2150,53.05,300,13900,5637950
NIFTY20OCT2217300CE.NFO,17/10/2022,09:30:26,52.95,52.95,50,53,250,200,5637950
NIFTY20OCT2217300CE.NFO,17/10/2022,09:30:27,53.35,53.35,50,53.4,350,74450,5637950
NIFTY20OCT2217300CE.NFO,17/10/2022,09:30:28,53.45,53.4,900,53.5,1000,70850,5637950
NIFTY20OCT2217300CE.NFO,17/10/2022,09:30:29,53.55,53.5,2200,53.6,150,69050,5637950
NIFTY20OCT2217300CE.NFO,17/10/2022,09:30:30,53.75,53.6,800,53.75,2500,45050,5637950
NIFTY20OCT2217300CE.NFO,17/10/2022,09:30:32,53.1,53.1,2200,53.2,100,32150,5637950
NIFTY20OCT2217300CE.NFO,17/10/2022,09:30:32,53.3,53.35,1150,53.4,50,2300,5637950
NIFTY20OCT2217300CE.NFO,17/10/2022,09:30:33,53.45,53.4,850,53.5,200,7800,5637950
NIFTY20OCT2217300CE.NFO,17/10/2022,09:30:34,53.4,53.3,2950,53.45,750,8650,5637950
NIFTY20OCT2217300CE.NFO,17/10/2022,09:30:35,53.25,53.2,2400,53.35,2050,4650,5637950
NIFTY20OCT2217300CE.NFO,17/10/2022,09:30:36,53.15,53.15,2550,53.3,1750,9200,5637950
NIFTY20OCT2217300CE.NFO,17/10/2022,09:30:37,52.65,52.7,200,52.8,2200,12650,5637950
NIFTY20OCT2217300CE.NFO,17/10/2022,09:30:37,52.6,52.7,200,52.8,2200,0,5637950
NIFTY20OCT2217300CE.NFO,17/10/2022,09:30:38,52.7,52.7,700,52.8,1200,6300,5637950
NIFTY20OCT2217300CE.NFO,17/10/2022,09:30:38,52.5,52.7,700,52.8,1200,0,5637950
NIFTY20OCT2217300CE.NFO,17/10/2022,09:30:40,52.7,52.55,750,52.65,2000,8000,5637950
NIFTY20OCT2217300CE.NFO,17/10/2022,09:30:40,52.5,52.5,2000,52.55,900,500,5637950
NIFTY20OCT2217300CE.NFO,17/10/2022,09:30:41,52.35,52.25,2200,52.35,150,40200,5637950
NIFTY20OCT2217300CE.NFO,17/10/2022,09:30:41,52,52.25,2200,52.35,150,0,5637950
NIFTY20OCT2217300CE.NFO,17/10/2022,09:30:42,51.8,51.85,50,51.9,250,28650,5637950
NIFTY20OCT2217300CE.NFO,17/10/2022,09:30:42,51.8,51.85,50,51.9,250,0,5637950
NIFTY20OCT2217300CE.NFO,17/10/2022,09:30:43,51.95,51.8,1050,51.95,250,6200,5637950
NIFTY20OCT2217300CE.NFO,17/10/2022,09:30:45,52.4,52.35,2600,52.5,600,10950,5637950
NIFTY20OCT2217300CE.NFO,17/10/2022,09:30:45,51.75,52.35,2600,52.5,600,0,5637950
NIFTY20OCT2217300CE.NFO,17/10/2022,09:30:46,52.55,52.5,2350,52.65,2000,8400,5637950
NIFTY20OCT2217300CE.NFO,17/10/2022,09:30:47,52.6,52.6,750,52.65,50,9850,5637950
NIFTY20OCT2217300CE.NFO,17/10/2022,09:30:47,52.75,52.6,1700,52.75,800,200,5637950
NIFTY20OCT2217300CE.NFO,17/10/2022,09:30:48,52.6,52.55,800,52.6,50,5200,5637950
NIFTY20OCT2217300CE.NFO,17/10/2022,09:30:49,52.7,52.7,50,52.75,600,10150,5637950
NIFTY20OCT2217300CE.NFO,17/10/2022,09:30:50,52.85,52.75,50,52.85,650,5050,5637950
NIFTY20OCT2217300CE.NFO,17/10/2022,09:30:51,52.8,52.65,1050,52.8,1550,7000,5637950
NIFTY20OCT2217300CE.NFO,17/10/2022,09:30:52,52.6,52.7,450,52.8,300,6300,5637950
NIFTY20OCT2217300CE.NFO,17/10/2022,09:30:54,52.7,52.6,2200,52.7,100,7650,5637950
NIFTY20OCT2217300CE.NFO,17/10/2022,09:30:54,52.75,52.65,350,52.75,800,1300,5637950
NIFTY20OCT2217300CE.NFO,17/10/2022,09:30:55,52.4,52.45,1650,52.6,2200,9050,5637950
NIFTY20OCT2217300CE.NFO,17/10/2022,09:30:56,52.15,52.1,1200,52.25,1700,7600,5637950
NIFTY20OCT2217300CE.NFO,17/10/2022,09:30:57,52.2,52.2,650,52.3,300,14650,5637950
NIFTY20OCT2217300CE.NFO,17/10/2022,09:30:58,52.45,52.35,200,52.45,200,8450,5637950
NIFTY20OCT2217300CE.NFO,17/10/2022,09:31:00,52.6,52.6,2900,52.75,650,6550,5637950
NIFTY20OCT2217300CE.NFO,17/10/2022,09:31:00,52.75,52.65,1500,52.8,2450,3050,5637950
NIFTY20OCT2217300CE.NFO,17/10/2022,09:31:01,52.9,52.85,550,52.95,1400,8350,5637950
NIFTY20OCT2217300CE.NFO,17/10/2022,09:31:02,53.1,53.05,50,53.15,650,11100,5637950
NIFTY20OCT2217300CE.NFO,17/10/2022,09:31:03,53.35,53.35,1900,53.45,150,8750,5637950
NIFTY20OCT2217300CE.NFO,17/10/2022,09:31:05,53.55,53.45,650,53.6,1150,8000,5637950
NIFTY20OCT2217300CE.NFO,17/10/2022,09:31:06,53.3,53.3,350,53.4,1350,12600,5637950
NIFTY20OCT2217300CE.NFO,17/10/2022,09:31:06,53.55,53.5,1200,53.65,900,4200,5637950
NIFTY20OCT2217300CE.NFO,17/10/2022,09:31:08,53.15,53.05,400,53.15,1600,8850,5637950
NIFTY20OCT2217300CE.NFO,17/10/2022,09:31:08,52.95,52.9,400,52.95,50,1150,5637950
NIFTY20OCT2217300CE.NFO,17/10/2022,09:31:09,52.8,52.65,1750,52.8,650,8350,5637950
NIFTY20OCT2217300CE.NFO,17/10/2022,09:31:10,53.4,53.35,850,53.5,1600,8750,5637950
NIFTY20OCT2217300CE.NFO,17/10/2022,09:31:11,53.4,53.4,700,53.5,500,3150,5637950
NIFTY20OCT2217300CE.NFO,17/10/2022,09:31:12,53.2,53.2,650,53.35,1100,4600,5637950
NIFTY20OCT2217300CE.NFO,17/10/2022,09:31:13,53.35,53.3,100,53.35,50,22850,5637950
NIFTY20OCT2217300CE.NFO,17/10/2022,09:31:14,53.55,53.5,900,53.65,3400,20950,5637950
NIFTY20OCT2217300CE.NFO,17/10/2022,09:31:15,53.55,53.45,1200,53.6,1150,6700,5637950
NIFTY20OCT2217300CE.NFO,17/10/2022,09:31:16,53.5,53.35,2050,53.45,250,6600,5637950
NIFTY20OCT2217300CE.NFO,17/10/2022,09:31:17,53.35,53.35,1050,53.5,1300,8200,5637950
NIFTY20OCT2217300CE.NFO,17/10/2022,09:31:18,53.5,53.45,750,53.55,800,6800,5637950
NIFTY20OCT2217300CE.NFO,17/10/2022,09:31:19,53.75,53.5,1750,53.65,150,4450,5637950
NIFTY20OCT2217300CE.NFO,17/10/2022,09:31:20,53.55,53.55,1300,53.65,1450,4900,5637950
NIFTY20OCT2217300CE.NFO,17/10/2022,09:31:21,53.75,53.65,800,53.75,200,2850,5637950
NIFTY20OCT2217300CE.NFO,17/10/2022,09:31:22,53.55,53.5,150,53.6,1650,600,5637950
NIFTY20OCT2217300CE.NFO,17/10/2022,09:31:23,53.3,53.15,1950,53.3,1700,8200,5637950
NIFTY20OCT2217300CE.NFO,17/10/2022,09:31:24,52.7,52.65,800,52.75,100,12300,5637950
NIFTY20OCT2217300CE.NFO,17/10/2022,09:31:26,52.15,52.15,900,52.3,3900,7650,5637950
NIFTY20OCT2217300CE.NFO,17/10/2022,09:31:26,52.25,52.15,700,52.25,100,1250,5637950
NIFTY20OCT2217300CE.NFO,17/10/2022,09:31:27,52.15,52.05,800,52.15,1150,5350,5637950
NIFTY20OCT2217300CE.NFO,17/10/2022,09:31:28,51.3,51.2,2600,51.3,750,26250,5637950
NIFTY20OCT2217300CE.NFO,17/10/2022,09:31:28,51.25,51.2,2600,51.3,750,0,5637950
NIFTY20OCT2217300CE.NFO,17/10/2022,09:31:29,51.45,51.3,700,51.45,2150,7250,5637950
NIFTY20OCT2217300CE.NFO,17/10/2022,09:31:29,51.2,51.3,700,51.45,2150,0,5637950
NIFTY20OCT2217300CE.NFO,17/10/2022,09:31:30,50.7,50.7,1350,50.85,2850,37350,5637950
NIFTY20OCT2217300CE.NFO,17/10/2022,09:31:30,50.55,50.7,1350,50.85,2850,0,5637950
NIFTY20OCT2217300CE.NFO,17/10/2022,09:31:32,50.8,50.75,950,50.9,1100,13100,5637950
NIFTY20OCT2217300CE.NFO,17/10/2022,09:31:32,51.25,51.15,900,51.3,2100,4950,5637950
NIFTY20OCT2217300CE.NFO,17/10/2022,09:31:34,51.75,51.65,800,51.75,450,77700,5637950
NIFTY20OCT2217300CE.NFO,17/10/2022,09:31:35,52,51.9,800,52.05,1650,39300,5637950
NIFTY20OCT2217300CE.NFO,17/10/2022,09:31:36,52,52,11750,52.15,3200,21950,5637950
NIFTY20OCT2217300CE.NFO,17/10/2022,09:31:36,52.2,52,10900,52.15,800,4600,5637950
NIFTY20OCT2217300CE.NFO,17/10/2022,09:31:38,52.05,52.1,150,52.2,800,21350,5637950
NIFTY20OCT2217300CE.NFO,17/10/2022,09:31:39,52,52,31150,52.15,1800,3150,5637950
NIFTY20OCT2217300CE.NFO,17/10/2022,09:31:40,51.6,51.55,100,51.65,2350,39250,5637950
NIFTY20OCT2217300CE.NFO,17/10/2022,09:31:41,51.45,51.4,4000,51.55,1850,2550,5637950
NIFTY20OCT2217300CE.NFO,17/10/2022,09:31:41,51.45,51.45,350,51.55,2050,450,5637950
NIFTY20OCT2217300CE.NFO,17/10/2022,09:31:42,51.35,51.2,2300,51.35,2600,6700,5637950
NIFTY20OCT2217300CE.NFO,17/10/2022,09:31:43,51.4,51.25,750,51.4,3700,6650,5637950
NIFTY20OCT2217300CE.NFO,17/10/2022,09:31:44,51.35,51.3,1000,51.4,250,6350,5637950
NIFTY20OCT2217300CE.NFO,17/10/2022,09:31:45,51.2,51.2,1450,51.25,600,32950,5637950
NIFTY20OCT2217300CE.NFO,17/10/2022,09:31:47,51.45,51.35,500,51.45,1000,7900,5637950
NIFTY20OCT2217300CE.NFO,17/10/2022,09:31:48,50.9,50.9,50,50.95,1150,23300,5637950
NIFTY20OCT2217300CE.NFO,17/10/2022,09:31:49,50.8,50.75,2050,50.9,1050,6850,5637950
NIFTY20OCT2217300CE.NFO,17/10/2022,09:31:49,50.8,50.8,2850,50.95,2250,550,5637950
NIFTY20OCT2217300CE.NFO,17/10/2022,09:31:50,50.8,50.65,2500,50.8,1950,7450,5637950
NIFTY20OCT2217300CE.NFO,17/10/2022,09:31:51,50.65,50.5,100,50.65,4250,5550,5637950
NIFTY20OCT2217300CE.NFO,17/10/2022,09:31:51,50.45,50.5,100,50.65,4250,0,5637950
NIFTY20OCT2217300CE.NFO,17/10/2022,09:31:52,50.65,50.65,450,50.8,1800,7650,5637950
NIFTY20OCT2217300CE.NFO,17/10/2022,09:31:54,50.8,50.7,8600,50.85,50,7400,5637950
NIFTY20OCT2217300CE.NFO,17/10/2022,09:31:55,50.75,50.75,1150,50.9,1400,3300,5637950
NIFTY20OCT2217300CE.NFO,17/10/2022,09:31:56,51.05,51.05,750,51.1,50,84050,5637950
NIFTY20OCT2217300CE.NFO,17/10/2022,09:31:56,51,51,21000,51.15,1750,1100,5637950
NIFTY20OCT2217300CE.NFO,17/10/2022,09:31:57,51.2,51.1,4250,51.25,700,5700,5637950
NIFTY20OCT2217300CE.NFO,17/10/2022,09:31:58,51.15,51.05,1350,51.15,450,3450,5637950
NIFTY20OCT2217300CE.NFO,17/10/2022,09:32:00,51.15,51.05,2700,51.15,300,7050,5637950
NIFTY20OCT2217300CE.NFO,17/10/2022,09:32:01,51.15,51.05,2650,51.15,850,6550,5637950
NIFTY20OCT2217300CE.NFO,17/10/2022,09:32:02,51,51,68300,51.05,200,14650,5637950
NIFTY20OCT2217300CE.NFO,17/10/2022,09:32:03,51.05,51,35350,51.1,800,43500,5637950
NIFTY20OCT2217300CE.NFO,17/10/2022,09:32:03,51,51,32550,51.05,50,3250,5637950
NIFTY20OCT2217300CE.NFO,17/10/2022,09:32:04,51.05,51.05,1100,51.15,3950,10200,5637950
NIFTY20OCT2217300CE.NFO,17/10/2022,09:32:05,51.25,51.25,100,51.35,3300,14050,5637950
NIFTY20OCT2217300CE.NFO,17/10/2022,09:32:06,51.3,51.25,600,51.35,1900,7850,5637950
NIFTY20OCT2217300CE.NFO,17/10/2022,09:32:08,51.7,51.55,2100,51.65,100,10050,5637950
NIFTY20OCT2217300CE.NFO,17/10/2022,09:32:09,51.85,51.75,1400,51.85,700,6800,5637950
NIFTY20OCT2217300CE.NFO,17/10/2022,09:32:09,51.45,51.35,150,51.4,1950,17750,5637950
NIFTY20OCT2217300CE.NFO,17/10/2022,09:32:10,50.95,50.95,50,51.05,1650,48400,5637950
NIFTY20OCT2217300CE.NFO,17/10/2022,09:32:11,50.5,50.5,2100,50.6,2600,11850,5637950
NIFTY20OCT2217300CE.NFO,17/10/2022,09:32:12,50.7,50.6,2150,50.75,1650,10000,5637950
NIFTY20OCT2217300CE.NFO,17/10/2022,09:32:14,50.6,50.45,3500,50.55,100,11650,5637950
NIFTY20OCT2217300CE.NFO,17/10/2022,09:32:15,51,51,1300,51.05,50,10400,5637950
NIFTY20OCT2217300CE.NFO,17/10/2022,09:32:16,50.8,50.7,1700,50.8,600,6750,5637950
NIFTY20OCT2217300CE.NFO,17/10/2022,09:32:16,50.9,50.75,2700,50.85,600,250,5637950
NIFTY20OCT2217300CE.NFO,17/10/2022,09:32:17,51.1,51.05,3750,51.2,1450,7800,5637950
NIFTY20OCT2217300CE.NFO,17/10/2022,09:32:18,51.15,51.15,1700,51.3,2200,6150,5637950
NIFTY20OCT2217300CE.NFO,17/10/2022,09:32:19,51.45,51.4,100,51.5,3250,7700,5637950
NIFTY20OCT2217300CE.NFO,17/10/2022,09:32:20,51,50.95,3250,51.1,3900,4250,5637950
NIFTY20OCT2217300CE.NFO,17/10/2022,09:32:21,51.35,51.25,2950,51.35,2500,25000,5637950
NIFTY20OCT2217300CE.NFO,17/10/2022,09:32:22,51.45,51.25,1300,51.4,1100,9800,5637950
NIFTY20OCT2217300CE.NFO,17/10/2022,09:32:23,51.4,51.25,3200,51.4,3050,6100,5637950
NIFTY20OCT2217300CE.NFO,17/10/2022,09:32:24,50.95,50.9,1150,51,3100,55450,5637950
NIFTY20OCT2217300CE.NFO,17/10/2022,09:32:26,50.8,50.6,6500,50.8,1900,11300,5637950
NIFTY20OCT2217300CE.NFO,17/10/2022,09:32:27,51.15,51,4750,51.15,1200,4750,5637950
NIFTY20OCT2217300CE.NFO,17/10/2022,09:32:28,51.45,51.35,1300,51.45,100,4300,5637950
NIFTY20OCT2217300CE.NFO,17/10/2022,09:32:28,51.3,51.25,3250,51.35,50,3500,5637950
NIFTY20OCT2217300CE.NFO,17/10/2022,09:32:29,51.35,51.4,100,51.5,1250,3300,5637950
NIFTY20OCT2217300CE.NFO,17/10/2022,09:32:31,51.55,51.6,5450,51.75,3100,10600,5730200
NIFTY20OCT2217300CE.NFO,17/10/2022,09:32:31,51.65,51.6,3650,51.75,3100,300,5730200
NIFTY20OCT2217300CE.NFO,17/10/2022,09:32:32,51.6,51.45,6050,51.6,800,5900,5730200
NIFTY20OCT2217300CE.NFO,17/10/2022,09:32:33,51,50.95,700,51,50,14500,5730200
NIFTY20OCT2217300CE.NFO,17/10/2022,09:32:34,51.05,50.95,1000,51.1,6200,9950,5730200
NIFTY20OCT2217300CE.NFO,17/10/2022,09:32:35,51.1,51,3250,51.1,250,2200,5730200
NIFTY20OCT2217300CE.NFO,17/10/2022,09:32:36,51.05,50.95,2050,51.1,3050,4050,5730200
NIFTY20OCT2217300CE.NFO,17/10/2022,09:32:38,51.5,51.5,50,51.6,2850,6950,5730200
NIFTY20OCT2217300CE.NFO,17/10/2022,09:32:38,51.65,51.55,200,51.6,50,1650,5730200
NIFTY20OCT2217300CE.NFO,17/10/2022,09:32:39,51.5,51.5,1400,51.6,700,8050,5730200
NIFTY20OCT2217300CE.NFO,17/10/2022,09:32:40,52.45,52.4,1500,52.45,100,17400,5730200
NIFTY20OCT2217300CE.NFO,17/10/2022,09:32:41,52.35,52.3,1950,52.4,450,3900,5730200
NIFTY20OCT2217300CE.NFO,17/10/2022,09:32:42,52.45,52.45,100,52.55,1550,3450,5730200
NIFTY20OCT2217300CE.NFO,17/10/2022,09:32:44,52.3,52.15,2000,52.3,2650,7100,5730200
NIFTY20OCT2217300CE.NFO,17/10/2022,09:32:45,52.55,52.45,100,52.6,2700,3800,5730200
NIFTY20OCT2217300CE.NFO,17/10/2022,09:32:46,52.75,52.6,200,52.7,750,9950,5730200
NIFTY20OCT2217300CE.NFO,17/10/2022,09:32:46,52.5,52.55,200,52.65,2250,450,5730200
NIFTY20OCT2217300CE.NFO,17/10/2022,09:32:47,52.8,52.75,2550,52.9,2000,8850,5730200
NIFTY20OCT2217300CE.NFO,17/10/2022,09:32:49,52.55,52.55,50,52.65,150,9250,5730200
NIFTY20OCT2217300CE.NFO,17/10/2022,09:32:50,52.75,52.65,2750,52.8,750,4750,5730200
NIFTY20OCT2217300CE.NFO,17/10/2022,09:32:51,52.85,52.65,1900,52.8,1800,6650,5730200
NIFTY20OCT2217300CE.NFO,17/10/2022,09:32:52,52.8,52.65,100,52.8,900,2600,5730200
NIFTY20OCT2217300CE.NFO,17/10/2022,09:32:52,52.55,52.4,4200,52.5,150,1650,5730200
NIFTY20OCT2217300CE.NFO,17/10/2022,09:32:53,52.6,52.5,1550,52.55,50,3400,5730200
NIFTY20OCT2217300CE.NFO,17/10/2022,09:32:54,52.5,52.45,50,52.55,50,3150,5730200
NIFTY20OCT2217300CE.NFO,17/10/2022,09:32:56,52.6,52.65,850,52.75,150,3800,5730200
NIFTY20OCT2217300CE.NFO,17/10/2022,09:32:57,52.6,52.6,100,52.65,100,4150,5730200
NIFTY20OCT2217300CE.NFO,17/10/2022,09:32:58,52.65,52.7,50,52.75,50,3500,5730200
NIFTY20OCT2217300CE.NFO,17/10/2022,09:32:58,52.8,52.7,750,52.8,150,1050,5730200
NIFTY20OCT2217300CE.NFO,17/10/2022,09:32:59,52.45,52.4,2400,52.45,400,6200,5730200
NIFTY20OCT2217300CE.NFO,17/10/2022,09:33:00,52.75,52.7,400,52.8,200,7550,5730200
NIFTY20OCT2217300CE.NFO,17/10/2022,09:33:01,52.55,52.55,400,52.65,50,5000,5730200
NIFTY20OCT2217300CE.NFO,17/10/2022,09:33:02,52.5,52.4,550,52.45,50,3900,5730200
NIFTY20OCT2217300CE.NFO,17/10/2022,09:33:03,52.6,52.6,450,52.75,2150,3000,5730200
NIFTY20OCT2217300CE.NFO,17/10/2022,09:33:04,52.8,52.7,250,52.8,300,3800,5730200
NIFTY20OCT2217300CE.NFO,17/10/2022,09:33:05,53.6,53.5,750,53.65,250,18000,5730200
NIFTY20OCT2217300CE.NFO,17/10/2022,09:33:07,53.25,53.2,150,53.3,1150,3400,5730200
NIFTY20OCT2217300CE.NFO,17/10/2022,09:33:07,53.5,53.5,50,53.6,1000,1100,5730200
NIFTY20OCT2217300CE.NFO,17/10/2022,09:33:09,53.65,53.55,100,53.65,250,4650,5730200
NIFTY20OCT2217300CE.NFO,17/10/2022,09:33:10,53.5,53.5,100,53.6,450,5500,5730200
NIFTY20OCT2217300CE.NFO,17/10/2022,09:33:10,53.5,53.55,800,53.7,150,2400,5730200
NIFTY20OCT2217300CE.NFO,17/10/2022,09:33:11,53.2,53.1,1900,53.2,1650,20150,5730200
NIFTY20OCT2217300CE.NFO,17/10/2022,09:33:12,53.25,53.1,950,53.25,250,7350,5730200
NIFTY20OCT2217300CE.NFO,17/10/2022,09:33:13,53.2,53.1,150,53.25,1500,2550,5730200
NIFTY20OCT2217300CE.NFO,17/10/2022,09:33:14,53.3,53.3,300,53.4,50,2050,5730200
NIFTY20OCT2217300CE.NFO,17/10/2022,09:33:15,53.35,53.2,1700,53.35,850,3200,5730200
NIFTY20OCT2217300CE.NFO,17/10/2022,09:33:16,53,52.85,3550,53,200,10050,5730200
NIFTY20OCT2217300CE.NFO,17/10/2022,09:33:18,52.85,52.7,850,52.85,1050,5750,5730200
NIFTY20OCT2217300CE.NFO,17/10/2022,09:33:19,52.7,52.6,250,52.7,800,5450,5730200
NIFTY20OCT2217300CE.NFO,17/10/2022,09:33:20,52.5,52.45,900,52.55,400,3050,5730200
NIFTY20OCT2217300CE.NFO,17/10/2022,09:33:21,52.45,52.35,100,52.45,200,6650,5730200
NIFTY20OCT2217300CE.NFO,17/10/2022,09:33:21,52.45,52.35,100,52.45,400,550,5730200
NIFTY20OCT2217300CE.NFO,17/10/2022,09:33:22,52.3,52.3,1600,52.45,9800,5200,5730200
NIFTY20OCT2217300CE.NFO,17/10/2022,09:33:23,52.25,52.25,150,52.3,19800,12950,5730200
NIFTY20OCT2217300CE.NFO,17/10/2022,09:33:24,52.55,52.4,1900,52.55,800,61600,5730200
NIFTY20OCT2217300CE.NFO,17/10/2022,09:33:25,52.65,52.5,2450,52.65,350,32250,5730200
NIFTY20OCT2217300CE.NFO,17/10/2022,09:33:26,52.6,52.6,1300,52.65,50,33000,5730200
NIFTY20OCT2217300CE.NFO,17/10/2022,09:33:28,52.45,52.45,500,52.55,550,24100,5730200
NIFTY20OCT2217300CE.NFO,17/10/2022,09:33:29,52.35,52.35,900,52.4,450,7200,5730200
NIFTY20OCT2217300CE.NFO,17/10/2022,09:33:30,52.45,52.4,1150,52.45,22550,13150,5730200
NIFTY20OCT2217300CE.NFO,17/10/2022,09:33:31,52.4,52.3,1250,52.4,19650,40500,5730200
NIFTY20OCT2217300CE.NFO,17/10/2022,09:33:31,52.35,52.3,1950,52.4,29550,350,5730200
NIFTY20OCT2217300CE.NFO,17/10/2022,09:33:32,52.2,52.2,800,52.3,15200,25900,5730200
NIFTY20OCT2217300CE.NFO,17/10/2022,09:33:33,52.05,52.05,650,52.1,250,4450,5730200
NIFTY20OCT2217300CE.NFO,17/10/2022,09:33:34,52,52,5550,52.05,11100,21050,5730200
NIFTY20OCT2217300CE.NFO,17/10/2022,09:33:35,51.95,51.8,300,51.9,100,10300,5730200
NIFTY20OCT2217300CE.NFO,17/10/2022,09:33:36,51.75,51.65,300,51.75,50,1950,5730200
NIFTY20OCT2217300CE.NFO,17/10/2022,09:33:37,51.75,51.6,1250,51.75,100,3250,5730200
NIFTY20OCT2217300CE.NFO,17/10/2022,09:33:38,51.75,51.6,500,51.75,3950,5800,5730200
NIFTY20OCT2217300CE.NFO,17/10/2022,09:33:40,52.05,52,1450,52.15,300,33300,5730200
NIFTY20OCT2217300CE.NFO,17/10/2022,09:33:41,52.1,51.9,1550,52.05,300,4650,5730200
NIFTY20OCT2217300CE.NFO,17/10/2022,09:33:41,51.9,51.75,1150,51.9,2700,750,5730200
NIFTY20OCT2217300CE.NFO,17/10/2022,09:33:42,51.8,51.8,300,51.95,350,2450,5730200
NIFTY20OCT2217300CE.NFO,17/10/2022,09:33:43,52,51.9,700,52.05,4150,1950,5730200
NIFTY20OCT2217300CE.NFO,17/10/2022,09:33:44,51.45,51.45,450,51.55,250,8100,5730200
NIFTY20OCT2217300CE.NFO,17/10/2022,09:33:46,51.55,51.55,1550,51.75,3350,3050,5730200
NIFTY20OCT2217300CE.NFO,17/10/2022,09:33:46,51.6,51.45,500,51.55,50,3950,5730200
NIFTY20OCT2217300CE.NFO,17/10/2022,09:33:48,51.55,51.35,1850,51.5,100,2700,5730200
NIFTY20OCT2217300CE.NFO,17/10/2022,09:33:48,51.65,51.5,350,51.65,3100,1100,5730200
NIFTY20OCT2217300CE.NFO,17/10/2022,09:33:49,51.7,51.55,900,51.7,400,3500,5730200
NIFTY20OCT2217300CE.NFO,17/10/2022,09:33:50,51.75,51.65,2400,51.8,250,3650,5730200
NIFTY20OCT2217300CE.NFO,17/10/2022,09:33:52,52,51.9,50,52,450,3000,5730200
NIFTY20OCT2217300CE.NFO,17/10/2022,09:33:53,52.4,52.3,2000,52.4,21050,43400,5730200
NIFTY20OCT2217300CE.NFO,17/10/2022,09:33:54,52.6,52.55,4400,52.6,1150,35450,5730200
NIFTY20OCT2217300CE.NFO,17/10/2022,09:33:55,52.8,52.65,650,52.8,1700,3250,5730200
NIFTY20OCT2217300CE.NFO,17/10/2022,09:33:56,53.05,52.95,850,53.05,800,7150,5730200
NIFTY20OCT2217300CE.NFO,17/10/2022,09:33:57,53.25,53.15,250,53.25,300,2400,5730200
NIFTY20OCT2217300CE.NFO,17/10/2022,09:33:57,53.25,53.25,200,53.35,750,1950,5730200
NIFTY20OCT2217300CE.NFO,17/10/2022,09:33:59,53.25,53.1,1200,53.25,700,6300,5730200
NIFTY20OCT2217300CE.NFO,17/10/2022,09:34:00,53.1,53.15,150,53.3,1100,1850,5730200
NIFTY20OCT2217300CE.NFO,17/10/2022,09:34:01,53.2,53.05,1050,53.2,800,8750,5730200
NIFTY20OCT2217300CE.NFO,17/10/2022,09:34:02,53.15,53,2050,53.15,4650,3050,5730200
NIFTY20OCT2217300CE.NFO,17/10/2022,09:34:02,53.1,53.05,100,53.1,750,200,5730200
NIFTY20OCT2217300CE.NFO,17/10/2022,09:34:03,53,52.9,900,53,50,4950,5730200
NIFTY20OCT2217300CE.NFO,17/10/2022,09:34:05,52.55,52.45,500,52.6,6550,13300,5730200
NIFTY20OCT2217300CE.NFO,17/10/2022,09:34:06,52.5,52.4,200,52.5,700,4600,5730200
NIFTY20OCT2217300CE.NFO,17/10/2022,09:34:07,52.4,52.3,1650,52.4,800,2000,5730200
NIFTY20OCT2217300CE.NFO,17/10/2022,09:34:07,52.35,52.35,1150,52.5,3000,1650,5730200
NIFTY20OCT2217300CE.NFO,17/10/2022,09:34:08,52.4,52.25,300,52.4,2400,2700,5730200
NIFTY20OCT2217300CE.NFO,17/10/2022,09:34:09,52.3,52.15,900,52.3,3050,2650,5730200
NIFTY20OCT2217300CE.NFO,17/10/2022,09:34:10,51.95,51.8,2850,51.95,900,11400,5730200
NIFTY20OCT2217300CE.NFO,17/10/2022,09:34:11,51.8,51.8,950,51.95,2900,11200,5730200
NIFTY20OCT2217300CE.NFO,17/10/2022,09:34:13,51.75,51.6,2400,51.75,4550,6400,5730200
NIFTY20OCT2217300CE.NFO,17/10/2022,09:34:14,51.25,51.25,300,51.4,5450,8000,5730200
NIFTY20OCT2217300CE.NFO,17/10/2022,09:34:15,51.35,51.3,250,51.45,4100,1550,5730200
NIFTY20OCT2217300CE.NFO,17/10/2022,09:34:16,51.5,51.5,850,51.6,50,5950,5730200
NIFTY20OCT2217300CE.NFO,17/10/2022,09:34:17,51.45,51.45,500,51.55,100,2500,5730200
NIFTY20OCT2217300CE.NFO,17/10/2022,09:34:17,51.7,51.65,500,51.75,850,500,5730200
NIFTY20OCT2217300CE.NFO,17/10/2022,09:34:18,52,51.9,250,52,900,3900,5730200
NIFTY20OCT2217300CE.NFO,17/10/2022,09:34:20,51.8,51.85,800,52,750,3100,5730200
NIFTY20OCT2217300CE.NFO,17/10/2022,09:34:21,52.3,52.15,1300,52.3,300,4350,5730200
NIFTY20OCT2217300CE.NFO,17/10/2022,09:34:22,52.3,52.35,100,52.45,350,4450,5730200
NIFTY20OCT2217300CE.NFO,17/10/2022,09:34:22,52.6,52.6,50,52.65,100,800,5730200
NIFTY20OCT2217300CE.NFO,17/10/2022,09:34:24,52.6,52.45,350,52.6,1650,4900,5730200
NIFTY20OCT2217300CE.NFO,17/10/2022,09:34:25,52.15,52.15,50,52.25,150,3000,5730200
NIFTY20OCT2217300CE.NFO,17/10/2022,09:34:26,52.2,52.05,1550,52.2,2450,2400,5730200
NIFTY20OCT2217300CE.NFO,17/10/2022,09:34:27,52.65,52.6,100,52.7,250,2750,5730200
NIFTY20OCT2217300CE.NFO,17/10/2022,09:34:27,52.65,52.55,850,52.7,250,250,5730200
NIFTY20OCT2217300CE.NFO,17/10/2022,09:34:28,52.45,52.3,2350,52.45,1100,850,5730200
NIFTY20OCT2217300CE.NFO,17/10/2022,09:34:29,52.95,52.85,200,52.95,1000,8350,5730200
NIFTY20OCT2217300CE.NFO,17/10/2022,09:34:30,53,53,150,53.05,200,8100,5730200
NIFTY20OCT2217300CE.NFO,17/10/2022,09:34:31,53.1,53.1,300,53.2,100,9550,5730200
NIFTY20OCT2217300CE.NFO,17/10/2022,09:34:32,53,52.95,1150,53.1,1350,2950,5730200
NIFTY20OCT2217300CE.NFO,17/10/2022,09:34:33,52.8,52.65,650,52.75,100,3500,5730200
NIFTY20OCT2217300CE.NFO,17/10/2022,09:34:34,52.7,52.6,100,52.7,800,750,5730200
NIFTY20OCT2217300CE.NFO,17/10/2022,09:34:36,52.7,52.7,850,52.75,50,2250,5730200
NIFTY20OCT2217300CE.NFO,17/10/2022,09:34:37,52.8,52.8,200,52.9,100,6850,5730200
NIFTY20OCT2217300CE.NFO,17/10/2022,09:34:37,52.4,52.4,50,52.45,100,4500,5730200
NIFTY20OCT2217300CE.NFO,17/10/2022,09:34:38,52.6,52.5,200,52.6,400,14550,5730200
