Ticker,Date,Time,LTP,BuyPrice,BuyQty,SellPrice,SellQty,LTQ,OpenInterest
NIFTY06OCT2217100CE.NFO,03/10/2022,09:15:00,132.65,95.65,400,110,1800,4650,2967350
NIFTY06OCT2217100CE.NFO,03/10/2022,09:15:00,132.65,95.65,400,110,1800,0,2967350
NIFTY06OCT2217100CE.NFO,03/10/2022,09:15:00,132.65,95.65,400,110,1800,0,2967350
NIFTY06OCT2217100CE.NFO,03/10/2022,09:15:00,93.85,95.65,400,110,1800,0,2967350
NIFTY06OCT2217100CE.NFO,03/10/2022,09:15:01,101.7,101.7,100,104.9,1400,11700,2967350
NIFTY06OCT2217100CE.NFO,03/10/2022,09:15:03,100,96.25,400,100,950,50350,2967350
NIFTY06OCT2217100CE.NFO,03/10/2022,09:15:03,90,96.25,400,100,950,0,2967350
NIFTY06OCT2217100CE.NFO,03/10/2022,09:15:05,93.6,92.55,100,94.45,400,50700,2967350
NIFTY06OCT2217100CE.NFO,03/10/2022,09:15:06,97.9,97.5,500,97.9,250,46600,2967350
NIFTY06OCT2217100CE.NFO,03/10/2022,09:15:08,99.65,99,850,99.9,300,52050,2967350
NIFTY06OCT2217100CE.NFO,03/10/2022,09:15:10,105.15,104.35,200,105.15,350,47200,2967350
NIFTY06OCT2217100CE.NFO,03/10/2022,09:15:11,108.15,107.75,400,108.2,50,45050,2967350
NIFTY06OCT2217100CE.NFO,03/10/2022,09:15:12,113.65,113.85,400,114.2,200,25950,2967350
NIFTY06OCT2217100CE.NFO,03/10/2022,09:15:13,116.05,115.95,400,116.1,50,20950,2967350
NIFTY06OCT2217100CE.NFO,03/10/2022,09:15:15,115.1,114.8,50,115.1,100,43650,2967350
NIFTY06OCT2217100CE.NFO,03/10/2022,09:15:17,111.5,111.35,50,111.5,250,25600,2967350
NIFTY06OCT2217100CE.NFO,03/10/2022,09:15:18,110.55,110.35,400,110.7,350,33550,2967350
NIFTY06OCT2217100CE.NFO,03/10/2022,09:15:20,107.8,107.55,400,107.85,400,30650,2967350
NIFTY06OCT2217100CE.NFO,03/10/2022,09:15:21,107.55,107.5,600,107.8,50,14800,2967350
NIFTY06OCT2217100CE.NFO,03/10/2022,09:15:23,107.9,107.9,400,108.25,350,46200,2967350
NIFTY06OCT2217100CE.NFO,03/10/2022,09:15:24,109.5,109.45,200,109.75,50,36000,2967350
NIFTY06OCT2217100CE.NFO,03/10/2022,09:15:26,111.75,111.45,700,111.75,600,36150,2967350
NIFTY06OCT2217100CE.NFO,03/10/2022,09:15:27,112.7,112.45,350,112.7,50,21600,2967350
NIFTY06OCT2217100CE.NFO,03/10/2022,09:15:28,112.7,112,100,112.35,600,33550,2967350
NIFTY06OCT2217100CE.NFO,03/10/2022,09:15:29,114.3,114.3,400,114.6,50,26500,2967350
NIFTY06OCT2217100CE.NFO,03/10/2022,09:15:30,114,114,100,114.35,200,19100,2967350
NIFTY06OCT2217100CE.NFO,03/10/2022,09:15:31,115,114.65,250,115,350,19300,2967350
NIFTY06OCT2217100CE.NFO,03/10/2022,09:15:33,114.85,114.85,100,114.95,100,15200,2967350
NIFTY06OCT2217100CE.NFO,03/10/2022,09:15:34,116.4,116.35,400,116.7,200,16450,2967350
NIFTY06OCT2217100CE.NFO,03/10/2022,09:15:35,116.8,116.45,250,116.8,100,14950,2967350
NIFTY06OCT2217100CE.NFO,03/10/2022,09:15:36,116.7,116.45,100,116.7,350,27200,2967350
NIFTY06OCT2217100CE.NFO,03/10/2022,09:15:38,118,117.65,200,118.05,1250,22450,2967350
NIFTY06OCT2217100CE.NFO,03/10/2022,09:15:39,118.5,118.5,750,118.8,300,29350,2967350
NIFTY06OCT2217100CE.NFO,03/10/2022,09:15:40,118.95,118.7,50,118.95,50,16950,2967350
NIFTY06OCT2217100CE.NFO,03/10/2022,09:15:41,119.9,119.5,50,119.9,200,23300,2967350
NIFTY06OCT2217100CE.NFO,03/10/2022,09:15:42,122.4,122.05,750,122.45,800,28300,2967350
NIFTY06OCT2217100CE.NFO,03/10/2022,09:15:43,123,123,450,123.3,50,27000,2967350
NIFTY06OCT2217100CE.NFO,03/10/2022,09:15:44,125.05,124.6,400,125.05,150,30150,2967350
NIFTY06OCT2217100CE.NFO,03/10/2022,09:15:45,126.95,126.55,50,127,50,40000,2967350
NIFTY06OCT2217100CE.NFO,03/10/2022,09:15:46,127.85,127.55,350,127.95,300,33200,2967350
NIFTY06OCT2217100CE.NFO,03/10/2022,09:15:47,130.65,130.25,100,130.65,250,39850,2967350
NIFTY06OCT2217100CE.NFO,03/10/2022,09:15:49,130.85,130.35,600,130.9,200,42500,2967350
NIFTY06OCT2217100CE.NFO,03/10/2022,09:15:50,131.65,131.65,300,132.2,150,29700,2967350
NIFTY06OCT2217100CE.NFO,03/10/2022,09:15:51,131.85,131.45,200,131.85,50,23550,2967350
NIFTY06OCT2217100CE.NFO,03/10/2022,09:15:51,132.75,131.45,200,131.85,50,0,2967350
NIFTY06OCT2217100CE.NFO,03/10/2022,09:15:52,130.15,129.9,300,130.3,650,40900,2967350
NIFTY06OCT2217100CE.NFO,03/10/2022,09:15:53,128.9,128.85,100,129.2,100,31850,2967350
NIFTY06OCT2217100CE.NFO,03/10/2022,09:15:55,128.35,128.3,200,128.7,150,27850,2967350
NIFTY06OCT2217100CE.NFO,03/10/2022,09:15:56,128.7,128.25,100,128.6,150,32600,2967350
NIFTY06OCT2217100CE.NFO,03/10/2022,09:15:57,129.4,129.35,100,129.5,50,40450,2967350
NIFTY06OCT2217100CE.NFO,03/10/2022,09:15:58,130.3,130.3,50,130.55,50,53500,2967350
NIFTY06OCT2217100CE.NFO,03/10/2022,09:15:59,131.6,131.6,150,132,50,32700,2967350
NIFTY06OCT2217100CE.NFO,03/10/2022,09:16:00,130.85,130.55,1150,130.9,300,12300,2967350
NIFTY06OCT2217100CE.NFO,03/10/2022,09:16:01,130.5,130.35,50,130.6,50,16900,2967350
NIFTY06OCT2217100CE.NFO,03/10/2022,09:16:02,130.75,130.4,200,130.6,50,18400,2967350
NIFTY06OCT2217100CE.NFO,03/10/2022,09:16:03,130.6,130.6,100,130.85,150,14700,2967350
NIFTY06OCT2217100CE.NFO,03/10/2022,09:16:05,130.15,130.15,150,130.35,50,30350,2967350
NIFTY06OCT2217100CE.NFO,03/10/2022,09:16:06,129.8,129.8,150,130,50,27650,2967350
NIFTY06OCT2217100CE.NFO,03/10/2022,09:16:07,130.35,130.1,150,130.35,150,21350,2967350
NIFTY06OCT2217100CE.NFO,03/10/2022,09:16:08,130.35,130.45,100,130.6,50,14350,2967350
NIFTY06OCT2217100CE.NFO,03/10/2022,09:16:09,131,130.85,150,131,150,18850,2967350
NIFTY06OCT2217100CE.NFO,03/10/2022,09:16:10,132.9,132.65,100,132.85,100,27600,2967350
NIFTY06OCT2217100CE.NFO,03/10/2022,09:16:10,132.9,132.65,100,132.85,100,0,2967350
NIFTY06OCT2217100CE.NFO,03/10/2022,09:16:11,133.05,133.05,100,133.4,100,28150,2967350
NIFTY06OCT2217100CE.NFO,03/10/2022,09:16:11,133.8,133.05,100,133.4,100,0,2967350
NIFTY06OCT2217100CE.NFO,03/10/2022,09:16:13,133.1,133.15,100,133.45,250,31400,2967350
NIFTY06OCT2217100CE.NFO,03/10/2022,09:16:13,134.3,133.15,100,133.45,250,0,2967350
NIFTY06OCT2217100CE.NFO,03/10/2022,09:16:14,133.8,133.65,50,133.8,50,16300,2967350
NIFTY06OCT2217100CE.NFO,03/10/2022,09:16:15,132.65,132.45,200,132.75,100,18850,2967350
NIFTY06OCT2217100CE.NFO,03/10/2022,09:16:16,133.3,133.05,50,133.25,100,13700,2967350
NIFTY06OCT2217100CE.NFO,03/10/2022,09:16:17,132.6,132.45,100,132.7,500,22550,2967350
NIFTY06OCT2217100CE.NFO,03/10/2022,09:16:18,133.25,133.1,100,133.25,50,13050,2967350
NIFTY06OCT2217100CE.NFO,03/10/2022,09:16:19,132.55,132.3,50,132.55,100,13650,2967350
NIFTY06OCT2217100CE.NFO,03/10/2022,09:16:20,130.2,130.1,350,130.2,150,23100,2967350
NIFTY06OCT2217100CE.NFO,03/10/2022,09:16:21,126.9,126.95,100,127.2,50,57750,2967350
NIFTY06OCT2217100CE.NFO,03/10/2022,09:16:23,126.8,126.7,300,126.95,50,12150,2967350
NIFTY06OCT2217100CE.NFO,03/10/2022,09:16:24,123.35,123.3,200,123.55,150,22050,2967350
NIFTY06OCT2217100CE.NFO,03/10/2022,09:16:25,124.25,123.95,100,124.2,100,10950,2967350
NIFTY06OCT2217100CE.NFO,03/10/2022,09:16:27,123.95,123.65,200,123.85,100,19300,2967350
NIFTY06OCT2217100CE.NFO,03/10/2022,09:16:28,124,123.95,350,124.3,100,15400,2967350
NIFTY06OCT2217100CE.NFO,03/10/2022,09:16:29,124.75,124.6,500,124.75,600,11300,2967350
NIFTY06OCT2217100CE.NFO,03/10/2022,09:16:30,124.1,124,300,124.1,150,15400,2967350
NIFTY06OCT2217100CE.NFO,03/10/2022,09:16:31,123.7,123.5,500,123.7,1550,8300,2967350
NIFTY06OCT2217100CE.NFO,03/10/2022,09:16:32,122.9,122.7,100,122.9,150,10950,2967350
NIFTY06OCT2217100CE.NFO,03/10/2022,09:16:33,121.3,121.35,100,121.5,50,12500,2967350
NIFTY06OCT2217100CE.NFO,03/10/2022,09:16:35,121.1,120.85,200,121,200,24050,2967350
NIFTY06OCT2217100CE.NFO,03/10/2022,09:16:36,118.85,118.85,1300,119.1,350,31900,2967350
NIFTY06OCT2217100CE.NFO,03/10/2022,09:16:37,118.65,118.5,300,118.65,100,8850,2967350
NIFTY06OCT2217100CE.NFO,03/10/2022,09:16:38,117.85,117.7,50,117.85,100,12450,2967350
NIFTY06OCT2217100CE.NFO,03/10/2022,09:16:39,117.15,117.15,150,117.35,200,21450,2967350
NIFTY06OCT2217100CE.NFO,03/10/2022,09:16:41,116.8,116.75,200,116.95,150,19100,2967350
NIFTY06OCT2217100CE.NFO,03/10/2022,09:16:42,117.4,117.15,100,117.4,50,15350,2967350
NIFTY06OCT2217100CE.NFO,03/10/2022,09:16:43,117.15,117.15,1000,117.45,50,16750,2967350
NIFTY06OCT2217100CE.NFO,03/10/2022,09:16:45,116.35,116.1,50,116.2,150,8900,2967350
NIFTY06OCT2217100CE.NFO,03/10/2022,09:16:46,114.2,114.05,100,114.25,100,17350,2967350
NIFTY06OCT2217100CE.NFO,03/10/2022,09:16:47,113.05,113.05,150,113.25,50,11350,2967350
NIFTY06OCT2217100CE.NFO,03/10/2022,09:16:49,111.4,111.35,150,111.55,200,13300,2967350
NIFTY06OCT2217100CE.NFO,03/10/2022,09:16:50,110.3,110.1,50,110.3,150,6550,2967350
NIFTY06OCT2217100CE.NFO,03/10/2022,09:16:51,111.2,111,50,111.1,150,15500,2967350
NIFTY06OCT2217100CE.NFO,03/10/2022,09:16:53,110,110.05,50,110.25,150,20050,2967350
NIFTY06OCT2217100CE.NFO,03/10/2022,09:16:54,110,110,52850,110.15,50,12800,2967350
NIFTY06OCT2217100CE.NFO,03/10/2022,09:16:55,110.15,110.05,50,110.15,100,13850,2967350
NIFTY06OCT2217100CE.NFO,03/10/2022,09:16:57,110.1,110,7600,110.05,50,51150,2967350
NIFTY06OCT2217100CE.NFO,03/10/2022,09:16:58,110.7,110.65,100,110.75,250,17500,2967350
NIFTY06OCT2217100CE.NFO,03/10/2022,09:16:59,111.2,110.85,400,111.05,250,11850,2967350
NIFTY06OCT2217100CE.NFO,03/10/2022,09:17:00,110.95,110.9,100,111.15,150,16550,2967350
NIFTY06OCT2217100CE.NFO,03/10/2022,09:17:02,110.6,110.5,100,110.65,150,8250,2967350
NIFTY06OCT2217100CE.NFO,03/10/2022,09:17:03,111.95,111.8,250,112,2000,18400,2967350
NIFTY06OCT2217100CE.NFO,03/10/2022,09:17:05,114.15,113.9,300,114.15,150,13050,2967350
NIFTY06OCT2217100CE.NFO,03/10/2022,09:17:07,116.65,116.6,100,116.7,150,16150,2967350
NIFTY06OCT2217100CE.NFO,03/10/2022,09:17:08,116.65,116.65,50,116.8,250,23000,2967350
NIFTY06OCT2217100CE.NFO,03/10/2022,09:17:10,115.7,115.7,100,115.9,100,23250,2967350
NIFTY06OCT2217100CE.NFO,03/10/2022,09:17:12,114.75,114.75,150,115.05,550,30100,2967350
NIFTY06OCT2217100CE.NFO,03/10/2022,09:17:13,116.65,116.4,300,116.6,450,23900,2967350
NIFTY06OCT2217100CE.NFO,03/10/2022,09:17:15,113.25,113,2150,113.2,200,14500,2967350
NIFTY06OCT2217100CE.NFO,03/10/2022,09:17:17,116.5,116.25,50,116.45,150,12650,2967350
NIFTY06OCT2217100CE.NFO,03/10/2022,09:17:18,116.5,116.3,50,116.5,350,9450,2967350
NIFTY06OCT2217100CE.NFO,03/10/2022,09:17:19,117.05,117.05,200,117.3,150,7150,2967350
NIFTY06OCT2217100CE.NFO,03/10/2022,09:17:21,117.85,117.65,150,117.85,100,7100,2967350
NIFTY06OCT2217100CE.NFO,03/10/2022,09:17:22,117.6,117.7,100,117.85,150,10050,2967350
NIFTY06OCT2217100CE.NFO,03/10/2022,09:17:23,118.25,118.2,50,118.4,100,9250,3495400
NIFTY06OCT2217100CE.NFO,03/10/2022,09:17:25,117.65,117.45,150,117.65,50,14050,3495400
NIFTY06OCT2217100CE.NFO,03/10/2022,09:17:26,117.6,117.65,150,117.9,250,13500,3495400
NIFTY06OCT2217100CE.NFO,03/10/2022,09:17:27,118,118.05,50,118.2,200,6700,3495400
NIFTY06OCT2217100CE.NFO,03/10/2022,09:17:28,117.45,117.3,100,117.45,50,14100,3495400
NIFTY06OCT2217100CE.NFO,03/10/2022,09:17:30,117.8,117.6,200,117.8,150,13050,3495400
NIFTY06OCT2217100CE.NFO,03/10/2022,09:17:31,117.15,117.05,150,117.2,600,7800,3495400
NIFTY06OCT2217100CE.NFO,03/10/2022,09:17:32,117.5,117.3,100,117.4,200,12950,3495400
NIFTY06OCT2217100CE.NFO,03/10/2022,09:17:34,117.15,117,2500,117.15,200,6450,3495400
NIFTY06OCT2217100CE.NFO,03/10/2022,09:17:35,116.85,116.6,200,116.8,50,8850,3495400
NIFTY06OCT2217100CE.NFO,03/10/2022,09:17:36,115.1,115.15,150,115.25,400,14700,3495400
NIFTY06OCT2217100CE.NFO,03/10/2022,09:17:38,114.2,114.05,100,114.2,100,37950,3495400
NIFTY06OCT2217100CE.NFO,03/10/2022,09:17:39,112.8,112.55,200,112.8,300,13600,3495400
NIFTY06OCT2217100CE.NFO,03/10/2022,09:17:41,113,113,150,113.1,150,19750,3495400
NIFTY06OCT2217100CE.NFO,03/10/2022,09:17:42,112.2,112.15,50,112.2,300,7150,3495400
NIFTY06OCT2217100CE.NFO,03/10/2022,09:17:44,113,113.05,150,113.15,200,12600,3495400
NIFTY06OCT2217100CE.NFO,03/10/2022,09:17:45,113.3,113.35,50,113.4,50,5100,3495400
NIFTY06OCT2217100CE.NFO,03/10/2022,09:17:46,115.05,115.05,100,115.1,100,11750,3495400
NIFTY06OCT2217100CE.NFO,03/10/2022,09:17:48,115.15,115.15,700,115.3,150,10800,3495400
NIFTY06OCT2217100CE.NFO,03/10/2022,09:17:49,115.6,115.6,150,115.75,350,13500,3495400
NIFTY06OCT2217100CE.NFO,03/10/2022,09:17:50,115.85,115.8,50,115.85,200,6250,3495400
NIFTY06OCT2217100CE.NFO,03/10/2022,09:17:51,116.45,116.35,200,116.55,450,5050,3495400
NIFTY06OCT2217100CE.NFO,03/10/2022,09:17:52,116.05,116.05,200,116.2,50,10350,3495400
NIFTY06OCT2217100CE.NFO,03/10/2022,09:17:53,116.5,116.2,100,116.35,300,3300,3495400
NIFTY06OCT2217100CE.NFO,03/10/2022,09:17:55,115.85,115.85,350,116.05,150,9850,3495400
NIFTY06OCT2217100CE.NFO,03/10/2022,09:17:56,115.9,115.55,300,115.7,50,7400,3495400
NIFTY06OCT2217100CE.NFO,03/10/2022,09:17:57,115.25,115.25,150,115.35,50,6850,3495400
NIFTY06OCT2217100CE.NFO,03/10/2022,09:17:57,115.45,115.45,150,115.6,200,1200,3495400
NIFTY06OCT2217100CE.NFO,03/10/2022,09:17:59,115.05,115,5200,115.15,50,10850,3495400
NIFTY06OCT2217100CE.NFO,03/10/2022,09:18:00,116.05,116.05,300,116.3,200,14650,3495400
NIFTY06OCT2217100CE.NFO,03/10/2022,09:18:01,113.9,113.9,150,114.05,150,19450,3495400
NIFTY06OCT2217100CE.NFO,03/10/2022,09:18:03,113.3,112.7,200,112.9,50,15150,3495400
NIFTY06OCT2217100CE.NFO,03/10/2022,09:18:04,111.4,111.35,200,111.55,200,20050,3495400
NIFTY06OCT2217100CE.NFO,03/10/2022,09:18:06,111.1,111,350,111.15,150,18150,3495400
NIFTY06OCT2217100CE.NFO,03/10/2022,09:18:07,110,110,13700,110.1,800,19150,3495400
NIFTY06OCT2217100CE.NFO,03/10/2022,09:18:08,108.5,108.35,200,108.55,50,30200,3495400
NIFTY06OCT2217100CE.NFO,03/10/2022,09:18:10,109.3,109.05,500,109.3,500,13250,3495400
NIFTY06OCT2217100CE.NFO,03/10/2022,09:18:11,109.6,109.45,150,109.55,150,17050,3495400
NIFTY06OCT2217100CE.NFO,03/10/2022,09:18:12,108.8,108.85,300,108.95,200,14550,3495400
NIFTY06OCT2217100CE.NFO,03/10/2022,09:18:13,108.4,108.2,50,108.45,350,8550,3495400
NIFTY06OCT2217100CE.NFO,03/10/2022,09:18:15,109.25,109,550,109.2,50,8100,3495400
NIFTY06OCT2217100CE.NFO,03/10/2022,09:18:16,108.6,108.5,1400,108.6,300,16150,3495400
NIFTY06OCT2217100CE.NFO,03/10/2022,09:18:18,108.4,108.4,100,108.6,300,14250,3495400
NIFTY06OCT2217100CE.NFO,03/10/2022,09:18:19,108.75,108.8,100,108.95,50,9300,3495400
NIFTY06OCT2217100CE.NFO,03/10/2022,09:18:21,112,111.9,50,112.05,250,17950,3495400
NIFTY06OCT2217100CE.NFO,03/10/2022,09:18:22,112.75,112.75,800,113,1050,8900,3495400
NIFTY06OCT2217100CE.NFO,03/10/2022,09:18:23,112,111.65,200,111.85,300,6000,3495400
NIFTY06OCT2217100CE.NFO,03/10/2022,09:18:24,112.45,112.3,300,112.45,150,17600,3495400
NIFTY06OCT2217100CE.NFO,03/10/2022,09:18:26,111.25,111.05,200,111.25,150,4650,3495400
NIFTY06OCT2217100CE.NFO,03/10/2022,09:18:27,111.1,111,200,111.2,50,10400,3495400
NIFTY06OCT2217100CE.NFO,03/10/2022,09:18:28,110.45,110.2,200,110.4,100,6950,3495400
NIFTY06OCT2217100CE.NFO,03/10/2022,09:18:30,112.1,112.15,100,112.3,200,13000,3495400
NIFTY06OCT2217100CE.NFO,03/10/2022,09:18:31,112.5,112.35,300,112.5,150,9800,3495400
NIFTY06OCT2217100CE.NFO,03/10/2022,09:18:33,112.45,112.4,550,112.65,200,8150,3495400
NIFTY06OCT2217100CE.NFO,03/10/2022,09:18:34,112.85,112.75,150,112.8,150,9900,3495400
NIFTY06OCT2217100CE.NFO,03/10/2022,09:18:35,114.2,114.1,200,114.2,100,7500,3495400
NIFTY06OCT2217100CE.NFO,03/10/2022,09:18:37,114.15,114.15,50,114.3,50,7900,3495400
NIFTY06OCT2217100CE.NFO,03/10/2022,09:18:38,114.05,113.9,1200,114.1,250,12950,3495400
NIFTY06OCT2217100CE.NFO,03/10/2022,09:18:39,113.9,113.95,250,114,50,3600,3495400
NIFTY06OCT2217100CE.NFO,03/10/2022,09:18:41,114.65,114.4,300,114.55,50,15650,3495400
NIFTY06OCT2217100CE.NFO,03/10/2022,09:18:42,114.2,114.55,150,114.75,100,10000,3495400
NIFTY06OCT2217100CE.NFO,03/10/2022,09:18:43,115.8,115.7,350,115.8,400,6350,3495400
NIFTY06OCT2217100CE.NFO,03/10/2022,09:18:45,116.2,116.3,200,116.35,1250,13500,3495400
NIFTY06OCT2217100CE.NFO,03/10/2022,09:18:46,116.1,116.1,100,116.2,300,6900,3495400
NIFTY06OCT2217100CE.NFO,03/10/2022,09:18:47,117.3,117.3,100,117.4,50,9400,3495400
NIFTY06OCT2217100CE.NFO,03/10/2022,09:18:49,117.4,117.35,500,117.55,200,18600,3495400
NIFTY06OCT2217100CE.NFO,03/10/2022,09:18:50,118.2,118.05,350,118.25,50,6200,3495400
NIFTY06OCT2217100CE.NFO,03/10/2022,09:18:52,118.45,118.25,150,118.5,650,12950,3495400
NIFTY06OCT2217100CE.NFO,03/10/2022,09:18:53,119.5,119.35,300,119.45,200,11350,3495400
NIFTY06OCT2217100CE.NFO,03/10/2022,09:18:54,119.4,119.3,250,119.55,100,10250,3495400
NIFTY06OCT2217100CE.NFO,03/10/2022,09:18:56,118.75,118.55,100,118.75,250,12450,3495400
NIFTY06OCT2217100CE.NFO,03/10/2022,09:18:57,120.95,120.95,50,121.15,50,25850,3495400
NIFTY06OCT2217100CE.NFO,03/10/2022,09:18:58,120.9,120.85,200,121.05,50,11900,3495400
NIFTY06OCT2217100CE.NFO,03/10/2022,09:19:00,120.9,120.5,1100,120.7,400,15900,3495400
NIFTY06OCT2217100CE.NFO,03/10/2022,09:19:01,120.95,120.75,200,121,350,17600,3495400
NIFTY06OCT2217100CE.NFO,03/10/2022,09:19:03,121,120.7,1650,120.95,200,18200,3495400
NIFTY06OCT2217100CE.NFO,03/10/2022,09:19:04,121.8,121.8,800,121.95,800,11650,3495400
NIFTY06OCT2217100CE.NFO,03/10/2022,09:19:05,121.4,121,200,121.25,200,8500,3495400
NIFTY06OCT2217100CE.NFO,03/10/2022,09:19:07,119.35,119.35,200,119.6,350,31900,3495400
NIFTY06OCT2217100CE.NFO,03/10/2022,09:19:09,118,117.8,250,117.85,300,20400,3495400
NIFTY06OCT2217100CE.NFO,03/10/2022,09:19:10,116.4,116.1,150,116.35,350,15050,3495400
NIFTY06OCT2217100CE.NFO,03/10/2022,09:19:12,114.95,115,150,115.1,50,19200,3495400
NIFTY06OCT2217100CE.NFO,03/10/2022,09:19:13,117.4,117.15,150,117.35,50,28350,3495400
NIFTY06OCT2217100CE.NFO,03/10/2022,09:19:15,114.95,114.65,50,114.9,350,9450,3495400
NIFTY06OCT2217100CE.NFO,03/10/2022,09:19:17,116.65,116.75,100,116.95,250,9750,3495400
NIFTY06OCT2217100CE.NFO,03/10/2022,09:19:18,118.6,118.45,200,118.7,300,7300,3495400
NIFTY06OCT2217100CE.NFO,03/10/2022,09:19:20,117.95,117.75,250,118,150,6900,3495400
NIFTY06OCT2217100CE.NFO,03/10/2022,09:19:21,117.2,117,50,117.2,150,4850,3495400
NIFTY06OCT2217100CE.NFO,03/10/2022,09:19:23,116.7,116.8,200,117,450,11850,3495400
NIFTY06OCT2217100CE.NFO,03/10/2022,09:19:24,117.55,117.3,250,117.5,150,11950,3495400
NIFTY06OCT2217100CE.NFO,03/10/2022,09:19:25,117.45,117.5,100,117.65,150,3850,3495400
NIFTY06OCT2217100CE.NFO,03/10/2022,09:19:27,117.2,117.1,100,117.3,100,8250,3495400
NIFTY06OCT2217100CE.NFO,03/10/2022,09:19:28,118.1,117.9,100,118.1,150,12300,3495400
NIFTY06OCT2217100CE.NFO,03/10/2022,09:19:29,117.45,117.3,50,117.45,100,4700,3495400
NIFTY06OCT2217100CE.NFO,03/10/2022,09:19:31,117.6,117.15,100,117.35,200,5700,3495400
NIFTY06OCT2217100CE.NFO,03/10/2022,09:19:32,118,117.95,50,118.2,200,11250,3495400
NIFTY06OCT2217100CE.NFO,03/10/2022,09:19:33,117.3,117.2,600,117.45,200,5700,3495400
NIFTY06OCT2217100CE.NFO,03/10/2022,09:19:35,118.2,118.15,650,118.3,1000,7950,3495400
NIFTY06OCT2217100CE.NFO,03/10/2022,09:19:36,119.45,119.35,350,119.55,50,12000,3495400
NIFTY06OCT2217100CE.NFO,03/10/2022,09:19:37,119.7,119.6,50,119.85,1050,6650,3495400
NIFTY06OCT2217100CE.NFO,03/10/2022,09:19:38,120.9,120.7,150,120.95,2950,12900,3495400
NIFTY06OCT2217100CE.NFO,03/10/2022,09:19:40,120.9,120.65,50,120.8,150,12000,3495400
NIFTY06OCT2217100CE.NFO,03/10/2022,09:19:41,121,120.75,350,121,1600,14250,3495400
NIFTY06OCT2217100CE.NFO,03/10/2022,09:19:42,119.6,119.45,150,119.6,400,8550,3495400
NIFTY06OCT2217100CE.NFO,03/10/2022,09:19:44,118.75,118.95,200,119.05,50,4400,3495400
NIFTY06OCT2217100CE.NFO,03/10/2022,09:19:45,118.45,118.25,200,118.5,350,7450,3495400
NIFTY06OCT2217100CE.NFO,03/10/2022,09:19:46,119.45,119.4,600,119.65,150,6300,3495400
NIFTY06OCT2217100CE.NFO,03/10/2022,09:19:47,119.75,119.3,150,119.55,250,4800,3495400
NIFTY06OCT2217100CE.NFO,03/10/2022,09:19:48,120.3,120.05,150,120.3,50,2750,3495400
NIFTY06OCT2217100CE.NFO,03/10/2022,09:19:49,119.65,119.7,50,119.85,150,1700,3495400
NIFTY06OCT2217100CE.NFO,03/10/2022,09:19:50,120.55,120.55,100,120.75,200,7400,3495400
NIFTY06OCT2217100CE.NFO,03/10/2022,09:19:51,121.7,121.65,50,121.85,400,11950,3495400
NIFTY06OCT2217100CE.NFO,03/10/2022,09:19:53,121.65,121.65,50,121.9,150,14250,3495400
NIFTY06OCT2217100CE.NFO,03/10/2022,09:19:54,122.85,122.45,50,122.6,200,11100,3495400
NIFTY06OCT2217100CE.NFO,03/10/2022,09:19:56,122.5,122.15,150,122.4,300,15000,3495400
NIFTY06OCT2217100CE.NFO,03/10/2022,09:19:57,123.55,123.35,200,123.5,200,16650,3495400
NIFTY06OCT2217100CE.NFO,03/10/2022,09:19:59,123.5,123.25,200,123.45,150,11000,3495400
NIFTY06OCT2217100CE.NFO,03/10/2022,09:20:00,123.85,123.7,50,123.9,50,18450,3495400
NIFTY06OCT2217100CE.NFO,03/10/2022,09:20:01,125.6,125.5,50,125.75,50,32650,3495400
NIFTY06OCT2217100CE.NFO,03/10/2022,09:20:03,124,123.85,200,124.05,200,24650,3495400
NIFTY06OCT2217100CE.NFO,03/10/2022,09:20:04,124.4,124.25,200,124.5,300,18750,3495400
NIFTY06OCT2217100CE.NFO,03/10/2022,09:20:05,124.35,124.05,500,124.3,150,14550,3495400
NIFTY06OCT2217100CE.NFO,03/10/2022,09:20:06,124.25,124.15,250,124.4,50,20050,3495400
NIFTY06OCT2217100CE.NFO,03/10/2022,09:20:07,123.35,123.25,100,123.45,50,19650,3495400
NIFTY06OCT2217100CE.NFO,03/10/2022,09:20:08,123.3,123.25,100,123.4,500,1150,3495400
NIFTY06OCT2217100CE.NFO,03/10/2022,09:20:09,123.75,123.6,200,123.75,1300,28450,3495400
NIFTY06OCT2217100CE.NFO,03/10/2022,09:20:10,123.4,123.4,700,123.65,100,19900,3495400
NIFTY06OCT2217100CE.NFO,03/10/2022,09:20:11,123.7,123.55,50,123.75,200,21000,3495400
NIFTY06OCT2217100CE.NFO,03/10/2022,09:20:12,123,123,100,123.05,500,15950,3495400
NIFTY06OCT2217100CE.NFO,03/10/2022,09:20:14,123.2,123.15,150,123.25,200,18600,3495400
NIFTY06OCT2217100CE.NFO,03/10/2022,09:20:15,124.7,124.65,300,124.9,100,25700,3495400
NIFTY06OCT2217100CE.NFO,03/10/2022,09:20:16,125.55,125.25,100,125.45,150,17050,3495400
NIFTY06OCT2217100CE.NFO,03/10/2022,09:20:17,125.45,125.2,100,125.45,100,21800,3495400
NIFTY06OCT2217100CE.NFO,03/10/2022,09:20:19,127.1,127.15,50,127.3,100,15450,3495400
NIFTY06OCT2217100CE.NFO,03/10/2022,09:20:20,127.4,127.4,700,127.55,150,22250,3495400
NIFTY06OCT2217100CE.NFO,03/10/2022,09:20:21,127.65,127.45,50,127.7,850,29800,3495400
NIFTY06OCT2217100CE.NFO,03/10/2022,09:20:22,128.05,127.85,100,128.05,100,2650,3495400
NIFTY06OCT2217100CE.NFO,03/10/2022,09:20:23,128,127.8,150,128,300,32550,3785350
NIFTY06OCT2217100CE.NFO,03/10/2022,09:20:24,128.45,128.3,150,128.55,200,16400,3785350
NIFTY06OCT2217100CE.NFO,03/10/2022,09:20:25,128.8,128.65,150,128.9,150,15600,3785350
NIFTY06OCT2217100CE.NFO,03/10/2022,09:20:27,128.6,128.4,200,128.45,150,54300,3785350
NIFTY06OCT2217100CE.NFO,03/10/2022,09:20:28,127.1,127.15,100,127.4,500,25600,3785350
NIFTY06OCT2217100CE.NFO,03/10/2022,09:20:30,125.9,125.95,250,126.15,150,31150,3785350
NIFTY06OCT2217100CE.NFO,03/10/2022,09:20:31,126.15,126.15,50,126.25,150,16650,3785350
NIFTY06OCT2217100CE.NFO,03/10/2022,09:20:32,125.8,125.9,200,126.1,150,11200,3785350
NIFTY06OCT2217100CE.NFO,03/10/2022,09:20:33,124.7,124.65,50,124.95,300,25150,3785350
NIFTY06OCT2217100CE.NFO,03/10/2022,09:20:35,123.85,123.7,100,123.85,50,21750,3785350
NIFTY06OCT2217100CE.NFO,03/10/2022,09:20:36,122.7,122.75,350,122.95,50,23700,3785350
NIFTY06OCT2217100CE.NFO,03/10/2022,09:20:37,121.95,122.15,150,122.4,50,9600,3785350
NIFTY06OCT2217100CE.NFO,03/10/2022,09:20:38,120.55,120.3,200,120.55,250,21500,3785350
NIFTY06OCT2217100CE.NFO,03/10/2022,09:20:39,121.65,121.45,150,121.7,500,9250,3785350
NIFTY06OCT2217100CE.NFO,03/10/2022,09:20:41,121.5,121.5,250,121.75,50,11950,3785350
NIFTY06OCT2217100CE.NFO,03/10/2022,09:20:42,122.25,122.05,200,122.2,150,16800,3785350
NIFTY06OCT2217100CE.NFO,03/10/2022,09:20:43,122,122,50,122.05,50,18150,3785350
NIFTY06OCT2217100CE.NFO,03/10/2022,09:20:44,124.7,124.45,400,124.75,1400,13650,3785350
NIFTY06OCT2217100CE.NFO,03/10/2022,09:20:46,125.6,125.6,200,125.85,50,20800,3785350
NIFTY06OCT2217100CE.NFO,03/10/2022,09:20:47,126.1,125.85,300,126.15,300,17100,3785350
NIFTY06OCT2217100CE.NFO,03/10/2022,09:20:48,125.8,125.6,200,125.8,100,10550,3785350
NIFTY06OCT2217100CE.NFO,03/10/2022,09:20:50,126.35,126.35,250,126.45,100,16050,3785350
NIFTY06OCT2217100CE.NFO,03/10/2022,09:20:51,127.25,127.05,250,127.3,650,20150,3785350
NIFTY06OCT2217100CE.NFO,03/10/2022,09:20:52,128.6,128.3,100,128.6,900,15450,3785350
NIFTY06OCT2217100CE.NFO,03/10/2022,09:20:53,127.9,127.6,350,127.9,300,14750,3785350
NIFTY06OCT2217100CE.NFO,03/10/2022,09:20:54,127.25,127.05,100,127.25,400,16150,3785350
NIFTY06OCT2217100CE.NFO,03/10/2022,09:20:55,127.5,127.45,150,127.7,100,17550,3785350
NIFTY06OCT2217100CE.NFO,03/10/2022,09:20:56,127.55,127.3,250,127.6,300,1200,3785350
NIFTY06OCT2217100CE.NFO,03/10/2022,09:20:57,127.15,127.25,150,127.45,2950,15650,3785350
NIFTY06OCT2217100CE.NFO,03/10/2022,09:20:58,128.5,128.6,50,128.75,34450,16600,3785350
NIFTY06OCT2217100CE.NFO,03/10/2022,09:20:59,129.15,128.9,150,129.15,1150,51100,3785350
NIFTY06OCT2217100CE.NFO,03/10/2022,09:21:00,129.75,129.5,100,129.75,400,21700,3785350
NIFTY06OCT2217100CE.NFO,03/10/2022,09:21:01,129.75,129.65,150,129.95,400,43300,3785350
NIFTY06OCT2217100CE.NFO,03/10/2022,09:21:02,130.9,130.6,300,130.85,50,23750,3785350
NIFTY06OCT2217100CE.NFO,03/10/2022,09:21:03,130.05,129.75,250,130,550,14000,3785350
NIFTY06OCT2217100CE.NFO,03/10/2022,09:21:04,129.45,129.5,1300,129.75,150,6900,3785350
NIFTY06OCT2217100CE.NFO,03/10/2022,09:21:06,129.15,128.85,350,129.15,300,21200,3785350
NIFTY06OCT2217100CE.NFO,03/10/2022,09:21:07,129.25,128.9,250,129.15,200,14600,3785350
NIFTY06OCT2217100CE.NFO,03/10/2022,09:21:08,128.1,127.95,100,128.15,150,41850,3785350
NIFTY06OCT2217100CE.NFO,03/10/2022,09:21:09,127,126.95,100,127,950,25400,3785350
NIFTY06OCT2217100CE.NFO,03/10/2022,09:21:10,127.35,127.15,50,127.35,150,17450,3785350
NIFTY06OCT2217100CE.NFO,03/10/2022,09:21:11,127.35,127.15,200,127.35,50,9550,3785350
NIFTY06OCT2217100CE.NFO,03/10/2022,09:21:12,128.85,128.5,150,128.75,350,9500,3785350
NIFTY06OCT2217100CE.NFO,03/10/2022,09:21:13,129.2,129,550,129.2,100,10000,3785350
NIFTY06OCT2217100CE.NFO,03/10/2022,09:21:14,129.45,129.4,100,129.45,50,19100,3785350
NIFTY06OCT2217100CE.NFO,03/10/2022,09:21:15,129.65,129.65,150,129.9,450,9050,3785350
NIFTY06OCT2217100CE.NFO,03/10/2022,09:21:16,129.5,129.3,150,129.5,50,1450,3785350
NIFTY06OCT2217100CE.NFO,03/10/2022,09:21:17,129.4,129.35,150,129.4,2650,10900,3785350
NIFTY06OCT2217100CE.NFO,03/10/2022,09:21:18,129.3,129.05,50,129.25,50,11800,3785350
NIFTY06OCT2217100CE.NFO,03/10/2022,09:21:19,128.8,128.95,100,129.15,100,12150,3785350
NIFTY06OCT2217100CE.NFO,03/10/2022,09:21:20,129.2,128.95,100,129.2,350,14350,3785350
NIFTY06OCT2217100CE.NFO,03/10/2022,09:21:21,129.1,128.85,150,129.1,100,13200,3785350
NIFTY06OCT2217100CE.NFO,03/10/2022,09:21:22,129.05,128.8,50,129,150,2450,3785350
NIFTY06OCT2217100CE.NFO,03/10/2022,09:21:23,129.5,129.4,250,129.6,50,12250,3785350
NIFTY06OCT2217100CE.NFO,03/10/2022,09:21:24,129.65,129.45,50,129.65,300,45350,3785350
NIFTY06OCT2217100CE.NFO,03/10/2022,09:21:25,129.85,129.65,200,129.85,150,4150,3785350
NIFTY06OCT2217100CE.NFO,03/10/2022,09:21:26,130.2,130,50,130.2,50,11100,3785350
NIFTY06OCT2217100CE.NFO,03/10/2022,09:21:27,130.95,130.9,100,131.15,500,16050,3785350
NIFTY06OCT2217100CE.NFO,03/10/2022,09:21:29,131.7,131.5,100,131.7,150,20750,3785350
NIFTY06OCT2217100CE.NFO,03/10/2022,09:21:30,131.65,131.6,250,131.9,1300,21750,3785350
NIFTY06OCT2217100CE.NFO,03/10/2022,09:21:31,131.5,131.35,150,131.55,300,20650,3785350
NIFTY06OCT2217100CE.NFO,03/10/2022,09:21:32,130.5,130.45,50,130.7,200,17200,3785350
NIFTY06OCT2217100CE.NFO,03/10/2022,09:21:33,131.25,131,150,131.25,500,23600,3785350
NIFTY06OCT2217100CE.NFO,03/10/2022,09:21:34,131.1,131,50,131.2,850,16800,3785350
NIFTY06OCT2217100CE.NFO,03/10/2022,09:21:35,131,130.9,50,131,750,19050,3785350
NIFTY06OCT2217100CE.NFO,03/10/2022,09:21:36,131,131.15,150,131.35,250,29000,3785350
NIFTY06OCT2217100CE.NFO,03/10/2022,09:21:37,131.15,131,1550,131.15,200,33000,3785350
NIFTY06OCT2217100CE.NFO,03/10/2022,09:21:39,132.25,132.05,50,132.25,150,21850,3785350
NIFTY06OCT2217100CE.NFO,03/10/2022,09:21:40,132.2,132,300,132.2,100,9150,3785350
NIFTY06OCT2217100CE.NFO,03/10/2022,09:21:41,132.9,132.65,300,132.95,150,12350,3785350
NIFTY06OCT2217100CE.NFO,03/10/2022,09:21:42,133.65,133.4,250,133.65,1350,21600,3785350
NIFTY06OCT2217100CE.NFO,03/10/2022,09:21:43,134.05,134.1,50,134.3,100,20200,3785350
NIFTY06OCT2217100CE.NFO,03/10/2022,09:21:43,134.75,134.1,50,134.3,100,0,3785350
NIFTY06OCT2217100CE.NFO,03/10/2022,09:21:44,135.05,135.15,200,135.4,650,39950,3785350
NIFTY06OCT2217100CE.NFO,03/10/2022,09:21:44,135.3,135.15,200,135.4,650,0,3785350
NIFTY06OCT2217100CE.NFO,03/10/2022,09:21:46,136.25,136,50,136.25,150,36750,3785350
NIFTY06OCT2217100CE.NFO,03/10/2022,09:21:46,136.5,136,50,136.25,150,0,3785350
NIFTY06OCT2217100CE.NFO,03/10/2022,09:21:47,136.9,136.65,150,136.7,50,22600,3785350
NIFTY06OCT2217100CE.NFO,03/10/2022,09:21:47,136.95,136.65,150,136.7,50,0,3785350
NIFTY06OCT2217100CE.NFO,03/10/2022,09:21:49,136,135.75,150,136,1550,37150,3785350
NIFTY06OCT2217100CE.NFO,03/10/2022,09:21:49,137.25,135.75,150,136,1550,0,3785350
NIFTY06OCT2217100CE.NFO,03/10/2022,09:21:50,136.5,136.5,50,136.75,200,32100,3785350
NIFTY06OCT2217100CE.NFO,03/10/2022,09:21:50,137.85,136.5,50,136.75,200,0,3785350
NIFTY06OCT2217100CE.NFO,03/10/2022,09:21:51,136.8,136.85,50,137.1,150,38050,3785350
NIFTY06OCT2217100CE.NFO,03/10/2022,09:21:51,137.95,136.85,50,137.1,150,0,3785350
NIFTY06OCT2217100CE.NFO,03/10/2022,09:21:53,135.75,135.45,50,135.7,50,33250,3785350
NIFTY06OCT2217100CE.NFO,03/10/2022,09:21:54,134.9,134.9,150,135.2,200,39450,3785350
NIFTY06OCT2217100CE.NFO,03/10/2022,09:21:54,135.5,135.5,200,135.8,100,6600,3785350
NIFTY06OCT2217100CE.NFO,03/10/2022,09:21:55,136.35,136.1,250,136.4,150,11450,3785350
NIFTY06OCT2217100CE.NFO,03/10/2022,09:21:56,135.1,134.75,300,135.05,200,41900,3785350
NIFTY06OCT2217100CE.NFO,03/10/2022,09:21:57,135.65,135.55,250,135.6,50,13950,3785350
NIFTY06OCT2217100CE.NFO,03/10/2022,09:21:58,136.3,136.05,50,136.25,100,14700,3785350
NIFTY06OCT2217100CE.NFO,03/10/2022,09:21:59,133.15,132.9,150,133.15,200,40450,3785350
NIFTY06OCT2217100CE.NFO,03/10/2022,09:22:01,134.8,134.8,50,135,50,21100,3785350
NIFTY06OCT2217100CE.NFO,03/10/2022,09:22:02,135.6,135.55,100,135.8,100,22300,3785350
NIFTY06OCT2217100CE.NFO,03/10/2022,09:22:03,135.2,135.25,50,135.5,250,17900,3785350
NIFTY06OCT2217100CE.NFO,03/10/2022,09:22:04,136.05,136.05,350,136.3,100,15100,3785350
NIFTY06OCT2217100CE.NFO,03/10/2022,09:22:04,136.2,136.2,150,136.4,50,1500,3785350
NIFTY06OCT2217100CE.NFO,03/10/2022,09:22:05,137.7,137.35,300,137.7,1600,16900,3785350
NIFTY06OCT2217100CE.NFO,03/10/2022,09:22:06,137.9,137.7,650,137.9,250,13300,3785350
NIFTY06OCT2217100CE.NFO,03/10/2022,09:22:07,138.3,138.3,300,138.6,50,18750,3785350
NIFTY06OCT2217100CE.NFO,03/10/2022,09:22:07,138.6,138.3,300,138.6,50,0,3785350
NIFTY06OCT2217100CE.NFO,03/10/2022,09:22:09,139.15,139.15,100,139.4,200,29300,3785350
NIFTY06OCT2217100CE.NFO,03/10/2022,09:22:09,139.8,139.15,100,139.4,200,0,3785350
NIFTY06OCT2217100CE.NFO,03/10/2022,09:22:10,139.5,139.5,100,139.7,50,28000,3785350
NIFTY06OCT2217100CE.NFO,03/10/2022,09:22:10,140,139.5,100,139.7,50,0,3785350
NIFTY06OCT2217100CE.NFO,03/10/2022,09:22:11,139.6,139.65,300,139.95,200,21650,3785350
NIFTY06OCT2217100CE.NFO,03/10/2022,09:22:12,139.6,139.6,250,139.8,150,36950,3785350
NIFTY06OCT2217100CE.NFO,03/10/2022,09:22:12,140.95,139.6,250,139.8,150,0,3785350
NIFTY06OCT2217100CE.NFO,03/10/2022,09:22:14,141.1,141.05,300,141.3,100,29450,3785350
NIFTY06OCT2217100CE.NFO,03/10/2022,09:22:14,141.55,141.05,300,141.3,100,0,3785350
NIFTY06OCT2217100CE.NFO,03/10/2022,09:22:15,140.4,140.3,150,140.6,200,22450,3785350
NIFTY06OCT2217100CE.NFO,03/10/2022,09:22:16,140.3,140.15,50,140.3,250,18050,3785350
NIFTY06OCT2217100CE.NFO,03/10/2022,09:22:18,140.35,140.35,200,140.65,250,25550,3785350
NIFTY06OCT2217100CE.NFO,03/10/2022,09:22:19,140.95,140.65,150,140.9,100,23300,3785350
NIFTY06OCT2217100CE.NFO,03/10/2022,09:22:20,139.9,139.65,150,139.85,200,22300,3785350
NIFTY06OCT2217100CE.NFO,03/10/2022,09:22:21,141.25,141,550,141.3,250,45700,3785350
NIFTY06OCT2217100CE.NFO,03/10/2022,09:22:23,141.7,141.35,50,141.6,100,28700,3785350
NIFTY06OCT2217100CE.NFO,03/10/2022,09:22:23,142.7,141.35,50,141.6,100,0,3785350
NIFTY06OCT2217100CE.NFO,03/10/2022,09:22:24,140.45,140.5,300,140.85,300,25150,3785350
NIFTY06OCT2217100CE.NFO,03/10/2022,09:22:25,142.9,142.7,150,142.85,150,23300,3785350
NIFTY06OCT2217100CE.NFO,03/10/2022,09:22:25,142.9,142.7,150,142.85,150,0,3785350
NIFTY06OCT2217100CE.NFO,03/10/2022,09:22:27,143.3,143.3,250,143.6,50,32900,3785350
NIFTY06OCT2217100CE.NFO,03/10/2022,09:22:27,144,143.3,250,143.6,50,0,3785350
NIFTY06OCT2217100CE.NFO,03/10/2022,09:22:28,142.05,141.95,150,142.1,200,21650,3785350
NIFTY06OCT2217100CE.NFO,03/10/2022,09:22:29,142.45,142.5,250,142.85,250,13050,3785350
NIFTY06OCT2217100CE.NFO,03/10/2022,09:22:30,141.6,141.25,100,141.5,150,37450,3785350
NIFTY06OCT2217100CE.NFO,03/10/2022,09:22:31,140.9,140.85,100,141.1,250,24150,3785350
NIFTY06OCT2217100CE.NFO,03/10/2022,09:22:33,140.85,140.6,100,140.8,50,30050,3785350
NIFTY06OCT2217100CE.NFO,03/10/2022,09:22:34,139.7,139.7,200,139.95,250,61350,3785350
NIFTY06OCT2217100CE.NFO,03/10/2022,09:22:35,139.75,139.75,150,140,500,22450,3785350
NIFTY06OCT2217100CE.NFO,03/10/2022,09:22:37,139.5,139.2,150,139.35,50,16000,3785350
NIFTY06OCT2217100CE.NFO,03/10/2022,09:22:38,137,137,150,137.25,200,35650,3785350
NIFTY06OCT2217100CE.NFO,03/10/2022,09:22:40,137.4,137.2,700,137.5,150,36700,3785350
NIFTY06OCT2217100CE.NFO,03/10/2022,09:22:41,134.55,134.3,50,134.55,100,46800,3785350
NIFTY06OCT2217100CE.NFO,03/10/2022,09:22:42,136,135.8,250,136,100,37150,3785350
NIFTY06OCT2217100CE.NFO,03/10/2022,09:22:44,133.05,133,3150,133.15,200,27250,3785350
NIFTY06OCT2217100CE.NFO,03/10/2022,09:22:46,131.85,131.75,450,132,150,31850,3785350
NIFTY06OCT2217100CE.NFO,03/10/2022,09:22:47,133.3,133.25,400,133.6,450,27250,3785350
NIFTY06OCT2217100CE.NFO,03/10/2022,09:22:49,134.3,134.3,50,134.55,150,15100,3785350
NIFTY06OCT2217100CE.NFO,03/10/2022,09:22:50,134.2,133.75,100,134,150,25100,3785350
NIFTY06OCT2217100CE.NFO,03/10/2022,09:22:52,133.95,133.75,50,133.95,100,13650,3785350
NIFTY06OCT2217100CE.NFO,03/10/2022,09:22:53,134.1,133.9,150,134.15,100,15400,3785350
NIFTY06OCT2217100CE.NFO,03/10/2022,09:22:54,134.55,134.3,50,134.55,150,13750,3785350
NIFTY06OCT2217100CE.NFO,03/10/2022,09:22:55,134.5,134.2,150,134.5,100,9500,3785350
NIFTY06OCT2217100CE.NFO,03/10/2022,09:22:56,134.3,134.25,1600,134.45,100,14750,3785350
NIFTY06OCT2217100CE.NFO,03/10/2022,09:22:58,133.75,133.45,150,133.7,50,30700,3785350
NIFTY06OCT2217100CE.NFO,03/10/2022,09:22:59,134,133.75,650,134.05,250,24150,3785350
NIFTY06OCT2217100CE.NFO,03/10/2022,09:23:00,134.15,134.1,800,134.4,150,12750,3785350
NIFTY06OCT2217100CE.NFO,03/10/2022,09:23:02,135.75,135.5,1400,135.75,150,23450,3785350
NIFTY06OCT2217100CE.NFO,03/10/2022,09:23:03,136.25,135.85,300,136.15,100,21250,3785350
NIFTY06OCT2217100CE.NFO,03/10/2022,09:23:04,135.3,135.3,150,135.55,200,23600,3785350
NIFTY06OCT2217100CE.NFO,03/10/2022,09:23:05,135,134.9,450,135.2,550,14550,3785350
NIFTY06OCT2217100CE.NFO,03/10/2022,09:23:07,134.3,134.25,300,134.5,350,15150,3785350
NIFTY06OCT2217100CE.NFO,03/10/2022,09:23:08,136,136,250,136.15,200,27400,3785350
NIFTY06OCT2217100CE.NFO,03/10/2022,09:23:10,136.55,136.35,300,136.55,50,23250,3785350
NIFTY06OCT2217100CE.NFO,03/10/2022,09:23:11,135.2,134.95,250,135.25,350,14300,3785350
NIFTY06OCT2217100CE.NFO,03/10/2022,09:23:13,139.15,139.15,300,139.4,100,26750,3785350
NIFTY06OCT2217100CE.NFO,03/10/2022,09:23:14,140.5,140.15,200,140.45,50,24550,3785350
NIFTY06OCT2217100CE.NFO,03/10/2022,09:23:16,139.45,139.15,50,139.45,550,17650,3785350
NIFTY06OCT2217100CE.NFO,03/10/2022,09:23:17,137.8,137.8,300,138,600,12500,3785350
NIFTY06OCT2217100CE.NFO,03/10/2022,09:23:18,137.5,137.1,250,137.35,150,13000,3785350
NIFTY06OCT2217100CE.NFO,03/10/2022,09:23:19,136.15,136.1,1400,136.4,200,23850,3785350
NIFTY06OCT2217100CE.NFO,03/10/2022,09:23:20,136.4,136.1,50,136.4,100,13500,3785350
NIFTY06OCT2217100CE.NFO,03/10/2022,09:23:22,137.6,137.45,150,137.65,150,15650,3785350
NIFTY06OCT2217100CE.NFO,03/10/2022,09:23:23,137.8,137.85,200,138,600,7350,3785350
NIFTY06OCT2217100CE.NFO,03/10/2022,09:23:24,138.6,138.5,150,138.75,250,9100,3785350
NIFTY06OCT2217100CE.NFO,03/10/2022,09:23:25,139,138.8,150,139.05,300,13200,4392950
NIFTY06OCT2217100CE.NFO,03/10/2022,09:23:26,139.55,139.35,50,139.55,250,12000,4392950
NIFTY06OCT2217100CE.NFO,03/10/2022,09:23:28,139,138.95,50,139,2600,9550,4392950
NIFTY06OCT2217100CE.NFO,03/10/2022,09:23:29,139.15,139,800,139.1,150,9450,4392950
NIFTY06OCT2217100CE.NFO,03/10/2022,09:23:30,140.45,140.25,200,140.5,300,20600,4392950
NIFTY06OCT2217100CE.NFO,03/10/2022,09:23:31,140.1,140,200,140.1,100,17750,4392950
NIFTY06OCT2217100CE.NFO,03/10/2022,09:23:32,140.7,140.3,200,140.6,350,11800,4392950
NIFTY06OCT2217100CE.NFO,03/10/2022,09:23:33,139.75,139.4,300,139.75,250,10100,4392950
NIFTY06OCT2217100CE.NFO,03/10/2022,09:23:34,139.8,139.6,50,139.8,50,11950,4392950
NIFTY06OCT2217100CE.NFO,03/10/2022,09:23:36,139.45,139.35,500,139.65,100,21100,4392950
NIFTY06OCT2217100CE.NFO,03/10/2022,09:23:36,140.2,140.05,150,140.25,100,4350,4392950
NIFTY06OCT2217100CE.NFO,03/10/2022,09:23:37,138.9,139.1,150,139.35,100,18850,4392950
NIFTY06OCT2217100CE.NFO,03/10/2022,09:23:39,139.5,139.5,50,139.6,200,14150,4392950
NIFTY06OCT2217100CE.NFO,03/10/2022,09:23:40,138.2,138,6850,138.2,800,17300,4392950
NIFTY06OCT2217100CE.NFO,03/10/2022,09:23:41,135.9,135.6,100,135.8,50,28300,4392950
NIFTY06OCT2217100CE.NFO,03/10/2022,09:23:43,135.45,135.45,200,135.75,300,16250,4392950
NIFTY06OCT2217100CE.NFO,03/10/2022,09:23:44,136,136,150,136.25,200,8150,4392950
NIFTY06OCT2217100CE.NFO,03/10/2022,09:23:46,135.35,135.3,150,135.55,150,11350,4392950
NIFTY06OCT2217100CE.NFO,03/10/2022,09:23:47,134.95,134.65,200,134.9,100,40800,4392950
NIFTY06OCT2217100CE.NFO,03/10/2022,09:23:48,133.7,133.4,200,133.7,50,27100,4392950
NIFTY06OCT2217100CE.NFO,03/10/2022,09:23:49,135.25,135,150,135.2,150,14500,4392950
NIFTY06OCT2217100CE.NFO,03/10/2022,09:23:51,135.15,135.2,350,135.45,1650,15150,4392950
NIFTY06OCT2217100CE.NFO,03/10/2022,09:23:52,133.8,133.65,50,133.8,100,10750,4392950
NIFTY06OCT2217100CE.NFO,03/10/2022,09:23:53,132.65,132.4,100,132.65,350,28400,4392950
NIFTY06OCT2217100CE.NFO,03/10/2022,09:23:55,134,133.8,50,134,50,23650,4392950
NIFTY06OCT2217100CE.NFO,03/10/2022,09:23:56,133.85,133.55,600,133.8,150,11350,4392950
NIFTY06OCT2217100CE.NFO,03/10/2022,09:23:57,134.15,134.15,100,134.45,250,13600,4392950
NIFTY06OCT2217100CE.NFO,03/10/2022,09:23:58,133.65,133.35,150,133.65,200,12350,4392950
NIFTY06OCT2217100CE.NFO,03/10/2022,09:24:00,133,133,1000,133.1,100,12500,4392950
NIFTY06OCT2217100CE.NFO,03/10/2022,09:24:01,132.4,132.15,250,132.4,200,41850,4392950
NIFTY06OCT2217100CE.NFO,03/10/2022,09:24:03,130.4,130.15,400,130.4,50,47150,4392950
NIFTY06OCT2217100CE.NFO,03/10/2022,09:24:04,131.55,131.55,200,131.65,500,39500,4392950
NIFTY06OCT2217100CE.NFO,03/10/2022,09:24:05,131.5,131.5,750,131.75,450,22200,4392950
NIFTY06OCT2217100CE.NFO,03/10/2022,09:24:07,131.05,131.05,2550,131.35,300,23450,4392950
NIFTY06OCT2217100CE.NFO,03/10/2022,09:24:08,132.7,132.7,100,132.9,50,19250,4392950
NIFTY06OCT2217100CE.NFO,03/10/2022,09:24:09,132.55,132.55,200,132.75,150,8550,4392950
NIFTY06OCT2217100CE.NFO,03/10/2022,09:24:10,132.7,132.35,250,132.65,50,9900,4392950
NIFTY06OCT2217100CE.NFO,03/10/2022,09:24:11,132.55,132.5,650,132.7,100,9000,4392950
NIFTY06OCT2217100CE.NFO,03/10/2022,09:24:12,133.7,133.45,250,133.7,200,18500,4392950
NIFTY06OCT2217100CE.NFO,03/10/2022,09:24:14,132.1,132.05,450,132.25,150,10150,4392950
NIFTY06OCT2217100CE.NFO,03/10/2022,09:24:15,132.4,132,250,132.25,150,9600,4392950
NIFTY06OCT2217100CE.NFO,03/10/2022,09:24:16,131.55,131.55,100,131.85,350,8950,4392950
NIFTY06OCT2217100CE.NFO,03/10/2022,09:24:17,132.6,132.55,200,132.85,300,55550,4392950
NIFTY06OCT2217100CE.NFO,03/10/2022,09:24:18,134.05,133.85,100,134.15,950,12900,4392950
NIFTY06OCT2217100CE.NFO,03/10/2022,09:24:19,132.3,132.15,100,132.3,100,10900,4392950
NIFTY06OCT2217100CE.NFO,03/10/2022,09:24:20,132.35,132.05,100,132.35,300,7700,4392950
NIFTY06OCT2217100CE.NFO,03/10/2022,09:24:22,132.5,132.1,150,132.35,200,10150,4392950
NIFTY06OCT2217100CE.NFO,03/10/2022,09:24:23,132.8,132.5,250,132.8,2900,9050,4392950
NIFTY06OCT2217100CE.NFO,03/10/2022,09:24:23,132.65,132.55,150,132.75,150,4900,4392950
NIFTY06OCT2217100CE.NFO,03/10/2022,09:24:25,133.3,132.8,300,133.1,250,10700,4392950
NIFTY06OCT2217100CE.NFO,03/10/2022,09:24:26,132.3,132.1,200,132.3,200,5200,4392950
NIFTY06OCT2217100CE.NFO,03/10/2022,09:24:27,131.75,131.75,300,132,250,8400,4392950
NIFTY06OCT2217100CE.NFO,03/10/2022,09:24:28,133.25,133,200,133.25,100,11250,4392950
NIFTY06OCT2217100CE.NFO,03/10/2022,09:24:28,133.35,133.1,100,133.35,250,1800,4392950
NIFTY06OCT2217100CE.NFO,03/10/2022,09:24:29,132.9,132.9,100,133.1,700,10550,4392950
NIFTY06OCT2217100CE.NFO,03/10/2022,09:24:31,132.75,132.55,250,132.8,250,9050,4392950
NIFTY06OCT2217100CE.NFO,03/10/2022,09:24:32,133,133,200,133.1,50,5350,4392950
NIFTY06OCT2217100CE.NFO,03/10/2022,09:24:33,132.15,132.1,100,132.15,200,7150,4392950
NIFTY06OCT2217100CE.NFO,03/10/2022,09:24:34,132.5,132.55,200,132.75,100,8600,4392950
NIFTY06OCT2217100CE.NFO,03/10/2022,09:24:36,130.45,130.45,50,130.75,50,24200,4392950
NIFTY06OCT2217100CE.NFO,03/10/2022,09:24:37,130.75,130.75,150,131,750,5100,4392950
NIFTY06OCT2217100CE.NFO,03/10/2022,09:24:38,131.05,131.05,50,131.3,100,10700,4392950
NIFTY06OCT2217100CE.NFO,03/10/2022,09:24:39,131.25,131.3,250,131.55,150,3800,4392950
NIFTY06OCT2217100CE.NFO,03/10/2022,09:24:40,130,130,34850,130.15,200,14850,4392950
NIFTY06OCT2217100CE.NFO,03/10/2022,09:24:42,128.4,128.05,700,128.4,1100,64750,4392950
NIFTY06OCT2217100CE.NFO,03/10/2022,09:24:44,129.8,129.55,200,129.85,350,27750,4392950
NIFTY06OCT2217100CE.NFO,03/10/2022,09:24:45,130.15,130.05,300,130.25,750,15350,4392950
NIFTY06OCT2217100CE.NFO,03/10/2022,09:24:47,130.95,130.7,50,131,300,29750,4392950
NIFTY06OCT2217100CE.NFO,03/10/2022,09:24:48,130.15,130,900,130.15,350,48000,4392950
NIFTY06OCT2217100CE.NFO,03/10/2022,09:24:49,129.85,129.7,50,129.9,200,8650,4392950
NIFTY06OCT2217100CE.NFO,03/10/2022,09:24:50,130.65,130.4,250,130.65,150,7600,4392950
NIFTY06OCT2217100CE.NFO,03/10/2022,09:24:52,130.6,130.75,1050,131.05,400,12350,4392950
NIFTY06OCT2217100CE.NFO,03/10/2022,09:24:53,131.95,131.75,200,131.95,400,5650,4392950
NIFTY06OCT2217100CE.NFO,03/10/2022,09:24:54,133.05,133.05,100,133.35,200,16250,4392950
NIFTY06OCT2217100CE.NFO,03/10/2022,09:24:55,133.65,133.25,150,133.5,200,13500,4392950
NIFTY06OCT2217100CE.NFO,03/10/2022,09:24:57,133.5,133.3,300,133.5,150,14000,4392950
NIFTY06OCT2217100CE.NFO,03/10/2022,09:24:58,133.95,133.75,500,134,4500,7450,4392950
NIFTY06OCT2217100CE.NFO,03/10/2022,09:24:59,134.3,134.1,200,134.3,300,9050,4392950
NIFTY06OCT2217100CE.NFO,03/10/2022,09:25:00,136.4,136.15,450,136.5,250,36650,4392950
NIFTY06OCT2217100CE.NFO,03/10/2022,09:25:02,137.4,137.4,50,137.6,100,20850,4392950
NIFTY06OCT2217100CE.NFO,03/10/2022,09:25:03,137.45,137.45,300,137.8,350,40250,4392950
NIFTY06OCT2217100CE.NFO,03/10/2022,09:25:05,139.05,138.95,150,139.25,150,37800,4392950
NIFTY06OCT2217100CE.NFO,03/10/2022,09:25:06,139.45,139.3,100,139.5,950,38750,4392950
NIFTY06OCT2217100CE.NFO,03/10/2022,09:25:07,139.3,139.1,250,139.35,200,21000,4392950
NIFTY06OCT2217100CE.NFO,03/10/2022,09:25:08,139.45,139.3,150,139.45,100,46100,4392950
NIFTY06OCT2217100CE.NFO,03/10/2022,09:25:09,138.35,138.15,150,138.35,100,27800,4392950
NIFTY06OCT2217100CE.NFO,03/10/2022,09:25:11,137.3,137.1,150,137.3,150,30550,4392950
NIFTY06OCT2217100CE.NFO,03/10/2022,09:25:12,136.1,135.95,250,136.15,150,32000,4392950
NIFTY06OCT2217100CE.NFO,03/10/2022,09:25:14,135.5,135.5,100,135.65,100,23850,4392950
NIFTY06OCT2217100CE.NFO,03/10/2022,09:25:15,134.25,134.05,150,134.3,300,10700,4392950
NIFTY06OCT2217100CE.NFO,03/10/2022,09:25:17,133.45,133.6,250,133.75,450,27200,4392950
NIFTY06OCT2217100CE.NFO,03/10/2022,09:25:18,134.65,134.5,250,134.65,100,11000,4392950
NIFTY06OCT2217100CE.NFO,03/10/2022,09:25:19,134.2,134.05,250,134.3,200,10300,4392950
NIFTY06OCT2217100CE.NFO,03/10/2022,09:25:20,130.9,130.7,300,130.95,50,49650,4392950
NIFTY06OCT2217100CE.NFO,03/10/2022,09:25:22,130.15,130,26250,130.2,350,22350,4392950
NIFTY06OCT2217100CE.NFO,03/10/2022,09:25:23,130.8,130.5,350,130.8,100,45800,4392950
NIFTY06OCT2217100CE.NFO,03/10/2022,09:25:25,129.55,129.35,150,129.6,1550,21000,4392950
NIFTY06OCT2217100CE.NFO,03/10/2022,09:25:26,131.65,131.4,950,131.75,200,22700,4392950
NIFTY06OCT2217100CE.NFO,03/10/2022,09:25:27,132.75,132.45,200,132.7,350,14400,4392950
NIFTY06OCT2217100CE.NFO,03/10/2022,09:25:29,132.85,132.6,300,132.85,300,8450,4392950
NIFTY06OCT2217100CE.NFO,03/10/2022,09:25:30,132.1,131.9,300,132.1,350,7900,4392950
NIFTY06OCT2217100CE.NFO,03/10/2022,09:25:30,132.3,132.1,150,132.3,600,1150,4392950
NIFTY06OCT2217100CE.NFO,03/10/2022,09:25:31,132.25,132.25,400,132.45,50,9350,4392950
NIFTY06OCT2217100CE.NFO,03/10/2022,09:25:32,132.45,132.55,100,132.7,50,10350,4392950
NIFTY06OCT2217100CE.NFO,03/10/2022,09:25:34,132.45,132.35,300,132.5,50,15800,4392950
NIFTY06OCT2217100CE.NFO,03/10/2022,09:25:35,131.2,131.05,200,131.25,50,15800,4392950
NIFTY06OCT2217100CE.NFO,03/10/2022,09:25:36,132,131.95,150,132,1950,34950,4392950
NIFTY06OCT2217100CE.NFO,03/10/2022,09:25:37,131.55,131.25,350,131.5,250,30800,4392950
NIFTY06OCT2217100CE.NFO,03/10/2022,09:25:38,131.1,130.8,200,130.95,300,6600,4392950
NIFTY06OCT2217100CE.NFO,03/10/2022,09:25:39,130.3,130.45,150,130.65,50,8150,4392950
NIFTY06OCT2217100CE.NFO,03/10/2022,09:25:41,130.1,130,3450,130.05,650,42650,4392950
NIFTY06OCT2217100CE.NFO,03/10/2022,09:25:42,129.45,129.45,200,129.7,300,14550,4392950
NIFTY06OCT2217100CE.NFO,03/10/2022,09:25:43,130.5,130.5,100,130.7,250,9250,4392950
NIFTY06OCT2217100CE.NFO,03/10/2022,09:25:44,129.25,129.05,100,129.25,200,19650,4392950
NIFTY06OCT2217100CE.NFO,03/10/2022,09:25:45,130.05,130,50,130.15,150,8850,4392950
NIFTY06OCT2217100CE.NFO,03/10/2022,09:25:46,129.8,129.55,250,129.8,200,9500,4392950
NIFTY06OCT2217100CE.NFO,03/10/2022,09:25:48,129.1,129,3050,129.1,100,14950,4392950
NIFTY06OCT2217100CE.NFO,03/10/2022,09:25:48,128.55,128.55,150,128.8,300,8350,4392950
NIFTY06OCT2217100CE.NFO,03/10/2022,09:25:50,128.35,128.15,350,128.35,150,9850,4392950
NIFTY06OCT2217100CE.NFO,03/10/2022,09:25:51,127,127,100,127.2,650,29850,4392950
NIFTY06OCT2217100CE.NFO,03/10/2022,09:25:53,124.5,124.35,150,124.5,450,77050,4392950
NIFTY06OCT2217100CE.NFO,03/10/2022,09:25:54,124.35,124.4,150,124.65,400,22550,4392950
NIFTY06OCT2217100CE.NFO,03/10/2022,09:25:56,125.15,125.15,100,125.35,150,17400,4392950
NIFTY06OCT2217100CE.NFO,03/10/2022,09:25:57,123.35,123.3,50,123.35,200,24150,4392950
NIFTY06OCT2217100CE.NFO,03/10/2022,09:25:58,124.25,124.15,150,124.4,200,20400,4392950
NIFTY06OCT2217100CE.NFO,03/10/2022,09:25:59,123.35,123.3,1100,123.5,150,20000,4392950
NIFTY06OCT2217100CE.NFO,03/10/2022,09:26:01,124,123.8,150,124,550,25300,4392950
NIFTY06OCT2217100CE.NFO,03/10/2022,09:26:02,124,123.95,650,124.15,450,20200,4392950
NIFTY06OCT2217100CE.NFO,03/10/2022,09:26:03,123.6,123.4,200,123.6,150,13750,4392950
NIFTY06OCT2217100CE.NFO,03/10/2022,09:26:04,123.75,123.75,150,123.9,300,23800,4392950
NIFTY06OCT2217100CE.NFO,03/10/2022,09:26:05,123.2,123.2,400,123.35,50,9000,4392950
NIFTY06OCT2217100CE.NFO,03/10/2022,09:26:06,123.05,122.95,150,123.05,50,15950,4392950
NIFTY06OCT2217100CE.NFO,03/10/2022,09:26:08,122.9,122.9,50,123,250,6500,4392950
NIFTY06OCT2217100CE.NFO,03/10/2022,09:26:09,124.2,124.15,150,124.4,350,50000,4392950
NIFTY06OCT2217100CE.NFO,03/10/2022,09:26:10,125,125,100,125.15,450,19150,4392950
NIFTY06OCT2217100CE.NFO,03/10/2022,09:26:12,126.2,126.15,50,126.4,250,23100,4392950
NIFTY06OCT2217100CE.NFO,03/10/2022,09:26:13,126.35,126.15,250,126.35,150,12000,4392950
NIFTY06OCT2217100CE.NFO,03/10/2022,09:26:14,125.75,125.75,200,125.85,50,9800,4392950
NIFTY06OCT2217100CE.NFO,03/10/2022,09:26:15,126.3,126.35,250,126.55,700,8450,4392950
NIFTY06OCT2217100CE.NFO,03/10/2022,09:26:16,126.45,126.45,300,126.65,450,7350,4392950
NIFTY06OCT2217100CE.NFO,03/10/2022,09:26:17,126.85,126.7,200,126.9,150,6100,4392950
NIFTY06OCT2217100CE.NFO,03/10/2022,09:26:18,126.25,126.1,250,126.3,50,6650,4392950
NIFTY06OCT2217100CE.NFO,03/10/2022,09:26:20,126.95,126.75,350,126.95,200,17550,4392950
NIFTY06OCT2217100CE.NFO,03/10/2022,09:26:21,126.05,126.1,200,126.3,50,19200,4392950
NIFTY06OCT2217100CE.NFO,03/10/2022,09:26:22,126.75,126.45,250,126.6,200,51400,4392950
NIFTY06OCT2217100CE.NFO,03/10/2022,09:26:23,125.45,125.3,350,125.45,100,23550,4392950
NIFTY06OCT2217100CE.NFO,03/10/2022,09:26:24,125.75,125.75,200,125.95,200,7900,4392950
NIFTY06OCT2217100CE.NFO,03/10/2022,09:26:25,126.6,126.55,50,126.7,300,10950,4990200
NIFTY06OCT2217100CE.NFO,03/10/2022,09:26:26,126.4,126.1,200,126.25,400,8100,4990200
NIFTY06OCT2217100CE.NFO,03/10/2022,09:26:27,125.45,125.3,100,125.4,50,18550,4990200
NIFTY06OCT2217100CE.NFO,03/10/2022,09:26:28,123.75,123.65,350,123.8,150,14300,4990200
NIFTY06OCT2217100CE.NFO,03/10/2022,09:26:29,124,123.95,200,124.25,650,13900,4990200
NIFTY06OCT2217100CE.NFO,03/10/2022,09:26:30,125.15,124.9,50,125.1,200,4700,4990200
NIFTY06OCT2217100CE.NFO,03/10/2022,09:26:31,124.25,124.2,200,124.4,250,6950,4990200
NIFTY06OCT2217100CE.NFO,03/10/2022,09:26:33,122.9,122.85,150,123.1,100,35750,4990200
NIFTY06OCT2217100CE.NFO,03/10/2022,09:26:34,124.05,123.9,300,124.05,100,8950,4990200
NIFTY06OCT2217100CE.NFO,03/10/2022,09:26:35,124.45,124.4,300,124.6,50,7700,4990200
NIFTY06OCT2217100CE.NFO,03/10/2022,09:26:36,124.05,124.2,550,124.4,300,6850,4990200
NIFTY06OCT2217100CE.NFO,03/10/2022,09:26:37,124.2,124.2,950,124.45,350,9100,4990200
NIFTY06OCT2217100CE.NFO,03/10/2022,09:26:38,125.25,125.25,350,125.45,50,13600,4990200
NIFTY06OCT2217100CE.NFO,03/10/2022,09:26:39,123.25,123.05,250,123.3,950,8600,4990200
NIFTY06OCT2217100CE.NFO,03/10/2022,09:26:41,123.25,123.05,50,123.25,50,13050,4990200
NIFTY06OCT2217100CE.NFO,03/10/2022,09:26:42,124.4,124.15,450,124.4,450,9350,4990200
NIFTY06OCT2217100CE.NFO,03/10/2022,09:26:43,125,124.9,250,125,600,9650,4990200
NIFTY06OCT2217100CE.NFO,03/10/2022,09:26:43,124.55,124.5,150,124.65,400,3650,4990200
NIFTY06OCT2217100CE.NFO,03/10/2022,09:26:44,124,124,250,124.1,150,6550,4990200
NIFTY06OCT2217100CE.NFO,03/10/2022,09:26:45,125.3,125,1450,125.25,150,6200,4990200
NIFTY06OCT2217100CE.NFO,03/10/2022,09:26:46,124.15,124.05,150,124.15,200,46400,4990200
NIFTY06OCT2217100CE.NFO,03/10/2022,09:26:47,125.55,125.3,250,125.5,150,8500,4990200
NIFTY06OCT2217100CE.NFO,03/10/2022,09:26:48,125.95,125.8,150,125.95,300,5900,4990200
NIFTY06OCT2217100CE.NFO,03/10/2022,09:26:49,125.25,125,150,125.25,550,7800,4990200
NIFTY06OCT2217100CE.NFO,03/10/2022,09:26:50,125.1,124.6,450,124.85,350,3700,4990200
NIFTY06OCT2217100CE.NFO,03/10/2022,09:26:51,124,123.85,250,124.05,200,9750,4990200
NIFTY06OCT2217100CE.NFO,03/10/2022,09:26:53,123.7,123.65,50,123.85,200,6250,4990200
NIFTY06OCT2217100CE.NFO,03/10/2022,09:26:54,123.25,123.25,300,123.5,400,7300,4990200
NIFTY06OCT2217100CE.NFO,03/10/2022,09:26:55,123.8,123.5,300,123.8,500,6100,4990200
NIFTY06OCT2217100CE.NFO,03/10/2022,09:26:56,123.85,123.6,600,123.85,150,5100,4990200
NIFTY06OCT2217100CE.NFO,03/10/2022,09:26:57,124.75,124.5,1100,124.75,250,8400,4990200
NIFTY06OCT2217100CE.NFO,03/10/2022,09:26:58,124.95,124.9,550,125.1,500,7150,4990200
NIFTY06OCT2217100CE.NFO,03/10/2022,09:26:59,125.5,125.5,700,125.65,300,3600,4990200
NIFTY06OCT2217100CE.NFO,03/10/2022,09:26:59,125.75,125.8,800,126,3250,1250,4990200
NIFTY06OCT2217100CE.NFO,03/10/2022,09:27:01,127.95,128.05,500,128.25,50,24300,4990200
NIFTY06OCT2217100CE.NFO,03/10/2022,09:27:02,126.45,126.2,750,126.45,250,36200,4990200
NIFTY06OCT2217100CE.NFO,03/10/2022,09:27:03,126.25,126,50,126.2,250,34400,4990200
NIFTY06OCT2217100CE.NFO,03/10/2022,09:27:04,125.95,125.75,350,125.9,50,8200,4990200
NIFTY06OCT2217100CE.NFO,03/10/2022,09:27:05,124.05,124.05,50,124.2,150,7700,4990200
NIFTY06OCT2217100CE.NFO,03/10/2022,09:27:06,124.45,124.2,200,124.45,500,9250,4990200
NIFTY06OCT2217100CE.NFO,03/10/2022,09:27:06,124.45,124.25,850,124.45,50,950,4990200
NIFTY06OCT2217100CE.NFO,03/10/2022,09:27:07,124.6,124.55,300,124.8,150,6100,4990200
NIFTY06OCT2217100CE.NFO,03/10/2022,09:27:08,123.4,123.3,500,123.5,150,10900,4990200
NIFTY06OCT2217100CE.NFO,03/10/2022,09:27:09,123.5,123.4,50,123.55,400,4500,4990200
NIFTY06OCT2217100CE.NFO,03/10/2022,09:27:11,123.05,122.85,150,123.05,100,12050,4990200
NIFTY06OCT2217100CE.NFO,03/10/2022,09:27:11,122.9,122.95,150,123.15,250,8700,4990200
NIFTY06OCT2217100CE.NFO,03/10/2022,09:27:12,123.25,123.15,400,123.3,50,7400,4990200
NIFTY06OCT2217100CE.NFO,03/10/2022,09:27:14,123.35,123.25,500,123.35,550,8700,4990200
NIFTY06OCT2217100CE.NFO,03/10/2022,09:27:15,123.5,123.35,50,123.6,450,10450,4990200
NIFTY06OCT2217100CE.NFO,03/10/2022,09:27:16,123.15,123.05,50,123.1,350,48900,4990200
NIFTY06OCT2217100CE.NFO,03/10/2022,09:27:17,122.95,122.75,50,122.95,300,6850,4990200
NIFTY06OCT2217100CE.NFO,03/10/2022,09:27:17,123.2,123.2,50,123.25,400,1950,4990200
NIFTY06OCT2217100CE.NFO,03/10/2022,09:27:18,123.5,123.25,50,123.4,200,12450,4990200
NIFTY06OCT2217100CE.NFO,03/10/2022,09:27:20,122.95,122.85,200,122.95,250,5400,4990200
NIFTY06OCT2217100CE.NFO,03/10/2022,09:27:21,122.4,122.2,150,122.35,200,5150,4990200
NIFTY06OCT2217100CE.NFO,03/10/2022,09:27:22,121.45,121.1,500,121.35,1150,33600,4990200
NIFTY06OCT2217100CE.NFO,03/10/2022,09:27:23,120.6,120.5,200,120.75,1000,11850,4990200
NIFTY06OCT2217100CE.NFO,03/10/2022,09:27:24,120.25,120.2,50,120.4,350,52650,4990200
NIFTY06OCT2217100CE.NFO,03/10/2022,09:27:26,118.3,118.15,700,118.35,50,53850,4990200
NIFTY06OCT2217100CE.NFO,03/10/2022,09:27:27,117.8,117.8,850,118.05,200,13700,4990200
NIFTY06OCT2217100CE.NFO,03/10/2022,09:27:28,115.15,115.15,50,115.3,300,37950,4990200
NIFTY06OCT2217100CE.NFO,03/10/2022,09:27:30,116.25,116.25,550,116.5,300,39450,4990200
NIFTY06OCT2217100CE.NFO,03/10/2022,09:27:31,116.65,116.4,150,116.65,1000,23750,4990200
NIFTY06OCT2217100CE.NFO,03/10/2022,09:27:32,117.15,116.95,200,117.15,250,17550,4990200
NIFTY06OCT2217100CE.NFO,03/10/2022,09:27:33,115.45,115.45,250,115.65,200,28700,4990200
NIFTY06OCT2217100CE.NFO,03/10/2022,09:27:35,115.15,115,50,115.1,200,20950,4990200
NIFTY06OCT2217100CE.NFO,03/10/2022,09:27:36,115.95,115.85,550,116.15,300,23000,4990200
NIFTY06OCT2217100CE.NFO,03/10/2022,09:27:37,116.85,116.9,200,117.15,250,15950,4990200
NIFTY06OCT2217100CE.NFO,03/10/2022,09:27:38,116.3,116,500,116.15,200,14150,4990200
NIFTY06OCT2217100CE.NFO,03/10/2022,09:27:39,116.1,116,200,116.25,400,9650,4990200
NIFTY06OCT2217100CE.NFO,03/10/2022,09:27:40,115.6,115.6,700,115.8,150,14800,4990200
NIFTY06OCT2217100CE.NFO,03/10/2022,09:27:41,116.25,116.3,50,116.45,200,7700,4990200
NIFTY06OCT2217100CE.NFO,03/10/2022,09:27:41,115.5,115.55,250,115.75,200,900,4990200
NIFTY06OCT2217100CE.NFO,03/10/2022,09:27:43,115.95,115.95,200,116.15,250,14550,4990200
NIFTY06OCT2217100CE.NFO,03/10/2022,09:27:44,116.35,116.35,250,116.6,750,23900,4990200
NIFTY06OCT2217100CE.NFO,03/10/2022,09:27:45,116.6,116.4,250,116.65,400,7300,4990200
NIFTY06OCT2217100CE.NFO,03/10/2022,09:27:45,116.85,116.65,400,116.9,300,1100,4990200
NIFTY06OCT2217100CE.NFO,03/10/2022,09:27:47,118.7,118.45,300,118.7,850,17450,4990200
NIFTY06OCT2217100CE.NFO,03/10/2022,09:27:48,118.05,117.75,200,117.85,50,65300,4990200
NIFTY06OCT2217100CE.NFO,03/10/2022,09:27:49,117.55,117.35,200,117.55,250,14050,4990200
NIFTY06OCT2217100CE.NFO,03/10/2022,09:27:50,117.25,117.1,100,117.25,150,8100,4990200
NIFTY06OCT2217100CE.NFO,03/10/2022,09:27:52,117.25,117.25,300,117.3,50,5400,4990200
NIFTY06OCT2217100CE.NFO,03/10/2022,09:27:53,118.8,118.8,150,118.95,100,13850,4990200
NIFTY06OCT2217100CE.NFO,03/10/2022,09:27:54,118.8,118.55,350,118.8,350,4450,4990200
NIFTY06OCT2217100CE.NFO,03/10/2022,09:27:55,118.65,118.45,250,118.65,200,7750,4990200
NIFTY06OCT2217100CE.NFO,03/10/2022,09:27:56,119.45,119.25,200,119.5,550,7250,4990200
NIFTY06OCT2217100CE.NFO,03/10/2022,09:27:58,119.7,119.75,200,119.8,50,11000,4990200
NIFTY06OCT2217100CE.NFO,03/10/2022,09:27:59,121.35,121.3,300,121.4,50,22200,4990200
NIFTY06OCT2217100CE.NFO,03/10/2022,09:28:00,119.6,119.65,200,119.85,100,12000,4990200
NIFTY06OCT2217100CE.NFO,03/10/2022,09:28:01,118.2,118.05,450,118.3,350,17050,4990200
NIFTY06OCT2217100CE.NFO,03/10/2022,09:28:03,116.65,116.5,350,116.65,100,14800,4990200
NIFTY06OCT2217100CE.NFO,03/10/2022,09:28:04,116.3,116.25,850,116.35,50,9500,4990200
NIFTY06OCT2217100CE.NFO,03/10/2022,09:28:05,116.5,116.2,200,116.35,300,16450,4990200
NIFTY06OCT2217100CE.NFO,03/10/2022,09:28:06,116.5,116.4,200,116.45,100,5850,4990200
NIFTY06OCT2217100CE.NFO,03/10/2022,09:28:06,116.7,116.4,350,116.6,50,1050,4990200
NIFTY06OCT2217100CE.NFO,03/10/2022,09:28:07,116.3,116.2,300,116.3,50,5150,4990200
NIFTY06OCT2217100CE.NFO,03/10/2022,09:28:09,116.2,116.2,200,116.4,1000,7300,4990200
NIFTY06OCT2217100CE.NFO,03/10/2022,09:28:10,114.7,114.65,400,114.95,600,29300,4990200
NIFTY06OCT2217100CE.NFO,03/10/2022,09:28:11,114.8,114.5,50,114.65,300,14900,4990200
NIFTY06OCT2217100CE.NFO,03/10/2022,09:28:12,114.1,114.1,350,114.2,50,19550,4990200
NIFTY06OCT2217100CE.NFO,03/10/2022,09:28:14,112.65,112.6,50,112.7,350,18100,4990200
NIFTY06OCT2217100CE.NFO,03/10/2022,09:28:15,113.05,113.05,950,113.2,400,14100,4990200
NIFTY06OCT2217100CE.NFO,03/10/2022,09:28:16,113.3,113.15,400,113.3,100,11100,4990200
NIFTY06OCT2217100CE.NFO,03/10/2022,09:28:18,113.05,113.05,200,113.2,200,11300,4990200
NIFTY06OCT2217100CE.NFO,03/10/2022,09:28:19,113.45,113.25,150,113.45,150,12600,4990200
NIFTY06OCT2217100CE.NFO,03/10/2022,09:28:20,113.3,113.3,400,113.5,350,18450,4990200
NIFTY06OCT2217100CE.NFO,03/10/2022,09:28:21,114.15,114.15,200,114.35,600,8350,4990200
NIFTY06OCT2217100CE.NFO,03/10/2022,09:28:22,115,115,650,115.2,400,15550,4990200
NIFTY06OCT2217100CE.NFO,03/10/2022,09:28:23,114.25,114.05,600,114.25,250,11450,4990200
NIFTY06OCT2217100CE.NFO,03/10/2022,09:28:24,114.35,114.35,400,114.5,150,6200,4990200
NIFTY06OCT2217100CE.NFO,03/10/2022,09:28:25,114.7,114.55,150,114.75,350,4600,4990200
NIFTY06OCT2217100CE.NFO,03/10/2022,09:28:26,115,114.8,300,115,600,10050,4990200
NIFTY06OCT2217100CE.NFO,03/10/2022,09:28:27,116,116.05,50,116.2,150,9550,4990200
NIFTY06OCT2217100CE.NFO,03/10/2022,09:28:28,115.5,115.35,350,115.55,600,5850,4990200
NIFTY06OCT2217100CE.NFO,03/10/2022,09:28:30,115.2,115.25,400,115.35,150,8650,4990200
NIFTY06OCT2217100CE.NFO,03/10/2022,09:28:31,115,114.85,250,115,650,11150,4990200
NIFTY06OCT2217100CE.NFO,03/10/2022,09:28:32,114.15,114.1,250,114.25,50,12550,4990200
NIFTY06OCT2217100CE.NFO,03/10/2022,09:28:33,114.4,114.35,650,114.55,150,8150,4990200
NIFTY06OCT2217100CE.NFO,03/10/2022,09:28:34,114.05,114.15,350,114.3,50,8750,4990200
NIFTY06OCT2217100CE.NFO,03/10/2022,09:28:35,114.3,114.35,150,114.6,250,6100,4990200
NIFTY06OCT2217100CE.NFO,03/10/2022,09:28:36,114,113.95,200,114.1,50,6050,4990200
NIFTY06OCT2217100CE.NFO,03/10/2022,09:28:37,114.25,114.1,100,114.25,50,9050,4990200
NIFTY06OCT2217100CE.NFO,03/10/2022,09:28:37,114,114,50,114.2,350,800,4990200
NIFTY06OCT2217100CE.NFO,03/10/2022,09:28:39,114.4,114.35,450,114.6,550,7500,4990200
NIFTY06OCT2217100CE.NFO,03/10/2022,09:28:40,113.8,113.75,950,113.95,200,7600,4990200
NIFTY06OCT2217100CE.NFO,03/10/2022,09:28:41,114.5,114.45,350,114.65,100,5800,4990200
NIFTY06OCT2217100CE.NFO,03/10/2022,09:28:42,114.7,114.6,850,114.8,100,4350,4990200
NIFTY06OCT2217100CE.NFO,03/10/2022,09:28:43,114.2,113.75,450,114,1600,5750,4990200
NIFTY06OCT2217100CE.NFO,03/10/2022,09:28:44,114.4,114.2,200,114.35,550,11750,4990200
NIFTY06OCT2217100CE.NFO,03/10/2022,09:28:45,114.5,114.5,900,114.75,350,7250,4990200
NIFTY06OCT2217100CE.NFO,03/10/2022,09:28:46,114.85,114.8,400,114.95,200,13300,4990200
NIFTY06OCT2217100CE.NFO,03/10/2022,09:28:48,113.5,113.3,100,113.45,150,7100,4990200
NIFTY06OCT2217100CE.NFO,03/10/2022,09:28:49,113.05,113,6600,113.2,350,6500,4990200
NIFTY06OCT2217100CE.NFO,03/10/2022,09:28:50,113.5,113.35,100,113.55,200,3900,4990200
NIFTY06OCT2217100CE.NFO,03/10/2022,09:28:51,114.15,113.9,800,114.05,150,8450,4990200
NIFTY06OCT2217100CE.NFO,03/10/2022,09:28:51,113.8,113.8,1450,114.05,150,550,4990200
NIFTY06OCT2217100CE.NFO,03/10/2022,09:28:52,114,114,200,114.15,200,7150,4990200
NIFTY06OCT2217100CE.NFO,03/10/2022,09:28:53,113.3,113.4,400,113.6,100,2800,4990200
NIFTY06OCT2217100CE.NFO,03/10/2022,09:28:54,113.85,113.8,450,114,100,6600,4990200
NIFTY06OCT2217100CE.NFO,03/10/2022,09:28:56,115,114.8,100,114.95,500,8300,4990200
NIFTY06OCT2217100CE.NFO,03/10/2022,09:28:57,114.55,114.4,200,114.55,1400,6100,4990200
NIFTY06OCT2217100CE.NFO,03/10/2022,09:28:58,114.25,114.15,200,114.4,300,4450,4990200
NIFTY06OCT2217100CE.NFO,03/10/2022,09:28:59,114.2,114,50,114.2,300,3450,4990200
NIFTY06OCT2217100CE.NFO,03/10/2022,09:29:00,114.4,114,1100,114.15,200,4300,4990200
NIFTY06OCT2217100CE.NFO,03/10/2022,09:29:00,115.25,115.05,50,115.2,350,9350,4990200
NIFTY06OCT2217100CE.NFO,03/10/2022,09:29:01,113.5,113.35,350,113.5,100,6850,4990200
NIFTY06OCT2217100CE.NFO,03/10/2022,09:29:02,111.8,111.55,900,111.8,300,56700,4990200
NIFTY06OCT2217100CE.NFO,03/10/2022,09:29:04,111.35,110.95,150,111.2,950,19400,4990200
NIFTY06OCT2217100CE.NFO,03/10/2022,09:29:05,109.8,109.8,350,109.95,50,67200,4990200
NIFTY06OCT2217100CE.NFO,03/10/2022,09:29:07,110.1,110.05,250,110.2,50,13700,4990200
NIFTY06OCT2217100CE.NFO,03/10/2022,09:29:08,110.85,110.8,350,110.95,200,17800,4990200
NIFTY06OCT2217100CE.NFO,03/10/2022,09:29:09,111.35,111.35,200,111.5,150,13550,4990200
NIFTY06OCT2217100CE.NFO,03/10/2022,09:29:10,112.85,112.9,200,113,50,22350,4990200
NIFTY06OCT2217100CE.NFO,03/10/2022,09:29:11,113.65,113.55,300,113.75,400,19250,4990200
NIFTY06OCT2217100CE.NFO,03/10/2022,09:29:12,114.6,114.45,450,114.7,300,14950,4990200
NIFTY06OCT2217100CE.NFO,03/10/2022,09:29:13,115.25,115.05,200,115.25,50,6050,4990200
NIFTY06OCT2217100CE.NFO,03/10/2022,09:29:14,113.9,113.95,50,114.15,300,6750,4990200
NIFTY06OCT2217100CE.NFO,03/10/2022,09:29:15,113.1,113.05,600,113.3,50,3600,4990200
NIFTY06OCT2217100CE.NFO,03/10/2022,09:29:16,114.1,114.05,100,114.1,350,12750,4990200
NIFTY06OCT2217100CE.NFO,03/10/2022,09:29:18,113.25,113.25,1950,113.45,100,14300,4990200
NIFTY06OCT2217100CE.NFO,03/10/2022,09:29:19,114.5,114.3,150,114.5,300,8600,4990200
NIFTY06OCT2217100CE.NFO,03/10/2022,09:29:20,114,113.85,400,114,50,2900,4990200
NIFTY06OCT2217100CE.NFO,03/10/2022,09:29:21,114.6,114.4,200,114.6,250,6200,4990200
NIFTY06OCT2217100CE.NFO,03/10/2022,09:29:22,114.75,114.7,450,114.9,200,6250,4990200
NIFTY06OCT2217100CE.NFO,03/10/2022,09:29:23,113.65,113.7,400,113.8,100,3450,4990200
NIFTY06OCT2217100CE.NFO,03/10/2022,09:29:24,113.45,113.35,200,113.5,300,4800,4990200
NIFTY06OCT2217100CE.NFO,03/10/2022,09:29:26,114.4,114.25,150,114.4,100,8150,5146950
NIFTY06OCT2217100CE.NFO,03/10/2022,09:29:27,114.7,114.6,300,114.8,350,6100,5146950
NIFTY06OCT2217100CE.NFO,03/10/2022,09:29:28,114.7,114.35,50,114.5,150,2000,5146950
NIFTY06OCT2217100CE.NFO,03/10/2022,09:29:29,114.75,114.65,400,114.9,550,9750,5146950
NIFTY06OCT2217100CE.NFO,03/10/2022,09:29:30,113.35,113.2,50,113.35,900,16500,5146950
NIFTY06OCT2217100CE.NFO,03/10/2022,09:29:31,113,112.95,350,113.1,1000,11050,5146950
NIFTY06OCT2217100CE.NFO,03/10/2022,09:29:32,112.55,112.25,350,112.5,50,8100,5146950
NIFTY06OCT2217100CE.NFO,03/10/2022,09:29:33,112.75,112.6,300,112.8,400,5450,5146950
NIFTY06OCT2217100CE.NFO,03/10/2022,09:29:34,112.7,112.65,550,112.9,200,7950,5146950
NIFTY06OCT2217100CE.NFO,03/10/2022,09:29:36,111.75,111.45,200,111.65,250,16400,5146950
NIFTY06OCT2217100CE.NFO,03/10/2022,09:29:37,112.4,112.4,550,112.6,200,6550,5146950
NIFTY06OCT2217100CE.NFO,03/10/2022,09:29:38,112.2,112,1300,112.25,700,1650,5146950
NIFTY06OCT2217100CE.NFO,03/10/2022,09:29:39,112.05,111.8,200,112.05,1000,10750,5146950
NIFTY06OCT2217100CE.NFO,03/10/2022,09:29:40,111.3,111.3,600,111.55,400,4600,5146950
NIFTY06OCT2217100CE.NFO,03/10/2022,09:29:41,111.15,110.9,350,111.05,50,11450,5146950
NIFTY06OCT2217100CE.NFO,03/10/2022,09:29:43,111.45,111.5,550,111.55,50,5550,5146950
NIFTY06OCT2217100CE.NFO,03/10/2022,09:29:44,111.05,111.05,350,111.25,200,5350,5146950
NIFTY06OCT2217100CE.NFO,03/10/2022,09:29:45,111.7,111.5,450,111.75,900,6100,5146950
NIFTY06OCT2217100CE.NFO,03/10/2022,09:29:46,111.35,111.55,350,111.6,1250,4850,5146950
NIFTY06OCT2217100CE.NFO,03/10/2022,09:29:47,111.05,110.9,300,111.1,50,9600,5146950
NIFTY06OCT2217100CE.NFO,03/10/2022,09:29:48,110.25,110.25,50,110.3,50,3050,5146950
NIFTY06OCT2217100CE.NFO,03/10/2022,09:29:49,110.5,110.3,300,110.45,200,9800,5146950
NIFTY06OCT2217100CE.NFO,03/10/2022,09:29:50,110.55,110.4,200,110.6,250,11150,5146950
NIFTY06OCT2217100CE.NFO,03/10/2022,09:29:50,110.6,110.15,200,110.4,550,1750,5146950
NIFTY06OCT2217100CE.NFO,03/10/2022,09:29:51,110.15,110,350,110.15,50,22700,5146950
NIFTY06OCT2217100CE.NFO,03/10/2022,09:29:52,110.5,110.45,300,110.65,200,8500,5146950
NIFTY06OCT2217100CE.NFO,03/10/2022,09:29:54,110.2,110.2,300,110.3,250,9900,5146950
NIFTY06OCT2217100CE.NFO,03/10/2022,09:29:55,110.1,110,350,110.1,100,7950,5146950
NIFTY06OCT2217100CE.NFO,03/10/2022,09:29:56,109.7,109.7,250,109.9,400,8900,5146950
NIFTY06OCT2217100CE.NFO,03/10/2022,09:29:57,110,109.75,400,110,200,8600,5146950
NIFTY06OCT2217100CE.NFO,03/10/2022,09:29:57,110.05,110.05,300,110.25,350,1950,5146950
NIFTY06OCT2217100CE.NFO,03/10/2022,09:29:59,110.1,110.05,650,110.25,150,9750,5146950
NIFTY06OCT2217100CE.NFO,03/10/2022,09:30:00,107.55,107.3,100,107.5,200,44650,5146950
NIFTY06OCT2217100CE.NFO,03/10/2022,09:30:02,106.9,106.7,250,106.95,100,24350,5146950
NIFTY06OCT2217100CE.NFO,03/10/2022,09:30:03,106.15,105.9,500,106.15,300,26700,5146950
NIFTY06OCT2217100CE.NFO,03/10/2022,09:30:04,105.25,105.1,400,105.4,500,11650,5146950
NIFTY06OCT2217100CE.NFO,03/10/2022,09:30:05,104.7,104.6,100,104.75,400,40400,5146950
NIFTY06OCT2217100CE.NFO,03/10/2022,09:30:06,107.15,107,50,107.05,150,41000,5146950
NIFTY06OCT2217100CE.NFO,03/10/2022,09:30:07,105.7,105.4,350,105.6,150,16100,5146950
NIFTY06OCT2217100CE.NFO,03/10/2022,09:30:09,105,104.95,450,105.1,150,18950,5146950
NIFTY06OCT2217100CE.NFO,03/10/2022,09:30:10,105.2,105.2,400,105.45,400,17650,5146950
NIFTY06OCT2217100CE.NFO,03/10/2022,09:30:11,105.5,105.4,50,105.45,550,21650,5146950
NIFTY06OCT2217100CE.NFO,03/10/2022,09:30:12,105.5,105.5,600,105.75,250,16100,5146950
NIFTY06OCT2217100CE.NFO,03/10/2022,09:30:13,105.05,105.05,100,105.2,200,12550,5146950
NIFTY06OCT2217100CE.NFO,03/10/2022,09:30:14,105.95,105.65,500,105.85,200,4500,5146950
NIFTY06OCT2217100CE.NFO,03/10/2022,09:30:15,105.1,105.1,150,105.3,200,15150,5146950
NIFTY06OCT2217100CE.NFO,03/10/2022,09:30:16,104.7,104.55,250,104.75,250,14150,5146950
NIFTY06OCT2217100CE.NFO,03/10/2022,09:30:17,103.9,103.8,50,104,250,11400,5146950
NIFTY06OCT2217100CE.NFO,03/10/2022,09:30:19,103.95,103.8,500,104.05,400,11250,5146950
NIFTY06OCT2217100CE.NFO,03/10/2022,09:30:20,103.6,103.6,400,103.85,400,15050,5146950
NIFTY06OCT2217100CE.NFO,03/10/2022,09:30:21,103.4,103.15,300,103.35,100,15250,5146950
NIFTY06OCT2217100CE.NFO,03/10/2022,09:30:22,102.7,102.85,400,103,200,13100,5146950
NIFTY06OCT2217100CE.NFO,03/10/2022,09:30:24,102.45,102.4,100,102.45,250,9750,5146950
NIFTY06OCT2217100CE.NFO,03/10/2022,09:30:25,102.35,102.2,50,102.35,100,15000,5146950
NIFTY06OCT2217100CE.NFO,03/10/2022,09:30:26,102.75,102.55,250,102.8,900,18650,5146950
NIFTY06OCT2217100CE.NFO,03/10/2022,09:30:27,101.5,101.5,200,101.7,50,17450,5146950
NIFTY06OCT2217100CE.NFO,03/10/2022,09:30:28,101.25,101,300,101.25,200,20700,5146950
NIFTY06OCT2217100CE.NFO,03/10/2022,09:30:29,101.45,101.45,50,101.55,250,5450,5146950
NIFTY06OCT2217100CE.NFO,03/10/2022,09:30:30,101.25,101.25,50,101.45,150,3500,5146950
NIFTY06OCT2217100CE.NFO,03/10/2022,09:30:31,100.65,100.6,50,100.7,500,16350,5146950
NIFTY06OCT2217100CE.NFO,03/10/2022,09:30:32,101.25,101,1350,101.25,600,20250,5146950
NIFTY06OCT2217100CE.NFO,03/10/2022,09:30:33,101,101,250,101.05,250,11550,5146950
NIFTY06OCT2217100CE.NFO,03/10/2022,09:30:34,101.3,101.1,300,101.3,150,8500,5146950
NIFTY06OCT2217100CE.NFO,03/10/2022,09:30:35,101.45,101.45,350,101.7,450,23650,5146950
NIFTY06OCT2217100CE.NFO,03/10/2022,09:30:37,101.25,101.2,300,101.3,150,8250,5146950
NIFTY06OCT2217100CE.NFO,03/10/2022,09:30:38,101.65,101.4,1300,101.65,400,8350,5146950
NIFTY06OCT2217100CE.NFO,03/10/2022,09:30:39,101.8,101.7,50,101.85,150,7350,5146950
NIFTY06OCT2217100CE.NFO,03/10/2022,09:30:40,102.55,102.5,100,102.55,150,18950,5146950
NIFTY06OCT2217100CE.NFO,03/10/2022,09:30:41,101.7,101.5,150,101.6,50,16700,5146950
NIFTY06OCT2217100CE.NFO,03/10/2022,09:30:42,101.55,101.4,150,101.55,150,14750,5146950
NIFTY06OCT2217100CE.NFO,03/10/2022,09:30:43,102.35,102.25,50,102.35,200,9300,5146950
NIFTY06OCT2217100CE.NFO,03/10/2022,09:30:44,101.25,101.2,50,101.35,500,19550,5146950
NIFTY06OCT2217100CE.NFO,03/10/2022,09:30:45,101.2,101.1,50,101.15,50,550,5146950
NIFTY06OCT2217100CE.NFO,03/10/2022,09:30:46,101.95,101.9,50,102.05,500,6500,5146950
NIFTY06OCT2217100CE.NFO,03/10/2022,09:30:47,102,102,100,102.2,850,12450,5146950
NIFTY06OCT2217100CE.NFO,03/10/2022,09:30:48,103.05,103,400,103.1,150,17950,5146950
NIFTY06OCT2217100CE.NFO,03/10/2022,09:30:49,104.05,104.1,50,104.25,50,11900,5146950
NIFTY06OCT2217100CE.NFO,03/10/2022,09:30:51,105.45,105.3,250,105.5,750,16550,5146950
NIFTY06OCT2217100CE.NFO,03/10/2022,09:30:52,104.3,104,400,104.2,250,10000,5146950
NIFTY06OCT2217100CE.NFO,03/10/2022,09:30:53,103.25,103.15,1000,103.4,350,11000,5146950
NIFTY06OCT2217100CE.NFO,03/10/2022,09:30:54,104.05,103.95,150,104.05,100,8200,5146950
NIFTY06OCT2217100CE.NFO,03/10/2022,09:30:55,104.65,104.5,50,104.65,650,19300,5146950
NIFTY06OCT2217100CE.NFO,03/10/2022,09:30:56,105.3,105.1,50,105.3,150,11800,5146950
NIFTY06OCT2217100CE.NFO,03/10/2022,09:30:57,105.05,104.95,150,105.15,200,12300,5146950
NIFTY06OCT2217100CE.NFO,03/10/2022,09:30:58,104.95,104.9,950,105.15,450,1550,5146950
NIFTY06OCT2217100CE.NFO,03/10/2022,09:30:59,105.95,105.7,450,105.95,100,9000,5146950
NIFTY06OCT2217100CE.NFO,03/10/2022,09:31:00,105.55,105.35,150,105.6,200,4150,5146950
NIFTY06OCT2217100CE.NFO,03/10/2022,09:31:01,104.8,104.65,450,104.8,100,15650,5146950
NIFTY06OCT2217100CE.NFO,03/10/2022,09:31:02,105.45,105.5,250,105.6,600,8700,5146950
NIFTY06OCT2217100CE.NFO,03/10/2022,09:31:03,106.1,106,350,106.2,600,16050,5146950
NIFTY06OCT2217100CE.NFO,03/10/2022,09:31:04,105.6,105.65,100,105.8,50,9750,5146950
NIFTY06OCT2217100CE.NFO,03/10/2022,09:31:05,105.85,105.8,200,106,2100,1050,5146950
NIFTY06OCT2217100CE.NFO,03/10/2022,09:31:06,105.85,105.85,250,105.95,150,5250,5146950
NIFTY06OCT2217100CE.NFO,03/10/2022,09:31:07,107.25,107.25,350,107.35,150,20850,5146950
NIFTY06OCT2217100CE.NFO,03/10/2022,09:31:08,107.75,107.45,250,107.7,250,16650,5146950
NIFTY06OCT2217100CE.NFO,03/10/2022,09:31:09,107.15,106.95,350,107.2,200,8450,5146950
NIFTY06OCT2217100CE.NFO,03/10/2022,09:31:10,107.75,107.75,50,107.95,500,9750,5146950
NIFTY06OCT2217100CE.NFO,03/10/2022,09:31:11,107.5,107.35,350,107.5,150,6350,5146950
NIFTY06OCT2217100CE.NFO,03/10/2022,09:31:12,107.55,107.45,200,107.6,200,1150,5146950
NIFTY06OCT2217100CE.NFO,03/10/2022,09:31:13,107.5,107.55,100,107.7,50,8850,5146950
NIFTY06OCT2217100CE.NFO,03/10/2022,09:31:14,108.2,108.05,450,108.2,700,15250,5146950
NIFTY06OCT2217100CE.NFO,03/10/2022,09:31:15,108.7,108.55,200,108.65,50,13300,5146950
NIFTY06OCT2217100CE.NFO,03/10/2022,09:31:16,108.95,108.7,50,108.9,100,16700,5146950
NIFTY06OCT2217100CE.NFO,03/10/2022,09:31:17,109.7,109.65,250,109.75,50,10700,5146950
NIFTY06OCT2217100CE.NFO,03/10/2022,09:31:18,109.8,109.6,500,109.8,50,2800,5146950
NIFTY06OCT2217100CE.NFO,03/10/2022,09:31:19,110.25,110.25,400,110.45,250,11650,5146950
NIFTY06OCT2217100CE.NFO,03/10/2022,09:31:20,111.8,111.7,150,111.8,500,25950,5146950
NIFTY06OCT2217100CE.NFO,03/10/2022,09:31:21,111.9,111.85,250,112,50,21400,5146950
NIFTY06OCT2217100CE.NFO,03/10/2022,09:31:22,112.75,112.5,250,112.8,500,19750,5146950
NIFTY06OCT2217100CE.NFO,03/10/2022,09:31:23,112.2,112.2,250,112.4,200,24550,5146950
NIFTY06OCT2217100CE.NFO,03/10/2022,09:31:24,112.4,112.2,200,112.4,50,3200,5146950
NIFTY06OCT2217100CE.NFO,03/10/2022,09:31:25,113.95,113.75,50,113.95,500,23800,5146950
NIFTY06OCT2217100CE.NFO,03/10/2022,09:31:26,114.2,114.2,350,114.45,300,19650,5146950
NIFTY06OCT2217100CE.NFO,03/10/2022,09:31:27,115.95,115.75,50,115.9,50,32550,5146950
NIFTY06OCT2217100CE.NFO,03/10/2022,09:31:28,115.2,115.05,150,115.2,50,18450,5146950
NIFTY06OCT2217100CE.NFO,03/10/2022,09:31:30,114.6,114.4,400,114.6,50,31500,5146950
NIFTY06OCT2217100CE.NFO,03/10/2022,09:31:31,115.8,115.65,400,115.85,50,19750,5146950
NIFTY06OCT2217100CE.NFO,03/10/2022,09:31:32,112.95,112.95,100,113.1,400,32100,5146950
NIFTY06OCT2217100CE.NFO,03/10/2022,09:31:33,114.5,114.3,350,114.45,100,20450,5146950
NIFTY06OCT2217100CE.NFO,03/10/2022,09:31:34,114.2,114,50,114.15,250,9800,5146950
NIFTY06OCT2217100CE.NFO,03/10/2022,09:31:35,112.8,112.65,200,112.8,200,9800,5146950
NIFTY06OCT2217100CE.NFO,03/10/2022,09:31:36,112.45,112.1,300,112.3,200,6700,5146950
NIFTY06OCT2217100CE.NFO,03/10/2022,09:31:37,109.85,109.75,200,109.95,500,47800,5146950
NIFTY06OCT2217100CE.NFO,03/10/2022,09:31:38,110.55,110.5,400,110.75,250,42000,5146950
NIFTY06OCT2217100CE.NFO,03/10/2022,09:31:40,108.55,108.35,200,108.55,400,57250,5146950
NIFTY06OCT2217100CE.NFO,03/10/2022,09:31:41,108.35,108.15,250,108.35,150,13850,5146950
NIFTY06OCT2217100CE.NFO,03/10/2022,09:31:42,108.5,108.55,50,108.75,2300,20450,5146950
NIFTY06OCT2217100CE.NFO,03/10/2022,09:31:43,107.75,107.75,250,107.95,200,8550,5146950
NIFTY06OCT2217100CE.NFO,03/10/2022,09:31:44,109.15,109.1,550,109.35,350,5000,5146950
NIFTY06OCT2217100CE.NFO,03/10/2022,09:31:45,108.8,108.6,550,108.8,200,8450,5146950
NIFTY06OCT2217100CE.NFO,03/10/2022,09:31:46,108.55,108.6,700,108.8,150,1600,5146950
NIFTY06OCT2217100CE.NFO,03/10/2022,09:31:47,109.15,108.95,200,109.15,300,10650,5146950
NIFTY06OCT2217100CE.NFO,03/10/2022,09:31:48,110.5,110.45,300,110.5,50,2700,5146950
NIFTY06OCT2217100CE.NFO,03/10/2022,09:31:49,112.5,112.55,50,112.6,150,11850,5146950
NIFTY06OCT2217100CE.NFO,03/10/2022,09:31:50,113.5,113.35,600,113.6,150,7550,5146950
NIFTY06OCT2217100CE.NFO,03/10/2022,09:31:51,113.5,113.45,300,113.5,2000,6700,5146950
NIFTY06OCT2217100CE.NFO,03/10/2022,09:31:52,113.95,113.75,200,113.95,200,6300,5146950
NIFTY06OCT2217100CE.NFO,03/10/2022,09:31:53,114,113.7,350,113.9,100,6250,5146950
NIFTY06OCT2217100CE.NFO,03/10/2022,09:31:54,113.25,113.25,300,113.3,2000,8950,5146950
NIFTY06OCT2217100CE.NFO,03/10/2022,09:31:55,113.25,113.15,50,113.25,150,11550,5146950
NIFTY06OCT2217100CE.NFO,03/10/2022,09:31:56,112.7,112.6,400,112.85,50,3750,5146950
NIFTY06OCT2217100CE.NFO,03/10/2022,09:31:57,114.3,114.25,100,114.4,300,12950,5146950
NIFTY06OCT2217100CE.NFO,03/10/2022,09:31:58,113.4,113.35,50,113.55,200,11050,5146950
NIFTY06OCT2217100CE.NFO,03/10/2022,09:31:59,114.25,114.25,350,114.5,900,5450,5146950
NIFTY06OCT2217100CE.NFO,03/10/2022,09:32:00,114,113.85,400,114,1150,26600,5146950
NIFTY06OCT2217100CE.NFO,03/10/2022,09:32:01,114.25,114.1,300,114.35,500,7850,5146950
NIFTY06OCT2217100CE.NFO,03/10/2022,09:32:02,114.85,114.85,50,114.95,50,2600,5146950
NIFTY06OCT2217100CE.NFO,03/10/2022,09:32:03,114.5,114.45,350,114.65,400,9300,5146950
NIFTY06OCT2217100CE.NFO,03/10/2022,09:32:04,115.3,114.95,250,115.15,50,10850,5146950
NIFTY06OCT2217100CE.NFO,03/10/2022,09:32:05,112.8,113,450,113.1,50,19700,5146950
NIFTY06OCT2217100CE.NFO,03/10/2022,09:32:07,112.1,112.1,1300,112.4,250,22250,5146950
NIFTY06OCT2217100CE.NFO,03/10/2022,09:32:08,111.45,111.25,250,111.45,250,11500,5146950
NIFTY06OCT2217100CE.NFO,03/10/2022,09:32:09,111,110.9,100,111.1,300,14350,5146950
NIFTY06OCT2217100CE.NFO,03/10/2022,09:32:10,112.3,112.35,200,112.55,550,6150,5146950
NIFTY06OCT2217100CE.NFO,03/10/2022,09:32:11,112.7,112.75,400,112.85,50,7850,5146950
NIFTY06OCT2217100CE.NFO,03/10/2022,09:32:12,113.4,113.15,50,113.4,800,6600,5146950
NIFTY06OCT2217100CE.NFO,03/10/2022,09:32:13,114,113.8,150,114,1200,3250,5146950
NIFTY06OCT2217100CE.NFO,03/10/2022,09:32:14,113.65,113.7,100,113.9,250,9600,5146950
NIFTY06OCT2217100CE.NFO,03/10/2022,09:32:15,113.55,113.45,100,113.6,50,7300,5146950
NIFTY06OCT2217100CE.NFO,03/10/2022,09:32:16,113,113,50,113.15,50,14750,5146950
NIFTY06OCT2217100CE.NFO,03/10/2022,09:32:17,113.45,113.3,300,113.45,100,9900,5146950
NIFTY06OCT2217100CE.NFO,03/10/2022,09:32:18,112.55,112.55,150,112.75,400,11450,5146950
NIFTY06OCT2217100CE.NFO,03/10/2022,09:32:19,112.85,112.95,300,113.05,50,4900,5146950
NIFTY06OCT2217100CE.NFO,03/10/2022,09:32:20,112.5,112.3,450,112.5,1500,15200,5146950
NIFTY06OCT2217100CE.NFO,03/10/2022,09:32:21,110.45,110.25,150,110.35,50,21050,5146950
NIFTY06OCT2217100CE.NFO,03/10/2022,09:32:22,110.5,110.45,50,110.6,200,7950,5146950
NIFTY06OCT2217100CE.NFO,03/10/2022,09:32:23,110.6,110.45,250,110.6,400,550,5146950
NIFTY06OCT2217100CE.NFO,03/10/2022,09:32:24,110.85,110.65,250,110.95,100,9400,5146950
NIFTY06OCT2217100CE.NFO,03/10/2022,09:32:25,111.3,111.1,500,111.35,500,5150,5146950
NIFTY06OCT2217100CE.NFO,03/10/2022,09:32:26,111.5,111.35,50,111.5,450,6900,5347200
NIFTY06OCT2217100CE.NFO,03/10/2022,09:32:27,111,110.95,100,111,250,8500,5347200
NIFTY06OCT2217100CE.NFO,03/10/2022,09:32:28,111.45,111.1,250,111.3,2800,5650,5347200
NIFTY06OCT2217100CE.NFO,03/10/2022,09:32:29,110.6,110.5,100,110.65,2350,4650,5347200
NIFTY06OCT2217100CE.NFO,03/10/2022,09:32:30,110.95,110.8,500,111,400,9250,5347200
NIFTY06OCT2217100CE.NFO,03/10/2022,09:32:32,111,111,300,111.25,700,8450,5347200
NIFTY06OCT2217100CE.NFO,03/10/2022,09:32:32,111.3,111,50,111.25,450,450,5347200
NIFTY06OCT2217100CE.NFO,03/10/2022,09:32:33,111.3,111.15,300,111.35,50,7250,5347200
NIFTY06OCT2217100CE.NFO,03/10/2022,09:32:34,112,112,150,112.1,100,7550,5347200
NIFTY06OCT2217100CE.NFO,03/10/2022,09:32:35,111.45,111.4,50,111.6,350,5050,5347200
NIFTY06OCT2217100CE.NFO,03/10/2022,09:32:36,111.55,111.3,100,111.5,250,5400,5347200
NIFTY06OCT2217100CE.NFO,03/10/2022,09:32:37,111.5,111.55,150,111.8,450,8500,5347200
NIFTY06OCT2217100CE.NFO,03/10/2022,09:32:38,111.5,111.45,100,111.5,2800,4500,5347200
NIFTY06OCT2217100CE.NFO,03/10/2022,09:32:39,112.3,112.25,250,112.45,2800,5800,5347200
NIFTY06OCT2217100CE.NFO,03/10/2022,09:32:40,111.65,111.35,800,111.65,750,7100,5347200
NIFTY06OCT2217100CE.NFO,03/10/2022,09:32:41,111.6,111.6,200,111.8,650,6300,5347200
NIFTY06OCT2217100CE.NFO,03/10/2022,09:32:43,112.45,112.85,200,113,2500,4350,5347200
NIFTY06OCT2217100CE.NFO,03/10/2022,09:32:43,112.5,112.55,400,112.8,300,1150,5347200
NIFTY06OCT2217100CE.NFO,03/10/2022,09:32:44,112.7,112.5,50,112.75,350,3950,5347200
NIFTY06OCT2217100CE.NFO,03/10/2022,09:32:45,113,112.95,600,113,2200,6800,5347200
NIFTY06OCT2217100CE.NFO,03/10/2022,09:32:46,110.65,110.6,50,110.8,250,20100,5347200
NIFTY06OCT2217100CE.NFO,03/10/2022,09:32:47,110.35,110.2,500,110.4,750,7750,5347200
NIFTY06OCT2217100CE.NFO,03/10/2022,09:32:48,111,111.1,50,111.3,200,11300,5347200
NIFTY06OCT2217100CE.NFO,03/10/2022,09:32:49,111.3,111.05,300,111.2,50,3550,5347200
NIFTY06OCT2217100CE.NFO,03/10/2022,09:32:50,111.15,110.9,50,111.15,400,3650,5347200
NIFTY06OCT2217100CE.NFO,03/10/2022,09:32:51,110.6,110.6,50,110.8,300,9050,5347200
NIFTY06OCT2217100CE.NFO,03/10/2022,09:32:52,111.4,111.15,300,111.4,400,3150,5347200
NIFTY06OCT2217100CE.NFO,03/10/2022,09:32:53,111.6,111.55,300,111.6,2750,5450,5347200
NIFTY06OCT2217100CE.NFO,03/10/2022,09:32:54,112.35,112.3,50,112.4,350,10750,5347200
NIFTY06OCT2217100CE.NFO,03/10/2022,09:32:56,112.6,112.75,500,112.8,50,10700,5347200
NIFTY06OCT2217100CE.NFO,03/10/2022,09:32:57,112.6,112.35,400,112.55,300,2600,5347200
NIFTY06OCT2217100CE.NFO,03/10/2022,09:32:58,112.65,112.5,300,112.7,300,8650,5347200
NIFTY06OCT2217100CE.NFO,03/10/2022,09:32:59,113,112.75,50,112.95,450,8550,5347200
NIFTY06OCT2217100CE.NFO,03/10/2022,09:33:00,112.55,112.4,300,112.6,50,4450,5347200
NIFTY06OCT2217100CE.NFO,03/10/2022,09:33:01,112.5,112.4,100,112.55,50,10400,5347200
NIFTY06OCT2217100CE.NFO,03/10/2022,09:33:02,113.1,113.15,50,113.3,350,4500,5347200
NIFTY06OCT2217100CE.NFO,03/10/2022,09:33:03,113.7,113.35,350,113.6,400,3100,5347200
NIFTY06OCT2217100CE.NFO,03/10/2022,09:33:04,113.85,113.45,450,113.65,200,16950,5347200
NIFTY06OCT2217100CE.NFO,03/10/2022,09:33:06,111.7,111.5,300,111.7,100,14450,5347200
NIFTY06OCT2217100CE.NFO,03/10/2022,09:33:07,110.95,110.75,400,111,1000,11150,5347200
NIFTY06OCT2217100CE.NFO,03/10/2022,09:33:08,111,110.9,400,111.05,100,6950,5347200
NIFTY06OCT2217100CE.NFO,03/10/2022,09:33:09,110.6,110.6,300,110.8,250,5100,5347200
NIFTY06OCT2217100CE.NFO,03/10/2022,09:33:09,110.8,110.8,450,111.05,550,400,5347200
NIFTY06OCT2217100CE.NFO,03/10/2022,09:33:10,111.2,111,650,111.2,650,4350,5347200
NIFTY06OCT2217100CE.NFO,03/10/2022,09:33:11,109.7,109.6,800,109.8,700,44000,5347200
NIFTY06OCT2217100CE.NFO,03/10/2022,09:33:12,108.85,108.85,600,109.1,450,14400,5347200
NIFTY06OCT2217100CE.NFO,03/10/2022,09:33:13,107.55,107.45,50,107.65,200,18400,5347200
NIFTY06OCT2217100CE.NFO,03/10/2022,09:33:15,108.85,108.85,650,109.1,200,11050,5347200
NIFTY06OCT2217100CE.NFO,03/10/2022,09:33:16,108.8,108.95,50,109.1,50,6150,5347200
NIFTY06OCT2217100CE.NFO,03/10/2022,09:33:17,109.1,109,150,109.25,250,2450,5347200
NIFTY06OCT2217100CE.NFO,03/10/2022,09:33:17,110,109.9,200,110,100,7000,5347200
NIFTY06OCT2217100CE.NFO,03/10/2022,09:33:19,111.65,111.6,50,111.7,50,7650,5347200
NIFTY06OCT2217100CE.NFO,03/10/2022,09:33:20,110.7,110.65,350,110.85,100,5200,5347200
NIFTY06OCT2217100CE.NFO,03/10/2022,09:33:21,111.55,111.4,50,111.55,250,4100,5347200
NIFTY06OCT2217100CE.NFO,03/10/2022,09:33:22,110.45,110.15,100,110.3,350,3650,5347200
NIFTY06OCT2217100CE.NFO,03/10/2022,09:33:23,111,111,700,111.25,500,4150,5347200
NIFTY06OCT2217100CE.NFO,03/10/2022,09:33:24,110.15,110.15,500,110.4,400,5150,5347200
NIFTY06OCT2217100CE.NFO,03/10/2022,09:33:25,110.75,110.6,550,110.85,1300,4700,5347200
NIFTY06OCT2217100CE.NFO,03/10/2022,09:33:27,109.95,109.75,250,109.95,50,6050,5347200
NIFTY06OCT2217100CE.NFO,03/10/2022,09:33:28,110.25,110.2,50,110.3,50,5450,5347200
NIFTY06OCT2217100CE.NFO,03/10/2022,09:33:28,110.45,110.05,300,110.25,1200,550,5347200
NIFTY06OCT2217100CE.NFO,03/10/2022,09:33:29,110.15,110,150,110.1,50,2150,5347200
NIFTY06OCT2217100CE.NFO,03/10/2022,09:33:30,108.95,108.95,300,109.2,300,10400,5347200
NIFTY06OCT2217100CE.NFO,03/10/2022,09:33:31,109.45,109.45,250,109.55,800,6350,5347200
NIFTY06OCT2217100CE.NFO,03/10/2022,09:33:32,109.1,108.75,200,108.95,50,6300,5347200
NIFTY06OCT2217100CE.NFO,03/10/2022,09:33:33,108.65,108.5,350,108.65,1450,9300,5347200
NIFTY06OCT2217100CE.NFO,03/10/2022,09:33:34,109.45,109.25,150,109.5,1750,4550,5347200
NIFTY06OCT2217100CE.NFO,03/10/2022,09:33:36,109.1,109,200,109.15,50,3500,5347200
NIFTY06OCT2217100CE.NFO,03/10/2022,09:33:36,109,108.95,600,109.15,50,50,5347200
NIFTY06OCT2217100CE.NFO,03/10/2022,09:33:37,108.25,108.2,400,108.45,500,5050,5347200
NIFTY06OCT2217100CE.NFO,03/10/2022,09:33:38,108.25,108.2,300,108.4,50,3350,5347200
NIFTY06OCT2217100CE.NFO,03/10/2022,09:33:39,108.4,108.3,550,108.5,700,8400,5347200
NIFTY06OCT2217100CE.NFO,03/10/2022,09:33:40,108.1,108.15,400,108.35,600,8050,5347200
NIFTY06OCT2217100CE.NFO,03/10/2022,09:33:41,108.45,108.5,150,108.75,650,4950,5347200
NIFTY06OCT2217100CE.NFO,03/10/2022,09:33:42,108.7,108.75,600,108.95,200,4600,5347200
NIFTY06OCT2217100CE.NFO,03/10/2022,09:33:43,108.75,108.6,50,108.75,300,3000,5347200
NIFTY06OCT2217100CE.NFO,03/10/2022,09:33:44,108.7,108.35,250,108.5,200,7100,5347200
NIFTY06OCT2217100CE.NFO,03/10/2022,09:33:45,108.5,108.25,400,108.5,1900,8800,5347200
NIFTY06OCT2217100CE.NFO,03/10/2022,09:33:46,108.6,108.4,600,108.6,650,4950,5347200
NIFTY06OCT2217100CE.NFO,03/10/2022,09:33:47,108.25,108.2,400,108.4,400,2550,5347200
NIFTY06OCT2217100CE.NFO,03/10/2022,09:33:48,108.05,108.05,100,108.25,400,8000,5347200
NIFTY06OCT2217100CE.NFO,03/10/2022,09:33:49,108.2,108.2,200,108.4,50,5900,5347200
NIFTY06OCT2217100CE.NFO,03/10/2022,09:33:50,108.85,108.5,250,108.7,200,4050,5347200
NIFTY06OCT2217100CE.NFO,03/10/2022,09:33:52,109.5,109.7,50,109.85,50,6050,5347200
NIFTY06OCT2217100CE.NFO,03/10/2022,09:33:53,109.9,109.8,150,110,4000,2700,5347200
NIFTY06OCT2217100CE.NFO,03/10/2022,09:33:53,109.7,109.7,100,109.9,200,300,5347200
NIFTY06OCT2217100CE.NFO,03/10/2022,09:33:54,109.5,109.2,300,109.4,350,7300,5347200
NIFTY06OCT2217100CE.NFO,03/10/2022,09:33:55,109.95,109.9,50,110.05,250,2550,5347200
NIFTY06OCT2217100CE.NFO,03/10/2022,09:33:56,110.25,110,400,110.25,1850,10750,5347200
NIFTY06OCT2217100CE.NFO,03/10/2022,09:33:57,110,109.9,250,110.1,350,2500,5347200
NIFTY06OCT2217100CE.NFO,03/10/2022,09:33:58,109.65,109.3,750,109.55,600,8900,5347200
NIFTY06OCT2217100CE.NFO,03/10/2022,09:34:00,108.8,108.7,50,108.8,200,6300,5347200
NIFTY06OCT2217100CE.NFO,03/10/2022,09:34:00,107.45,107.4,400,107.55,50,8400,5347200
NIFTY06OCT2217100CE.NFO,03/10/2022,09:34:02,106.55,106.45,300,106.65,400,14550,5347200
NIFTY06OCT2217100CE.NFO,03/10/2022,09:34:03,105.35,105.3,100,105.45,400,9900,5347200
NIFTY06OCT2217100CE.NFO,03/10/2022,09:34:05,105.25,105,300,105.2,1000,27500,5347200
NIFTY06OCT2217100CE.NFO,03/10/2022,09:34:06,105.7,105.7,200,105.9,700,9700,5347200
NIFTY06OCT2217100CE.NFO,03/10/2022,09:34:07,104.25,104.1,100,104.2,450,17350,5347200
NIFTY06OCT2217100CE.NFO,03/10/2022,09:34:07,104.65,104.65,300,104.85,400,2550,5347200
NIFTY06OCT2217100CE.NFO,03/10/2022,09:34:08,104.55,104.35,450,104.6,100,10250,5347200
NIFTY06OCT2217100CE.NFO,03/10/2022,09:34:09,103.3,103.1,650,103.25,300,9050,5347200
NIFTY06OCT2217100CE.NFO,03/10/2022,09:34:10,102.95,102.95,300,103.2,450,23650,5347200
NIFTY06OCT2217100CE.NFO,03/10/2022,09:34:11,102.85,102.9,350,103.1,250,4650,5347200
NIFTY06OCT2217100CE.NFO,03/10/2022,09:34:12,101.7,101.5,200,101.75,650,25450,5347200
NIFTY06OCT2217100CE.NFO,03/10/2022,09:34:13,102.45,102.45,50,102.5,1750,7650,5347200
NIFTY06OCT2217100CE.NFO,03/10/2022,09:34:15,101.4,101.35,1300,101.4,300,17900,5347200
NIFTY06OCT2217100CE.NFO,03/10/2022,09:34:16,101.8,101.55,300,101.8,350,19500,5347200
NIFTY06OCT2217100CE.NFO,03/10/2022,09:34:17,100.6,100.65,700,100.9,650,30700,5347200
NIFTY06OCT2217100CE.NFO,03/10/2022,09:34:18,101.1,100.9,250,101.15,400,8650,5347200
NIFTY06OCT2217100CE.NFO,03/10/2022,09:34:18,101.4,101.15,50,101.3,200,13700,5347200
NIFTY06OCT2217100CE.NFO,03/10/2022,09:34:20,100.65,100.65,200,100.85,550,17000,5347200
NIFTY06OCT2217100CE.NFO,03/10/2022,09:34:20,100.7,100.65,100,100.8,100,2250,5347200
NIFTY06OCT2217100CE.NFO,03/10/2022,09:34:21,100.55,100.55,250,100.75,350,74750,5347200
NIFTY06OCT2217100CE.NFO,03/10/2022,09:34:22,99.6,99.6,2200,99.9,800,9850,5347200
NIFTY06OCT2217100CE.NFO,03/10/2022,09:34:23,99.75,99.6,100,99.75,100,10600,5347200
NIFTY06OCT2217100CE.NFO,03/10/2022,09:34:24,99.2,99.2,150,99.4,100,32900,5347200
NIFTY06OCT2217100CE.NFO,03/10/2022,09:34:25,99.8,99.8,500,100,2100,15050,5347200
NIFTY06OCT2217100CE.NFO,03/10/2022,09:34:26,99.3,99.25,100,99.4,250,9050,5347200
NIFTY06OCT2217100CE.NFO,03/10/2022,09:34:28,99.15,99.2,1450,99.5,550,8900,5347200
NIFTY06OCT2217100CE.NFO,03/10/2022,09:34:28,99,98.7,400,98.95,550,6900,5347200
NIFTY06OCT2217100CE.NFO,03/10/2022,09:34:30,98.95,98.7,150,98.95,650,11250,5347200
NIFTY06OCT2217100CE.NFO,03/10/2022,09:34:31,99.4,99,600,99.25,250,19450,5347200
NIFTY06OCT2217100CE.NFO,03/10/2022,09:34:32,98.4,98.5,250,98.65,100,7850,5347200
NIFTY06OCT2217100CE.NFO,03/10/2022,09:34:33,99.45,99.35,100,99.45,1500,11400,5347200
NIFTY06OCT2217100CE.NFO,03/10/2022,09:34:34,100.1,100.15,550,100.4,1200,14300,5347200
NIFTY06OCT2217100CE.NFO,03/10/2022,09:34:36,99.15,99.15,150,99.25,200,11050,5347200
NIFTY06OCT2217100CE.NFO,03/10/2022,09:34:36,99.6,99.3,300,99.55,900,2350,5347200
NIFTY06OCT2217100CE.NFO,03/10/2022,09:34:37,100.1,99.9,800,100.1,200,7850,5347200
NIFTY06OCT2217100CE.NFO,03/10/2022,09:34:38,99.15,99.15,50,99.35,300,17700,5347200
NIFTY06OCT2217100CE.NFO,03/10/2022,09:34:39,99.9,99.75,200,99.9,350,17200,5347200
NIFTY06OCT2217100CE.NFO,03/10/2022,09:34:41,97.8,97.55,750,97.8,450,31000,5347200
NIFTY06OCT2217100CE.NFO,03/10/2022,09:34:42,97.95,97.75,650,97.95,350,16100,5347200
NIFTY06OCT2217100CE.NFO,03/10/2022,09:34:43,96.3,96.15,150,96.3,200,20750,5347200
NIFTY06OCT2217100CE.NFO,03/10/2022,09:34:45,96.55,96.6,150,96.85,500,22600,5347200
NIFTY06OCT2217100CE.NFO,03/10/2022,09:34:46,97.55,97.55,400,97.75,200,11750,5347200
NIFTY06OCT2217100CE.NFO,03/10/2022,09:34:47,97.15,97.45,100,97.6,100,12750,5347200
NIFTY06OCT2217100CE.NFO,03/10/2022,09:34:47,97.3,97.3,250,97.5,400,850,5347200
NIFTY06OCT2217100CE.NFO,03/10/2022,09:34:48,97.5,97.35,50,97.5,1300,15250,5347200
NIFTY06OCT2217100CE.NFO,03/10/2022,09:34:49,96.3,96.2,400,96.4,800,11450,5347200
NIFTY06OCT2217100CE.NFO,03/10/2022,09:34:51,97,96.85,100,97.05,850,16100,5347200
NIFTY06OCT2217100CE.NFO,03/10/2022,09:34:52,98.05,98.05,650,98.25,100,24400,5347200
NIFTY06OCT2217100CE.NFO,03/10/2022,09:34:53,97.15,96.95,50,97.1,150,19550,5347200
NIFTY06OCT2217100CE.NFO,03/10/2022,09:34:54,96.75,96.55,400,96.75,150,8300,5347200
NIFTY06OCT2217100CE.NFO,03/10/2022,09:34:56,97.55,97.3,1000,97.55,750,11200,5347200
NIFTY06OCT2217100CE.NFO,03/10/2022,09:34:57,98.8,98.55,300,98.8,400,11950,5347200
NIFTY06OCT2217100CE.NFO,03/10/2022,09:34:58,98.5,98.2,250,98.4,50,7050,5347200
NIFTY06OCT2217100CE.NFO,03/10/2022,09:34:59,98.6,98.4,450,98.6,100,7500,5347200
NIFTY06OCT2217100CE.NFO,03/10/2022,09:34:59,98.4,98.3,350,98.55,600,1100,5347200
NIFTY06OCT2217100CE.NFO,03/10/2022,09:35:00,97.85,97.8,750,98.05,50,10050,5347200
NIFTY06OCT2217100CE.NFO,03/10/2022,09:35:01,97.2,97.2,250,97.4,750,15900,5347200
NIFTY06OCT2217100CE.NFO,03/10/2022,09:35:02,96.7,96.6,100,96.7,50,5550,5347200
NIFTY06OCT2217100CE.NFO,03/10/2022,09:35:03,96.6,96.95,100,97.1,100,6550,5347200
NIFTY06OCT2217100CE.NFO,03/10/2022,09:35:04,96.9,96.8,600,97,300,6950,5347200
NIFTY06OCT2217100CE.NFO,03/10/2022,09:35:05,97.3,97.1,650,97.25,50,12850,5347200
NIFTY06OCT2217100CE.NFO,03/10/2022,09:35:06,96.8,96.7,100,96.8,2050,13000,5347200
NIFTY06OCT2217100CE.NFO,03/10/2022,09:35:07,97.3,97.25,600,97.4,450,25600,5347200
NIFTY06OCT2217100CE.NFO,03/10/2022,09:35:08,98.3,98.15,300,98.35,400,17950,5347200
NIFTY06OCT2217100CE.NFO,03/10/2022,09:35:10,99.15,99,550,99.15,6800,13100,5347200
NIFTY06OCT2217100CE.NFO,03/10/2022,09:35:11,98.65,98.4,250,98.65,1000,9700,5347200
NIFTY06OCT2217100CE.NFO,03/10/2022,09:35:12,98.85,98.85,250,99,950,14450,5347200
NIFTY06OCT2217100CE.NFO,03/10/2022,09:35:12,98.95,98.85,150,99,850,2700,5347200
NIFTY06OCT2217100CE.NFO,03/10/2022,09:35:13,99.3,98.9,100,99.1,200,11850,5347200
NIFTY06OCT2217100CE.NFO,03/10/2022,09:35:15,99.4,99.25,950,99.5,50,8700,5347200
NIFTY06OCT2217100CE.NFO,03/10/2022,09:35:16,99.75,99.7,250,99.95,200,17400,5347200
NIFTY06OCT2217100CE.NFO,03/10/2022,09:35:17,100.55,100.55,150,100.75,50,5450,5347200
NIFTY06OCT2217100CE.NFO,03/10/2022,09:35:18,100.5,100.3,200,100.55,200,5750,5347200
NIFTY06OCT2217100CE.NFO,03/10/2022,09:35:19,100.95,100.75,400,101,350,6750,5347200
NIFTY06OCT2217100CE.NFO,03/10/2022,09:35:19,100.4,100.15,200,100.35,100,1550,5347200
NIFTY06OCT2217100CE.NFO,03/10/2022,09:35:20,100.2,100.05,350,100.25,400,9950,5347200
NIFTY06OCT2217100CE.NFO,03/10/2022,09:35:22,101.95,101.8,400,101.95,200,8250,5347200
NIFTY06OCT2217100CE.NFO,03/10/2022,09:35:23,100,99.75,300,99.95,200,18100,5347200
NIFTY06OCT2217100CE.NFO,03/10/2022,09:35:24,100.15,100,200,100.15,200,12400,5347200
NIFTY06OCT2217100CE.NFO,03/10/2022,09:35:25,100.4,100.45,200,100.7,500,5450,5347200
NIFTY06OCT2217100CE.NFO,03/10/2022,09:35:26,101.4,101.2,200,101.4,300,13700,5529150
NIFTY06OCT2217100CE.NFO,03/10/2022,09:35:28,102.8,102.55,350,102.8,650,12750,5529150
NIFTY06OCT2217100CE.NFO,03/10/2022,09:35:29,103,102.85,100,103,900,7800,5529150
NIFTY06OCT2217100CE.NFO,03/10/2022,09:35:30,103.2,103,1550,103.2,250,7500,5529150
NIFTY06OCT2217100CE.NFO,03/10/2022,09:35:31,102.1,102.2,450,102.45,350,11500,5529150
NIFTY06OCT2217100CE.NFO,03/10/2022,09:35:31,102.5,102.3,150,102.5,50,1900,5529150
NIFTY06OCT2217100CE.NFO,03/10/2022,09:35:32,102.65,102.55,200,102.75,300,8250,5529150
NIFTY06OCT2217100CE.NFO,03/10/2022,09:35:33,102.4,102,2700,102.25,550,15600,5529150
NIFTY06OCT2217100CE.NFO,03/10/2022,09:35:34,103.3,103.2,300,103.4,200,5500,5529150
NIFTY06OCT2217100CE.NFO,03/10/2022,09:35:35,103.55,103.4,250,103.55,50,7750,5529150
NIFTY06OCT2217100CE.NFO,03/10/2022,09:35:36,102.4,102.4,100,102.6,200,16100,5529150
NIFTY06OCT2217100CE.NFO,03/10/2022,09:35:37,101.75,101.4,50,101.6,700,8200,5529150
NIFTY06OCT2217100CE.NFO,03/10/2022,09:35:39,100.85,100.85,100,101,900,7450,5529150
NIFTY06OCT2217100CE.NFO,03/10/2022,09:35:40,101.5,101.4,100,101.65,1350,8300,5529150
NIFTY06OCT2217100CE.NFO,03/10/2022,09:35:41,100.05,99.75,150,99.95,400,33950,5529150
NIFTY06OCT2217100CE.NFO,03/10/2022,09:35:42,100.3,100.3,50,100.5,700,5450,5529150
NIFTY06OCT2217100CE.NFO,03/10/2022,09:35:43,100.7,100.55,200,100.75,100,5100,5529150
NIFTY06OCT2217100CE.NFO,03/10/2022,09:35:44,100.6,100.4,200,100.6,350,4450,5529150
NIFTY06OCT2217100CE.NFO,03/10/2022,09:35:45,99.8,99.6,150,99.85,200,6500,5529150
NIFTY06OCT2217100CE.NFO,03/10/2022,09:35:46,100.8,100.7,400,100.95,200,5000,5529150
NIFTY06OCT2217100CE.NFO,03/10/2022,09:35:48,100.05,100,50,100.2,800,8250,5529150
NIFTY06OCT2217100CE.NFO,03/10/2022,09:35:49,100.3,100.35,400,100.55,200,6450,5529150
NIFTY06OCT2217100CE.NFO,03/10/2022,09:35:50,101.25,101.25,150,101.4,300,2500,5529150
NIFTY06OCT2217100CE.NFO,03/10/2022,09:35:50,101.1,101.2,400,101.4,100,1400,5529150
NIFTY06OCT2217100CE.NFO,03/10/2022,09:35:51,100.75,100.55,450,100.75,150,6000,5529150
NIFTY06OCT2217100CE.NFO,03/10/2022,09:35:52,100.15,100.05,400,100.25,800,3650,5529150
NIFTY06OCT2217100CE.NFO,03/10/2022,09:35:53,99.8,99.55,150,99.75,650,12500,5529150
NIFTY06OCT2217100CE.NFO,03/10/2022,09:35:54,99.3,99.25,500,99.5,200,4800,5529150
NIFTY06OCT2217100CE.NFO,03/10/2022,09:35:55,99.3,99.05,50,99.2,100,10500,5529150
NIFTY06OCT2217100CE.NFO,03/10/2022,09:35:56,98.8,98.7,400,98.9,250,11350,5529150
NIFTY06OCT2217100CE.NFO,03/10/2022,09:35:57,99.25,99.1,200,99.35,600,3700,5529150
NIFTY06OCT2217100CE.NFO,03/10/2022,09:35:58,98.25,98.25,100,98.45,200,3850,5529150
NIFTY06OCT2217100CE.NFO,03/10/2022,09:35:59,98.6,98.65,200,98.8,400,11350,5529150
NIFTY06OCT2217100CE.NFO,03/10/2022,09:36:00,98.85,98.85,350,98.95,50,7950,5529150
NIFTY06OCT2217100CE.NFO,03/10/2022,09:36:02,97.45,97.2,600,97.4,250,13350,5529150
NIFTY06OCT2217100CE.NFO,03/10/2022,09:36:03,97.6,97.45,100,97.6,300,4200,5529150
NIFTY06OCT2217100CE.NFO,03/10/2022,09:36:04,98.35,97.8,100,97.95,100,7650,5529150
NIFTY06OCT2217100CE.NFO,03/10/2022,09:36:05,97.9,97.85,350,98,350,9250,5529150
NIFTY06OCT2217100CE.NFO,03/10/2022,09:36:06,96.8,96.8,400,97.05,150,11150,5529150
NIFTY06OCT2217100CE.NFO,03/10/2022,09:36:07,96.5,96.5,400,96.75,1800,14100,5529150
NIFTY06OCT2217100CE.NFO,03/10/2022,09:36:08,96.55,96.55,200,96.75,100,7550,5529150
NIFTY06OCT2217100CE.NFO,03/10/2022,09:36:10,95.9,95.7,150,95.9,50,31000,5529150
NIFTY06OCT2217100CE.NFO,03/10/2022,09:36:11,96.2,96,50,96.2,700,10050,5529150
NIFTY06OCT2217100CE.NFO,03/10/2022,09:36:12,96,95.7,800,95.95,500,18000,5529150
NIFTY06OCT2217100CE.NFO,03/10/2022,09:36:13,95.9,95.95,100,96.15,100,11950,5529150
NIFTY06OCT2217100CE.NFO,03/10/2022,09:36:14,96,95.65,450,95.85,550,6900,5529150
NIFTY06OCT2217100CE.NFO,03/10/2022,09:36:16,95.2,95,350,95.2,100,44400,5529150
NIFTY06OCT2217100CE.NFO,03/10/2022,09:36:17,92.8,92.6,250,92.75,100,51350,5529150
NIFTY06OCT2217100CE.NFO,03/10/2022,09:36:18,91.75,91.6,250,91.75,50,25700,5529150
NIFTY06OCT2217100CE.NFO,03/10/2022,09:36:20,91.4,91.4,300,91.6,500,36750,5529150
NIFTY06OCT2217100CE.NFO,03/10/2022,09:36:21,91.4,91.2,500,91.4,450,15300,5529150
NIFTY06OCT2217100CE.NFO,03/10/2022,09:36:22,91.4,91.2,250,91.45,200,18600,5529150
NIFTY06OCT2217100CE.NFO,03/10/2022,09:36:23,90.9,90.6,50,90.8,650,27950,5529150
NIFTY06OCT2217100CE.NFO,03/10/2022,09:36:24,90.8,90.65,650,90.85,500,13100,5529150
NIFTY06OCT2217100CE.NFO,03/10/2022,09:36:25,89.95,89.75,200,89.9,200,57300,5529150
NIFTY06OCT2217100CE.NFO,03/10/2022,09:36:25,89.7,89.75,200,89.9,200,0,5529150
NIFTY06OCT2217100CE.NFO,03/10/2022,09:36:26,89.75,89.65,50,89.7,50,18150,5529150
NIFTY06OCT2217100CE.NFO,03/10/2022,09:36:26,89.2,89.65,50,89.7,50,0,5529150
NIFTY06OCT2217100CE.NFO,03/10/2022,09:36:27,89.5,89.35,700,89.55,250,15600,5529150
NIFTY06OCT2217100CE.NFO,03/10/2022,09:36:27,89.15,89.35,700,89.55,250,0,5529150
NIFTY06OCT2217100CE.NFO,03/10/2022,09:36:29,88,88.05,700,88.3,200,44250,5529150
NIFTY06OCT2217100CE.NFO,03/10/2022,09:36:29,87.75,88.05,700,88.3,200,0,5529150
NIFTY06OCT2217100CE.NFO,03/10/2022,09:36:31,88.35,88.1,400,88.35,50,17850,5529150
NIFTY06OCT2217100CE.NFO,03/10/2022,09:36:31,87.45,88.1,400,88.35,50,0,5529150
NIFTY06OCT2217100CE.NFO,03/10/2022,09:36:32,88.35,88.3,200,88.5,550,28350,5529150
NIFTY06OCT2217100CE.NFO,03/10/2022,09:36:32,87.25,88.3,200,88.5,550,0,5529150
NIFTY06OCT2217100CE.NFO,03/10/2022,09:36:33,88.25,88.1,350,88.25,300,27150,5529150
NIFTY06OCT2217100CE.NFO,03/10/2022,09:36:33,87.65,87.6,50,87.7,400,1200,5529150
NIFTY06OCT2217100CE.NFO,03/10/2022,09:36:34,88.15,88,250,88.2,200,20050,5529150
NIFTY06OCT2217100CE.NFO,03/10/2022,09:36:35,88.75,88.5,100,88.65,900,13800,5529150
NIFTY06OCT2217100CE.NFO,03/10/2022,09:36:36,89,88.7,150,88.9,550,14600,5529150
NIFTY06OCT2217100CE.NFO,03/10/2022,09:36:38,89,88.9,250,89,3750,40000,5529150
NIFTY06OCT2217100CE.NFO,03/10/2022,09:36:39,88.85,88.85,200,89.05,250,13950,5529150
NIFTY06OCT2217100CE.NFO,03/10/2022,09:36:40,88.75,88.65,50,88.75,200,9300,5529150
NIFTY06OCT2217100CE.NFO,03/10/2022,09:36:40,88.1,88,1450,88.1,150,9950,5529150
NIFTY06OCT2217100CE.NFO,03/10/2022,09:36:41,89,89.05,100,89.2,50,16200,5529150
NIFTY06OCT2217100CE.NFO,03/10/2022,09:36:43,89.7,89.55,300,89.7,300,13850,5529150
NIFTY06OCT2217100CE.NFO,03/10/2022,09:36:44,90.55,90.35,200,90.55,900,21900,5529150
NIFTY06OCT2217100CE.NFO,03/10/2022,09:36:45,90.15,89.9,650,90.1,500,25400,5529150
NIFTY06OCT2217100CE.NFO,03/10/2022,09:36:46,90.05,89.9,750,90.1,750,13350,5529150
NIFTY06OCT2217100CE.NFO,03/10/2022,09:36:46,90.05,89.8,50,90,450,8050,5529150
NIFTY06OCT2217100CE.NFO,03/10/2022,09:36:47,91.25,91,100,91.05,50,12750,5529150
NIFTY06OCT2217100CE.NFO,03/10/2022,09:36:48,91.3,91.15,100,91.3,800,7800,5529150
NIFTY06OCT2217100CE.NFO,03/10/2022,09:36:49,90.35,90.3,950,90.55,150,12650,5529150
NIFTY06OCT2217100CE.NFO,03/10/2022,09:36:50,89.7,89.6,200,89.85,450,10700,5529150
NIFTY06OCT2217100CE.NFO,03/10/2022,09:36:52,90,89.85,50,90,300,8000,5529150
NIFTY06OCT2217100CE.NFO,03/10/2022,09:36:53,89.9,89.7,50,89.9,150,4950,5529150
NIFTY06OCT2217100CE.NFO,03/10/2022,09:36:53,90.3,90.1,400,90.3,50,2250,5529150
NIFTY06OCT2217100CE.NFO,03/10/2022,09:36:54,90.25,90.05,250,90.25,50,12050,5529150
NIFTY06OCT2217100CE.NFO,03/10/2022,09:36:56,90.2,90.05,100,90.25,800,16800,5529150
NIFTY06OCT2217100CE.NFO,03/10/2022,09:36:57,89.5,89.2,450,89.4,300,6450,5529150
NIFTY06OCT2217100CE.NFO,03/10/2022,09:36:58,89.75,89.55,250,89.7,50,16150,5529150
NIFTY06OCT2217100CE.NFO,03/10/2022,09:36:59,89.4,89.4,400,89.5,200,13200,5529150
NIFTY06OCT2217100CE.NFO,03/10/2022,09:37:00,88.9,88.85,400,89,500,33400,5529150
NIFTY06OCT2217100CE.NFO,03/10/2022,09:37:01,88.5,88.35,50,88.55,750,12750,5529150
NIFTY06OCT2217100CE.NFO,03/10/2022,09:37:02,89,89,50,89.15,150,12700,5529150
NIFTY06OCT2217100CE.NFO,03/10/2022,09:37:03,88.7,88.5,200,88.7,150,8650,5529150
