Ticker,Date,Time,LTP,BuyPrice,BuyQty,SellPrice,SellQty,LTQ,OpenInterest
NIFTY06OCT2217100PE.NFO,03/10/2022,09:15:00,171,166.7,50,184.6,400,850,2660950
NIFTY06OCT2217100PE.NFO,03/10/2022,09:15:00,171,166.7,50,184.6,400,0,2660950
NIFTY06OCT2217100PE.NFO,03/10/2022,09:15:00,184.6,166.7,50,184.6,400,0,2660950
NIFTY06OCT2217100PE.NFO,03/10/2022,09:15:00,160,166.7,50,184.6,400,0,2660950
NIFTY06OCT2217100PE.NFO,03/10/2022,09:15:01,195.75,190.25,400,193.25,400,10850,2660950
NIFTY06OCT2217100PE.NFO,03/10/2022,09:15:01,213.6,190.25,400,193.25,400,0,2660950
NIFTY06OCT2217100PE.NFO,03/10/2022,09:15:03,204.35,204.35,400,209.25,350,36300,2660950
NIFTY06OCT2217100PE.NFO,03/10/2022,09:15:03,230.3,204.35,400,209.25,350,0,2660950
NIFTY06OCT2217100PE.NFO,03/10/2022,09:15:04,207.8,207.8,450,210.6,100,40850,2660950
NIFTY06OCT2217100PE.NFO,03/10/2022,09:15:06,207.3,207.35,500,208.25,100,36000,2660950
NIFTY06OCT2217100PE.NFO,03/10/2022,09:15:08,207.9,207.9,200,208.8,400,39550,2660950
NIFTY06OCT2217100PE.NFO,03/10/2022,09:15:09,209.55,208.25,400,209.5,700,45000,2660950
NIFTY06OCT2217100PE.NFO,03/10/2022,09:15:11,203.55,202.95,400,203.75,50,47950,2660950
NIFTY06OCT2217100PE.NFO,03/10/2022,09:15:13,195,195,950,195.65,400,30800,2660950
NIFTY06OCT2217100PE.NFO,03/10/2022,09:15:14,192,191.95,450,192.35,50,32550,2660950
NIFTY06OCT2217100PE.NFO,03/10/2022,09:15:16,193.3,192.8,400,193.2,100,23000,2660950
NIFTY06OCT2217100PE.NFO,03/10/2022,09:15:18,197.05,197,200,197.55,400,21750,2660950
NIFTY06OCT2217100PE.NFO,03/10/2022,09:15:19,202.5,202.5,150,203,1800,29000,2660950
NIFTY06OCT2217100PE.NFO,03/10/2022,09:15:21,201.3,201.35,350,201.85,450,27800,2660950
NIFTY06OCT2217100PE.NFO,03/10/2022,09:15:23,202.55,202.5,200,203,400,36150,2660950
NIFTY06OCT2217100PE.NFO,03/10/2022,09:15:24,199.95,199.9,50,200.1,50,24400,2660950
NIFTY06OCT2217100PE.NFO,03/10/2022,09:15:26,196.05,196.05,200,196.6,250,42150,2660950
NIFTY06OCT2217100PE.NFO,03/10/2022,09:15:27,196.15,195.95,50,196.15,450,17650,2660950
NIFTY06OCT2217100PE.NFO,03/10/2022,09:15:29,195.05,195,3250,195.55,50,37550,2660950
NIFTY06OCT2217100PE.NFO,03/10/2022,09:15:30,193.05,192.55,50,193.05,250,30100,2660950
NIFTY06OCT2217100PE.NFO,03/10/2022,09:15:32,190.2,190.2,100,190.9,200,17150,2660950
NIFTY06OCT2217100PE.NFO,03/10/2022,09:15:33,188.2,188.2,200,188.6,200,19100,2660950
NIFTY06OCT2217100PE.NFO,03/10/2022,09:15:35,187.6,187.55,350,188.3,900,16300,2660950
NIFTY06OCT2217100PE.NFO,03/10/2022,09:15:36,187.1,187.05,50,187.55,50,27400,2660950
NIFTY06OCT2217100PE.NFO,03/10/2022,09:15:38,186.8,186.75,450,187.3,150,14300,2660950
NIFTY06OCT2217100PE.NFO,03/10/2022,09:15:39,187.75,187.75,50,188.2,100,13950,2660950
NIFTY06OCT2217100PE.NFO,03/10/2022,09:15:41,186.05,185.85,50,186.05,50,14900,2660950
NIFTY06OCT2217100PE.NFO,03/10/2022,09:15:42,184,183.85,200,184.5,50,16800,2660950
NIFTY06OCT2217100PE.NFO,03/10/2022,09:15:44,182,181.5,700,182.1,50,18050,2660950
NIFTY06OCT2217100PE.NFO,03/10/2022,09:15:45,180.6,180.4,50,180.6,250,10550,2660950
NIFTY06OCT2217100PE.NFO,03/10/2022,09:15:47,174.3,174,100,174.5,150,31250,2660950
NIFTY06OCT2217100PE.NFO,03/10/2022,09:15:49,172.65,172.55,100,172.6,50,19600,2660950
NIFTY06OCT2217100PE.NFO,03/10/2022,09:15:50,170.5,170.2,250,170.5,100,21650,2660950
NIFTY06OCT2217100PE.NFO,03/10/2022,09:15:52,172,171.4,100,172,150,18350,2660950
NIFTY06OCT2217100PE.NFO,03/10/2022,09:15:53,172.4,172,50,172.4,100,18250,2660950
NIFTY06OCT2217100PE.NFO,03/10/2022,09:15:54,171.25,171.2,200,171.8,400,13900,2660950
NIFTY06OCT2217100PE.NFO,03/10/2022,09:15:56,174.95,174.4,200,174.9,50,13500,2660950
NIFTY06OCT2217100PE.NFO,03/10/2022,09:15:57,172.9,172.7,50,172.9,50,15500,2660950
NIFTY06OCT2217100PE.NFO,03/10/2022,09:15:58,171.7,171.75,100,172.2,800,13250,2660950
NIFTY06OCT2217100PE.NFO,03/10/2022,09:16:00,171.9,171.75,100,172.1,250,6950,2660950
NIFTY06OCT2217100PE.NFO,03/10/2022,09:16:01,171.25,170.8,100,171.2,600,26400,2660950
NIFTY06OCT2217100PE.NFO,03/10/2022,09:16:02,169.9,169.85,50,170.25,50,26300,2660950
NIFTY06OCT2217100PE.NFO,03/10/2022,09:16:04,169.15,168.8,50,169.2,50,18550,2660950
NIFTY06OCT2217100PE.NFO,03/10/2022,09:16:05,170.5,170.3,100,170.6,200,21000,2660950
NIFTY06OCT2217100PE.NFO,03/10/2022,09:16:06,171.05,170.65,50,171.05,150,11550,2660950
NIFTY06OCT2217100PE.NFO,03/10/2022,09:16:07,171.1,170.65,50,170.95,250,14750,2660950
NIFTY06OCT2217100PE.NFO,03/10/2022,09:16:09,170.5,170.1,50,170.55,350,16550,2660950
NIFTY06OCT2217100PE.NFO,03/10/2022,09:16:10,168.35,168,600,168.35,100,23050,2660950
NIFTY06OCT2217100PE.NFO,03/10/2022,09:16:12,168.5,168.25,100,168.55,550,13350,2660950
NIFTY06OCT2217100PE.NFO,03/10/2022,09:16:13,168.9,168.45,50,168.85,50,15400,2660950
NIFTY06OCT2217100PE.NFO,03/10/2022,09:16:14,168.8,168.2,100,168.6,200,6600,2660950
NIFTY06OCT2217100PE.NFO,03/10/2022,09:16:15,168.5,168.5,50,168.7,150,7850,2660950
NIFTY06OCT2217100PE.NFO,03/10/2022,09:16:17,168.9,168.7,100,169,100,14600,2660950
NIFTY06OCT2217100PE.NFO,03/10/2022,09:16:18,168.5,168.35,250,168.7,50,7100,2660950
NIFTY06OCT2217100PE.NFO,03/10/2022,09:16:20,169.7,169.45,50,169.8,200,7400,2660950
NIFTY06OCT2217100PE.NFO,03/10/2022,09:16:21,174,173.65,50,174,150,9500,2660950
NIFTY06OCT2217100PE.NFO,03/10/2022,09:16:22,175.75,175.8,100,176.2,150,9700,2660950
NIFTY06OCT2217100PE.NFO,03/10/2022,09:16:24,180.7,180.1,200,180.5,50,24100,2660950
NIFTY06OCT2217100PE.NFO,03/10/2022,09:16:25,179.45,179.4,50,179.85,50,17000,2660950
NIFTY06OCT2217100PE.NFO,03/10/2022,09:16:27,178.5,178.5,50,178.85,50,14750,2660950
NIFTY06OCT2217100PE.NFO,03/10/2022,09:16:29,180.35,179.95,100,180.35,50,11250,2660950
NIFTY06OCT2217100PE.NFO,03/10/2022,09:16:30,180,179.6,200,180,100,15700,2660950
NIFTY06OCT2217100PE.NFO,03/10/2022,09:16:32,179.5,179.2,400,179.5,50,10400,2660950
NIFTY06OCT2217100PE.NFO,03/10/2022,09:16:33,181.15,180.8,50,181.05,150,13000,2660950
NIFTY06OCT2217100PE.NFO,03/10/2022,09:16:34,180.4,180.4,50,180.7,200,8800,2660950
NIFTY06OCT2217100PE.NFO,03/10/2022,09:16:36,182,181.65,100,182,250,11850,2660950
NIFTY06OCT2217100PE.NFO,03/10/2022,09:16:37,184.1,183.8,50,184.1,50,10350,2660950
NIFTY06OCT2217100PE.NFO,03/10/2022,09:16:39,186.9,186.45,50,186.8,200,15150,2660950
NIFTY06OCT2217100PE.NFO,03/10/2022,09:16:40,188,187.95,50,188.4,200,11800,2660950
NIFTY06OCT2217100PE.NFO,03/10/2022,09:16:42,186.9,186.5,100,186.9,100,10900,2660950
NIFTY06OCT2217100PE.NFO,03/10/2022,09:16:43,185.8,185.55,250,185.8,950,10700,2660950
NIFTY06OCT2217100PE.NFO,03/10/2022,09:16:45,186.5,186.25,200,186.5,100,14200,2660950
NIFTY06OCT2217100PE.NFO,03/10/2022,09:16:46,187.85,187.75,50,188.25,100,10950,2660950
NIFTY06OCT2217100PE.NFO,03/10/2022,09:16:48,189.45,189.6,50,189.9,200,9200,2660950
NIFTY06OCT2217100PE.NFO,03/10/2022,09:16:49,191.8,191.45,50,191.8,250,13250,2660950
NIFTY06OCT2217100PE.NFO,03/10/2022,09:16:51,191.3,190.95,200,191.5,50,16750,2660950
NIFTY06OCT2217100PE.NFO,03/10/2022,09:16:52,193.2,193.2,250,193.6,50,15750,2660950
NIFTY06OCT2217100PE.NFO,03/10/2022,09:16:54,194.85,194.5,50,194.95,100,19000,2660950
NIFTY06OCT2217100PE.NFO,03/10/2022,09:16:55,194.1,193.85,100,194.15,700,5350,2660950
NIFTY06OCT2217100PE.NFO,03/10/2022,09:16:57,194.85,194.6,100,194.95,50,9550,2660950
NIFTY06OCT2217100PE.NFO,03/10/2022,09:16:58,192.35,192.35,100,192.8,350,20650,2660950
NIFTY06OCT2217100PE.NFO,03/10/2022,09:16:59,193,192.95,200,193.2,200,10650,2660950
NIFTY06OCT2217100PE.NFO,03/10/2022,09:17:01,193.3,192.6,50,192.9,200,12500,2660950
NIFTY06OCT2217100PE.NFO,03/10/2022,09:17:02,190.9,191.4,100,191.6,200,15100,2660950
NIFTY06OCT2217100PE.NFO,03/10/2022,09:17:04,188,187.8,100,188.25,50,17650,2660950
NIFTY06OCT2217100PE.NFO,03/10/2022,09:17:06,186.5,186.5,150,186.8,50,11850,2660950
NIFTY06OCT2217100PE.NFO,03/10/2022,09:17:07,182.4,182.35,50,182.9,250,19200,2660950
NIFTY06OCT2217100PE.NFO,03/10/2022,09:17:09,184.35,183.95,50,184.4,250,12050,2660950
NIFTY06OCT2217100PE.NFO,03/10/2022,09:17:11,184.25,183.85,50,184.3,200,11400,2660950
NIFTY06OCT2217100PE.NFO,03/10/2022,09:17:12,187.15,187.05,50,187.4,200,11300,2660950
NIFTY06OCT2217100PE.NFO,03/10/2022,09:17:14,184.4,184.15,50,184.4,100,8900,2660950
NIFTY06OCT2217100PE.NFO,03/10/2022,09:17:16,185.65,185.65,50,185.9,200,11550,2660950
NIFTY06OCT2217100PE.NFO,03/10/2022,09:17:18,184.85,184.6,400,185,150,6600,2660950
NIFTY06OCT2217100PE.NFO,03/10/2022,09:17:19,184.35,184,550,184.35,100,5250,2660950
NIFTY06OCT2217100PE.NFO,03/10/2022,09:17:21,182.65,182.3,100,182.7,850,8850,2660950
NIFTY06OCT2217100PE.NFO,03/10/2022,09:17:23,181.05,181,3350,181.4,300,7600,2660950
NIFTY06OCT2217100PE.NFO,03/10/2022,09:17:24,182.1,181.7,100,182.1,200,4900,2898400
NIFTY06OCT2217100PE.NFO,03/10/2022,09:17:25,182.3,182.25,50,182.55,100,3950,2898400
NIFTY06OCT2217100PE.NFO,03/10/2022,09:17:26,181.15,181.1,200,181.4,50,7800,2898400
NIFTY06OCT2217100PE.NFO,03/10/2022,09:17:28,181.9,181.9,400,182.3,50,6050,2898400
NIFTY06OCT2217100PE.NFO,03/10/2022,09:17:30,181.6,181.65,100,182,50,7100,2898400
NIFTY06OCT2217100PE.NFO,03/10/2022,09:17:31,182.9,182.5,100,182.9,50,4700,2898400
NIFTY06OCT2217100PE.NFO,03/10/2022,09:17:32,182,182,300,182.3,50,3800,2898400
NIFTY06OCT2217100PE.NFO,03/10/2022,09:17:34,182.75,182.75,50,183.15,100,6350,2898400
NIFTY06OCT2217100PE.NFO,03/10/2022,09:17:35,184.5,184.5,100,184.85,850,6550,2898400
NIFTY06OCT2217100PE.NFO,03/10/2022,09:17:37,186.35,186.3,50,186.65,150,7900,2898400
NIFTY06OCT2217100PE.NFO,03/10/2022,09:17:39,188,187.7,400,188,1400,4950,2898400
NIFTY06OCT2217100PE.NFO,03/10/2022,09:17:40,186.7,186.4,100,186.7,150,12300,2898400
NIFTY06OCT2217100PE.NFO,03/10/2022,09:17:42,188.5,188.5,200,188.75,50,5050,2898400
NIFTY06OCT2217100PE.NFO,03/10/2022,09:17:43,187.8,187.65,200,188.05,100,4750,2898400
NIFTY06OCT2217100PE.NFO,03/10/2022,09:17:45,185.9,185.9,450,186.15,150,6400,2898400
NIFTY06OCT2217100PE.NFO,03/10/2022,09:17:46,183.9,183.45,100,183.85,250,12850,2898400
NIFTY06OCT2217100PE.NFO,03/10/2022,09:17:48,183.4,183.15,100,183.45,400,8200,2898400
NIFTY06OCT2217100PE.NFO,03/10/2022,09:17:49,183.3,182.85,100,183.15,100,3050,2898400
NIFTY06OCT2217100PE.NFO,03/10/2022,09:17:51,182.7,182.35,100,182.65,50,5650,2898400
NIFTY06OCT2217100PE.NFO,03/10/2022,09:17:52,182.1,182.05,50,182.4,150,7150,2898400
NIFTY06OCT2217100PE.NFO,03/10/2022,09:17:54,183.15,182.95,50,183.15,150,6150,2898400
NIFTY06OCT2217100PE.NFO,03/10/2022,09:17:55,183.25,183.15,50,183.35,100,8400,2898400
NIFTY06OCT2217100PE.NFO,03/10/2022,09:17:56,183.8,183.5,150,183.8,200,2600,2898400
NIFTY06OCT2217100PE.NFO,03/10/2022,09:17:58,183.05,182.8,100,183,100,5700,2898400
NIFTY06OCT2217100PE.NFO,03/10/2022,09:17:59,182.9,182.3,400,182.55,100,9700,2898400
NIFTY06OCT2217100PE.NFO,03/10/2022,09:18:01,185.1,184.75,150,185.15,100,13950,2898400
NIFTY06OCT2217100PE.NFO,03/10/2022,09:18:02,186.4,186.2,200,186.55,100,6650,2898400
NIFTY06OCT2217100PE.NFO,03/10/2022,09:18:04,188.4,188.1,50,188.5,100,10450,2898400
NIFTY06OCT2217100PE.NFO,03/10/2022,09:18:05,187.5,187.2,50,187.6,150,6200,2898400
NIFTY06OCT2217100PE.NFO,03/10/2022,09:18:07,189.95,189.85,50,190,9250,5450,2898400
NIFTY06OCT2217100PE.NFO,03/10/2022,09:18:09,191.45,191.55,150,191.9,350,17950,2898400
NIFTY06OCT2217100PE.NFO,03/10/2022,09:18:10,188.9,189.1,150,189.45,50,8400,2898400
NIFTY06OCT2217100PE.NFO,03/10/2022,09:18:12,191.55,191.15,100,191.5,150,15350,2898400
NIFTY06OCT2217100PE.NFO,03/10/2022,09:18:14,191.85,191.4,400,191.8,50,12750,2898400
NIFTY06OCT2217100PE.NFO,03/10/2022,09:18:15,190,189.8,350,190.2,350,12100,2898400
NIFTY06OCT2217100PE.NFO,03/10/2022,09:18:17,190.1,190,150,190.35,150,9550,2898400
NIFTY06OCT2217100PE.NFO,03/10/2022,09:18:18,190.2,190.2,100,190.6,150,10850,2898400
NIFTY06OCT2217100PE.NFO,03/10/2022,09:18:20,188.15,188.2,100,188.25,150,11500,2898400
NIFTY06OCT2217100PE.NFO,03/10/2022,09:18:22,187,186.15,100,186.6,150,13650,2898400
NIFTY06OCT2217100PE.NFO,03/10/2022,09:18:23,186.2,186.3,300,186.6,700,7200,2898400
NIFTY06OCT2217100PE.NFO,03/10/2022,09:18:25,185.25,185.1,250,185.5,500,5100,2898400
NIFTY06OCT2217100PE.NFO,03/10/2022,09:18:26,188.25,188.3,150,188.4,50,5300,2898400
NIFTY06OCT2217100PE.NFO,03/10/2022,09:18:28,188,188,150,188.35,200,5350,2898400
NIFTY06OCT2217100PE.NFO,03/10/2022,09:18:29,187.75,187.5,200,187.9,100,5500,2898400
NIFTY06OCT2217100PE.NFO,03/10/2022,09:18:30,185.55,185.25,50,185.55,150,5450,2898400
NIFTY06OCT2217100PE.NFO,03/10/2022,09:18:32,185.55,185.3,150,185.65,150,4000,2898400
NIFTY06OCT2217100PE.NFO,03/10/2022,09:18:33,185.15,185.3,100,185.6,200,2500,2898400
NIFTY06OCT2217100PE.NFO,03/10/2022,09:18:35,184.15,183.85,100,184.25,150,11950,2898400
NIFTY06OCT2217100PE.NFO,03/10/2022,09:18:37,183.95,183.95,50,184.3,200,6700,2898400
NIFTY06OCT2217100PE.NFO,03/10/2022,09:18:38,184.55,184.25,50,184.6,250,8750,2898400
NIFTY06OCT2217100PE.NFO,03/10/2022,09:18:40,183.5,183.4,50,183.6,100,7050,2898400
NIFTY06OCT2217100PE.NFO,03/10/2022,09:18:41,183.9,183.4,500,183.9,50,6700,2898400
NIFTY06OCT2217100PE.NFO,03/10/2022,09:18:43,183.2,182.9,200,183.2,150,7000,2898400
NIFTY06OCT2217100PE.NFO,03/10/2022,09:18:44,182.95,182.35,100,182.7,150,6800,2898400
NIFTY06OCT2217100PE.NFO,03/10/2022,09:18:46,181.2,181.3,300,181.65,100,6700,2898400
NIFTY06OCT2217100PE.NFO,03/10/2022,09:18:48,179.4,179.05,150,179.4,50,29300,2898400
NIFTY06OCT2217100PE.NFO,03/10/2022,09:18:49,180.35,180.05,100,180.35,50,2650,2898400
NIFTY06OCT2217100PE.NFO,03/10/2022,09:18:51,178.05,178.1,250,178.5,300,4900,2898400
NIFTY06OCT2217100PE.NFO,03/10/2022,09:18:52,178.35,178.35,150,178.6,50,4650,2898400
NIFTY06OCT2217100PE.NFO,03/10/2022,09:18:54,178.1,177.85,150,178.1,200,6300,2898400
NIFTY06OCT2217100PE.NFO,03/10/2022,09:18:56,178.25,178.4,150,178.6,1700,5250,2898400
NIFTY06OCT2217100PE.NFO,03/10/2022,09:18:57,175.45,175.5,250,175.9,450,17000,2898400
NIFTY06OCT2217100PE.NFO,03/10/2022,09:18:59,175.65,175.65,100,176,550,11550,2898400
NIFTY06OCT2217100PE.NFO,03/10/2022,09:19:00,175.3,175,4250,175.35,100,10750,2898400
NIFTY06OCT2217100PE.NFO,03/10/2022,09:19:02,173.85,173.55,200,173.95,150,12450,2898400
NIFTY06OCT2217100PE.NFO,03/10/2022,09:19:04,173.4,173.25,350,173.65,100,8650,2898400
NIFTY06OCT2217100PE.NFO,03/10/2022,09:19:05,173.5,173.5,950,173.95,100,6700,2898400
NIFTY06OCT2217100PE.NFO,03/10/2022,09:19:07,174.3,174.2,150,174.6,250,13800,2898400
NIFTY06OCT2217100PE.NFO,03/10/2022,09:19:09,178.65,178.4,50,178.7,300,10700,2898400
NIFTY06OCT2217100PE.NFO,03/10/2022,09:19:10,181.8,181.55,50,181.8,100,10050,2898400
NIFTY06OCT2217100PE.NFO,03/10/2022,09:19:12,181.35,180.9,150,181.3,400,17000,2898400
NIFTY06OCT2217100PE.NFO,03/10/2022,09:19:14,180.2,180,400,180.3,200,12050,2898400
NIFTY06OCT2217100PE.NFO,03/10/2022,09:19:15,181.4,181.2,50,181.4,250,6550,2898400
NIFTY06OCT2217100PE.NFO,03/10/2022,09:19:17,179.75,179.75,250,180.1,200,7800,2898400
NIFTY06OCT2217100PE.NFO,03/10/2022,09:19:19,177.8,177.6,100,177.9,350,8500,2898400
NIFTY06OCT2217100PE.NFO,03/10/2022,09:19:20,179.35,179.4,50,179.65,50,5250,2898400
NIFTY06OCT2217100PE.NFO,03/10/2022,09:19:22,180.25,180.3,100,180.65,100,8750,2898400
NIFTY06OCT2217100PE.NFO,03/10/2022,09:19:24,178.95,178.95,200,179.1,50,7050,2898400
NIFTY06OCT2217100PE.NFO,03/10/2022,09:19:26,179.1,179,100,179.3,200,4300,2898400
NIFTY06OCT2217100PE.NFO,03/10/2022,09:19:27,179.05,179.05,50,179.25,50,14150,2898400
NIFTY06OCT2217100PE.NFO,03/10/2022,09:19:29,178.25,178,200,178.35,50,4950,2898400
NIFTY06OCT2217100PE.NFO,03/10/2022,09:19:30,178.9,178.65,150,178.9,150,8950,2898400
NIFTY06OCT2217100PE.NFO,03/10/2022,09:19:32,177.55,177.5,300,177.85,150,4500,2898400
NIFTY06OCT2217100PE.NFO,03/10/2022,09:19:34,178.3,178.2,150,178.4,50,5000,2898400
NIFTY06OCT2217100PE.NFO,03/10/2022,09:19:35,176.4,176.35,100,176.7,50,5500,2898400
NIFTY06OCT2217100PE.NFO,03/10/2022,09:19:37,175.35,175.5,250,175.8,850,5750,2898400
NIFTY06OCT2217100PE.NFO,03/10/2022,09:19:38,175,175,3900,175.15,100,5350,2898400
NIFTY06OCT2217100PE.NFO,03/10/2022,09:19:40,173.8,173.75,150,174.05,100,10850,2898400
NIFTY06OCT2217100PE.NFO,03/10/2022,09:19:42,174.7,174.4,50,174.5,150,8150,2898400
NIFTY06OCT2217100PE.NFO,03/10/2022,09:19:43,175.45,175.45,50,175.75,150,13400,2898400
NIFTY06OCT2217100PE.NFO,03/10/2022,09:19:45,176.6,176.5,100,176.6,800,3400,2898400
NIFTY06OCT2217100PE.NFO,03/10/2022,09:19:47,175.3,175.05,50,175.35,150,8900,2898400
NIFTY06OCT2217100PE.NFO,03/10/2022,09:19:48,174.55,174.3,50,174.55,100,6600,2898400
NIFTY06OCT2217100PE.NFO,03/10/2022,09:19:50,175,174.95,50,175.15,150,4950,2898400
NIFTY06OCT2217100PE.NFO,03/10/2022,09:19:51,172.25,172.25,150,172.45,50,10850,2898400
NIFTY06OCT2217100PE.NFO,03/10/2022,09:19:53,172.05,172.05,150,172.3,150,4300,2898400
NIFTY06OCT2217100PE.NFO,03/10/2022,09:19:55,171.9,171.6,450,171.95,1050,13750,2898400
NIFTY06OCT2217100PE.NFO,03/10/2022,09:19:56,170.8,170.75,100,171.05,250,7550,2898400
NIFTY06OCT2217100PE.NFO,03/10/2022,09:19:58,170,170.05,250,170.4,350,17600,2898400
NIFTY06OCT2217100PE.NFO,03/10/2022,09:19:59,169.75,169.4,50,169.5,150,14100,2898400
NIFTY06OCT2217100PE.NFO,03/10/2022,09:20:01,167,166.95,300,167.3,150,15350,2898400
NIFTY06OCT2217100PE.NFO,03/10/2022,09:20:02,166.45,166.4,50,166.5,150,8750,2898400
NIFTY06OCT2217100PE.NFO,03/10/2022,09:20:04,167,167.1,100,167.35,100,15150,2898400
NIFTY06OCT2217100PE.NFO,03/10/2022,09:20:05,167.15,167.15,100,167.45,150,14800,2898400
NIFTY06OCT2217100PE.NFO,03/10/2022,09:20:06,167.55,167.95,350,168.3,150,21000,2898400
NIFTY06OCT2217100PE.NFO,03/10/2022,09:20:07,168.5,168.25,200,168.55,100,9550,2898400
NIFTY06OCT2217100PE.NFO,03/10/2022,09:20:09,169.05,168.7,300,169.05,650,8550,2898400
NIFTY06OCT2217100PE.NFO,03/10/2022,09:20:10,168.6,168.35,200,168.6,350,8050,2898400
NIFTY06OCT2217100PE.NFO,03/10/2022,09:20:11,167.8,167.65,300,167.8,250,8650,2898400
NIFTY06OCT2217100PE.NFO,03/10/2022,09:20:12,168.6,168.4,50,168.65,200,11450,2898400
NIFTY06OCT2217100PE.NFO,03/10/2022,09:20:14,168.8,168.65,200,168.8,150,8750,2898400
NIFTY06OCT2217100PE.NFO,03/10/2022,09:20:15,166.5,166.25,150,166.5,350,15000,2898400
NIFTY06OCT2217100PE.NFO,03/10/2022,09:20:16,165.85,165.55,250,165.95,250,12900,2898400
NIFTY06OCT2217100PE.NFO,03/10/2022,09:20:18,165.65,165.35,250,165.7,650,20250,2898400
NIFTY06OCT2217100PE.NFO,03/10/2022,09:20:19,163.75,163.75,150,164.1,200,14350,2898400
NIFTY06OCT2217100PE.NFO,03/10/2022,09:20:21,164.45,164,50,164.35,150,15450,2898400
NIFTY06OCT2217100PE.NFO,03/10/2022,09:20:22,163.8,163.45,250,163.8,50,11500,2898400
NIFTY06OCT2217100PE.NFO,03/10/2022,09:20:23,164.35,164.2,100,164.45,100,8800,3031200
NIFTY06OCT2217100PE.NFO,03/10/2022,09:20:25,163.95,163.75,150,164.15,250,12050,3031200
NIFTY06OCT2217100PE.NFO,03/10/2022,09:20:26,164.25,163.95,350,164.3,250,9350,3031200
NIFTY06OCT2217100PE.NFO,03/10/2022,09:20:27,163.15,163,550,163.35,100,13500,3031200
NIFTY06OCT2217100PE.NFO,03/10/2022,09:20:29,165.95,165.8,200,166.1,200,17250,3031200
NIFTY06OCT2217100PE.NFO,03/10/2022,09:20:30,165.9,165.85,100,166.2,200,7050,3031200
NIFTY06OCT2217100PE.NFO,03/10/2022,09:20:32,167,166.95,50,167.2,200,10900,3031200
NIFTY06OCT2217100PE.NFO,03/10/2022,09:20:33,168.85,168.35,100,168.65,50,12600,3031200
NIFTY06OCT2217100PE.NFO,03/10/2022,09:20:34,170.9,170.8,350,171.15,250,12650,3031200
NIFTY06OCT2217100PE.NFO,03/10/2022,09:20:36,172.25,171.85,50,172.1,50,12600,3031200
NIFTY06OCT2217100PE.NFO,03/10/2022,09:20:37,172.45,172.45,150,172.85,300,15500,3031200
NIFTY06OCT2217100PE.NFO,03/10/2022,09:20:38,173.6,173.9,300,174.25,150,17000,3031200
NIFTY06OCT2217100PE.NFO,03/10/2022,09:20:40,173.25,172.9,50,173.25,100,9800,3031200
NIFTY06OCT2217100PE.NFO,03/10/2022,09:20:41,172,172.1,200,172.4,50,10850,3031200
NIFTY06OCT2217100PE.NFO,03/10/2022,09:20:42,171.7,171.4,150,171.7,150,8300,3031200
NIFTY06OCT2217100PE.NFO,03/10/2022,09:20:43,169.4,169.15,250,169.4,150,19850,3031200
NIFTY06OCT2217100PE.NFO,03/10/2022,09:20:45,167.6,167.25,200,167.6,350,15900,3031200
NIFTY06OCT2217100PE.NFO,03/10/2022,09:20:46,166.6,166.2,300,166.5,200,5900,3031200
NIFTY06OCT2217100PE.NFO,03/10/2022,09:20:48,166.9,166.7,200,166.9,50,10050,3031200
NIFTY06OCT2217100PE.NFO,03/10/2022,09:20:49,167.45,167.4,50,167.6,300,8700,3031200
NIFTY06OCT2217100PE.NFO,03/10/2022,09:20:51,166.05,165.85,150,166.15,150,13950,3031200
NIFTY06OCT2217100PE.NFO,03/10/2022,09:20:53,165.35,165.35,50,165.55,100,16850,3031200
NIFTY06OCT2217100PE.NFO,03/10/2022,09:20:54,166.4,166.15,100,166.45,100,11150,3031200
NIFTY06OCT2217100PE.NFO,03/10/2022,09:20:55,165.45,165.3,300,165.6,250,7250,3031200
NIFTY06OCT2217100PE.NFO,03/10/2022,09:20:56,167.1,166.8,100,167.05,250,4600,3031200
NIFTY06OCT2217100PE.NFO,03/10/2022,09:20:58,164.75,164.7,50,164.75,50,9350,3031200
NIFTY06OCT2217100PE.NFO,03/10/2022,09:20:59,164.15,164,250,164.15,100,10650,3031200
NIFTY06OCT2217100PE.NFO,03/10/2022,09:21:00,163,163,1650,163.25,300,12350,3031200
NIFTY06OCT2217100PE.NFO,03/10/2022,09:21:02,162.9,162.6,200,162.85,150,17800,3031200
NIFTY06OCT2217100PE.NFO,03/10/2022,09:21:03,162.65,162.45,1100,162.75,350,15150,3031200
NIFTY06OCT2217100PE.NFO,03/10/2022,09:21:04,162.95,162.5,300,162.8,200,5450,3031200
NIFTY06OCT2217100PE.NFO,03/10/2022,09:21:05,163.05,163.05,300,163.3,150,9450,3031200
NIFTY06OCT2217100PE.NFO,03/10/2022,09:21:07,163.3,163.05,150,163.3,200,6650,3031200
NIFTY06OCT2217100PE.NFO,03/10/2022,09:21:08,166,165.65,100,165.95,200,8150,3031200
NIFTY06OCT2217100PE.NFO,03/10/2022,09:21:09,165.4,165.05,350,165.4,350,8950,3031200
NIFTY06OCT2217100PE.NFO,03/10/2022,09:21:11,165,164.9,200,165.25,300,10750,3031200
NIFTY06OCT2217100PE.NFO,03/10/2022,09:21:12,162.65,162.5,50,162.7,100,6000,3031200
NIFTY06OCT2217100PE.NFO,03/10/2022,09:21:14,162.5,162.5,400,162.7,50,9450,3031200
NIFTY06OCT2217100PE.NFO,03/10/2022,09:21:15,162.7,162.7,150,163,250,10500,3031200
NIFTY06OCT2217100PE.NFO,03/10/2022,09:21:16,162.95,162.5,150,162.85,550,4200,3031200
NIFTY06OCT2217100PE.NFO,03/10/2022,09:21:17,162.4,162.45,50,162.5,2600,2550,3031200
NIFTY06OCT2217100PE.NFO,03/10/2022,09:21:18,162.65,162.65,150,162.85,50,6200,3031200
NIFTY06OCT2217100PE.NFO,03/10/2022,09:21:19,162.3,162.3,900,162.5,150,6650,3031200
NIFTY06OCT2217100PE.NFO,03/10/2022,09:21:21,162.55,162.25,200,162.45,50,6550,3031200
NIFTY06OCT2217100PE.NFO,03/10/2022,09:21:22,162,162.35,450,162.7,50,9050,3031200
NIFTY06OCT2217100PE.NFO,03/10/2022,09:21:24,161,160.85,200,161.2,300,13200,3031200
NIFTY06OCT2217100PE.NFO,03/10/2022,09:21:25,160.8,160.8,150,161.05,100,14100,3031200
NIFTY06OCT2217100PE.NFO,03/10/2022,09:21:27,159.25,159.05,50,159.25,250,31150,3031200
NIFTY06OCT2217100PE.NFO,03/10/2022,09:21:27,159.1,159.05,50,159.25,250,0,3031200
NIFTY06OCT2217100PE.NFO,03/10/2022,09:21:28,159.2,159.25,250,159.5,150,9500,3031200
NIFTY06OCT2217100PE.NFO,03/10/2022,09:21:28,158.65,159.25,250,159.5,150,0,3031200
NIFTY06OCT2217100PE.NFO,03/10/2022,09:21:30,158.9,158.85,250,159.1,150,15200,3031200
NIFTY06OCT2217100PE.NFO,03/10/2022,09:21:30,157.8,158.85,250,159.1,150,0,3031200
NIFTY06OCT2217100PE.NFO,03/10/2022,09:21:31,160.1,160.1,50,160.25,50,13650,3031200
NIFTY06OCT2217100PE.NFO,03/10/2022,09:21:33,160,159.4,700,159.7,200,17250,3031200
NIFTY06OCT2217100PE.NFO,03/10/2022,09:21:34,159.15,159.15,150,159.35,50,3350,3031200
NIFTY06OCT2217100PE.NFO,03/10/2022,09:21:35,160.45,160.1,50,160.15,2800,10000,3031200
NIFTY06OCT2217100PE.NFO,03/10/2022,09:21:36,159.9,159.8,500,160.15,300,8250,3031200
NIFTY06OCT2217100PE.NFO,03/10/2022,09:21:38,160,160,550,160.3,300,3800,3031200
NIFTY06OCT2217100PE.NFO,03/10/2022,09:21:39,158.1,158.05,150,158.15,50,9300,3031200
NIFTY06OCT2217100PE.NFO,03/10/2022,09:21:40,158.7,158.3,450,158.6,100,6700,3031200
NIFTY06OCT2217100PE.NFO,03/10/2022,09:21:42,157.55,157.4,200,157.7,100,5800,3031200
NIFTY06OCT2217100PE.NFO,03/10/2022,09:21:42,157.5,157.4,200,157.7,100,0,3031200
NIFTY06OCT2217100PE.NFO,03/10/2022,09:21:43,157.1,156.75,950,157.15,500,7700,3031200
NIFTY06OCT2217100PE.NFO,03/10/2022,09:21:43,156.4,156.75,950,157.15,500,0,3031200
NIFTY06OCT2217100PE.NFO,03/10/2022,09:21:44,157.15,156.9,200,157.1,50,6450,3031200
NIFTY06OCT2217100PE.NFO,03/10/2022,09:21:45,155.65,155.65,600,155.85,350,11600,3031200
NIFTY06OCT2217100PE.NFO,03/10/2022,09:21:45,155.65,155.65,600,155.85,350,0,3031200
NIFTY06OCT2217100PE.NFO,03/10/2022,09:21:47,155.6,155.55,250,155.85,100,8350,3031200
NIFTY06OCT2217100PE.NFO,03/10/2022,09:21:47,155.4,155.55,250,155.85,100,0,3031200
NIFTY06OCT2217100PE.NFO,03/10/2022,09:21:48,156,155.7,100,155.95,250,11900,3031200
NIFTY06OCT2217100PE.NFO,03/10/2022,09:21:48,155.05,155.7,100,155.95,250,0,3031200
NIFTY06OCT2217100PE.NFO,03/10/2022,09:21:49,154.95,154.6,800,154.9,200,27900,3031200
NIFTY06OCT2217100PE.NFO,03/10/2022,09:21:49,154.95,154.6,800,154.9,200,0,3031200
NIFTY06OCT2217100PE.NFO,03/10/2022,09:21:50,154.6,154.2,250,154.55,150,800,3031200
NIFTY06OCT2217100PE.NFO,03/10/2022,09:21:50,154.6,154.2,250,154.55,150,0,3031200
NIFTY06OCT2217100PE.NFO,03/10/2022,09:21:52,154.75,154.75,100,155.05,200,36800,3031200
NIFTY06OCT2217100PE.NFO,03/10/2022,09:21:52,153.85,154.75,100,155.05,200,0,3031200
NIFTY06OCT2217100PE.NFO,03/10/2022,09:21:53,156.75,156.7,200,156.8,50,29200,3031200
NIFTY06OCT2217100PE.NFO,03/10/2022,09:21:55,156.15,156,1100,156.1,100,13850,3031200
NIFTY06OCT2217100PE.NFO,03/10/2022,09:21:56,156.6,156.5,100,156.65,100,8950,3031200
NIFTY06OCT2217100PE.NFO,03/10/2022,09:21:57,156.1,155.85,50,156.1,150,16450,3031200
NIFTY06OCT2217100PE.NFO,03/10/2022,09:21:59,156.9,156.65,200,156.9,50,15700,3031200
NIFTY06OCT2217100PE.NFO,03/10/2022,09:22:00,158.45,158.15,200,158.4,300,17150,3031200
NIFTY06OCT2217100PE.NFO,03/10/2022,09:22:02,156.85,156.6,200,156.85,450,13950,3031200
NIFTY06OCT2217100PE.NFO,03/10/2022,09:22:03,156.2,156.2,150,156.5,150,7850,3031200
NIFTY06OCT2217100PE.NFO,03/10/2022,09:22:04,155.5,155.5,500,155.8,350,8050,3031200
NIFTY06OCT2217100PE.NFO,03/10/2022,09:22:05,154,154,900,154.1,50,11500,3031200
NIFTY06OCT2217100PE.NFO,03/10/2022,09:22:07,154.3,154.2,1100,154.45,50,11500,3031200
NIFTY06OCT2217100PE.NFO,03/10/2022,09:22:08,152.1,152.1,100,152.3,50,18500,3031200
NIFTY06OCT2217100PE.NFO,03/10/2022,09:22:08,152.1,152.1,100,152.3,50,0,3031200
NIFTY06OCT2217100PE.NFO,03/10/2022,09:22:10,152.5,152.4,200,152.6,50,15400,3031200
NIFTY06OCT2217100PE.NFO,03/10/2022,09:22:10,152,152.4,200,152.6,50,0,3031200
NIFTY06OCT2217100PE.NFO,03/10/2022,09:22:11,151.9,151.9,50,152.1,50,11750,3031200
NIFTY06OCT2217100PE.NFO,03/10/2022,09:22:11,151.9,151.9,50,152.1,50,0,3031200
NIFTY06OCT2217100PE.NFO,03/10/2022,09:22:13,152.25,152.2,200,152.4,150,15350,3031200
NIFTY06OCT2217100PE.NFO,03/10/2022,09:22:13,151.05,152.2,200,152.4,150,0,3031200
NIFTY06OCT2217100PE.NFO,03/10/2022,09:22:14,151.7,151.7,150,151.95,200,10850,3031200
NIFTY06OCT2217100PE.NFO,03/10/2022,09:22:14,150.8,151.7,150,151.95,200,0,3031200
NIFTY06OCT2217100PE.NFO,03/10/2022,09:22:16,150.75,151.2,200,151.25,250,14250,3031200
NIFTY06OCT2217100PE.NFO,03/10/2022,09:22:16,150.75,151.2,200,151.25,250,0,3031200
NIFTY06OCT2217100PE.NFO,03/10/2022,09:22:17,151.3,151.3,500,151.6,100,13700,3031200
NIFTY06OCT2217100PE.NFO,03/10/2022,09:22:19,151.05,150.8,750,151.05,200,7950,3031200
NIFTY06OCT2217100PE.NFO,03/10/2022,09:22:19,150.25,150.8,750,151.05,200,0,3031200
NIFTY06OCT2217100PE.NFO,03/10/2022,09:22:20,152.2,152.1,200,152.4,200,18150,3031200
NIFTY06OCT2217100PE.NFO,03/10/2022,09:22:22,151,151,150,151.15,250,11200,3031200
NIFTY06OCT2217100PE.NFO,03/10/2022,09:22:23,149.7,149.7,400,150.05,200,47550,3031200
NIFTY06OCT2217100PE.NFO,03/10/2022,09:22:23,149.35,149.7,400,150.05,200,0,3031200
NIFTY06OCT2217100PE.NFO,03/10/2022,09:22:25,150.85,150.8,200,150.95,150,20500,3031200
NIFTY06OCT2217100PE.NFO,03/10/2022,09:22:26,148.75,148.45,200,148.7,200,15950,3031200
NIFTY06OCT2217100PE.NFO,03/10/2022,09:22:26,148.75,148.45,200,148.7,200,0,3031200
NIFTY06OCT2217100PE.NFO,03/10/2022,09:22:28,149.85,149.85,100,149.95,250,14450,3031200
NIFTY06OCT2217100PE.NFO,03/10/2022,09:22:28,148.4,149.85,100,149.95,250,0,3031200
NIFTY06OCT2217100PE.NFO,03/10/2022,09:22:29,149.65,149.7,250,149.95,150,8150,3031200
NIFTY06OCT2217100PE.NFO,03/10/2022,09:22:30,151.4,151.4,200,151.6,250,11700,3031200
NIFTY06OCT2217100PE.NFO,03/10/2022,09:22:32,151.1,150.8,300,151.15,350,32300,3031200
NIFTY06OCT2217100PE.NFO,03/10/2022,09:22:33,152.15,152.35,100,152.55,250,13400,3031200
NIFTY06OCT2217100PE.NFO,03/10/2022,09:22:35,153.55,153.6,600,153.7,250,13950,3031200
NIFTY06OCT2217100PE.NFO,03/10/2022,09:22:36,153.35,153.15,200,153.4,150,9150,3031200
NIFTY06OCT2217100PE.NFO,03/10/2022,09:22:37,156.3,156.1,200,156.35,100,14600,3031200
NIFTY06OCT2217100PE.NFO,03/10/2022,09:22:39,155.65,155.5,50,155.7,300,14750,3031200
NIFTY06OCT2217100PE.NFO,03/10/2022,09:22:40,157.15,157,150,157.25,250,11150,3031200
NIFTY06OCT2217100PE.NFO,03/10/2022,09:22:42,160,160,100,160.3,250,20600,3031200
NIFTY06OCT2217100PE.NFO,03/10/2022,09:22:43,158.45,158.2,100,158.3,50,16650,3031200
NIFTY06OCT2217100PE.NFO,03/10/2022,09:22:45,160.5,160.45,450,160.85,250,18250,3031200
NIFTY06OCT2217100PE.NFO,03/10/2022,09:22:46,161.15,161.05,550,161.4,250,18300,3031200
NIFTY06OCT2217100PE.NFO,03/10/2022,09:22:47,159.15,159.05,550,159.4,100,17450,3031200
NIFTY06OCT2217100PE.NFO,03/10/2022,09:22:49,158.35,158.35,150,158.65,300,7100,3031200
NIFTY06OCT2217100PE.NFO,03/10/2022,09:22:50,159.3,159,300,159.3,400,8250,3031200
NIFTY06OCT2217100PE.NFO,03/10/2022,09:22:51,159.7,159.4,50,159.75,500,11950,3031200
NIFTY06OCT2217100PE.NFO,03/10/2022,09:22:53,160.2,159.85,250,160.2,200,15300,3031200
NIFTY06OCT2217100PE.NFO,03/10/2022,09:22:54,160.35,159.7,50,160,200,5750,3031200
NIFTY06OCT2217100PE.NFO,03/10/2022,09:22:55,159.85,159.75,50,159.9,50,8700,3031200
NIFTY06OCT2217100PE.NFO,03/10/2022,09:22:56,159.85,159.45,150,159.8,400,10200,3031200
NIFTY06OCT2217100PE.NFO,03/10/2022,09:22:57,162,161.75,50,162,4700,15500,3031200
NIFTY06OCT2217100PE.NFO,03/10/2022,09:22:58,161,160.6,350,160.95,250,11000,3031200
NIFTY06OCT2217100PE.NFO,03/10/2022,09:23:00,160.1,159.95,350,160.1,100,14300,3031200
NIFTY06OCT2217100PE.NFO,03/10/2022,09:23:01,159.4,159.4,50,159.45,50,12200,3031200
NIFTY06OCT2217100PE.NFO,03/10/2022,09:23:02,159.1,159.2,150,159.5,50,13900,3031200
NIFTY06OCT2217100PE.NFO,03/10/2022,09:23:03,158.7,158.65,100,158.9,200,21450,3031200
NIFTY06OCT2217100PE.NFO,03/10/2022,09:23:05,159.9,159.6,1200,159.9,100,15950,3031200
NIFTY06OCT2217100PE.NFO,03/10/2022,09:23:06,159.6,159.6,150,159.85,350,12950,3031200
NIFTY06OCT2217100PE.NFO,03/10/2022,09:23:07,161,160.9,50,161.15,400,11450,3031200
NIFTY06OCT2217100PE.NFO,03/10/2022,09:23:08,159.1,159.1,450,159.3,300,14650,3031200
NIFTY06OCT2217100PE.NFO,03/10/2022,09:23:10,159.9,159.4,300,159.65,350,8650,3031200
NIFTY06OCT2217100PE.NFO,03/10/2022,09:23:11,161.95,161.65,150,161.8,200,13300,3031200
NIFTY06OCT2217100PE.NFO,03/10/2022,09:23:12,158.7,158.65,50,158.75,450,10100,3031200
NIFTY06OCT2217100PE.NFO,03/10/2022,09:23:14,157.15,156.9,150,157.15,150,13050,3031200
NIFTY06OCT2217100PE.NFO,03/10/2022,09:23:16,156.55,156.6,250,156.85,50,13700,3031200
NIFTY06OCT2217100PE.NFO,03/10/2022,09:23:17,158.7,158.7,100,159,150,5900,3031200
NIFTY06OCT2217100PE.NFO,03/10/2022,09:23:18,159.2,159.05,100,159.3,150,7150,3031200
NIFTY06OCT2217100PE.NFO,03/10/2022,09:23:19,160.6,160.6,350,160.85,150,6200,3031200
NIFTY06OCT2217100PE.NFO,03/10/2022,09:23:21,161.15,161,100,161.3,300,5900,3031200
NIFTY06OCT2217100PE.NFO,03/10/2022,09:23:22,159.7,159.2,300,159.45,250,10650,3031200
NIFTY06OCT2217100PE.NFO,03/10/2022,09:23:23,159.6,159.1,300,159.45,300,6950,3031200
NIFTY06OCT2217100PE.NFO,03/10/2022,09:23:24,158.4,158.1,250,158.35,100,5350,3430000
NIFTY06OCT2217100PE.NFO,03/10/2022,09:23:26,158.55,158.1,150,158.45,650,3650,3430000
NIFTY06OCT2217100PE.NFO,03/10/2022,09:23:27,158.3,158.1,150,158.45,500,4650,3430000
NIFTY06OCT2217100PE.NFO,03/10/2022,09:23:28,158.05,157.9,350,158.15,150,10900,3430000
NIFTY06OCT2217100PE.NFO,03/10/2022,09:23:30,156.25,156.05,100,156.25,150,6550,3430000
NIFTY06OCT2217100PE.NFO,03/10/2022,09:23:31,157.05,157,100,157.25,200,3900,3430000
NIFTY06OCT2217100PE.NFO,03/10/2022,09:23:32,156.8,156.85,100,157.2,150,5850,3430000
NIFTY06OCT2217100PE.NFO,03/10/2022,09:23:33,157.95,157.55,450,157.85,100,5450,3430000
NIFTY06OCT2217100PE.NFO,03/10/2022,09:23:35,158.55,158.15,600,158.5,50,6000,3430000
NIFTY06OCT2217100PE.NFO,03/10/2022,09:23:36,157.75,157.25,400,157.55,300,4200,3430000
NIFTY06OCT2217100PE.NFO,03/10/2022,09:23:37,158.05,158,650,158.3,200,3250,3430000
NIFTY06OCT2217100PE.NFO,03/10/2022,09:23:38,158.2,158,150,158.25,300,2500,3430000
NIFTY06OCT2217100PE.NFO,03/10/2022,09:23:39,159.85,159.65,200,159.8,150,4950,3430000
NIFTY06OCT2217100PE.NFO,03/10/2022,09:23:41,161.7,161.8,300,162,5150,12300,3430000
NIFTY06OCT2217100PE.NFO,03/10/2022,09:23:42,162.15,161.85,150,162.2,300,14900,3430000
NIFTY06OCT2217100PE.NFO,03/10/2022,09:23:43,161.8,161.7,150,162,100,6000,3430000
NIFTY06OCT2217100PE.NFO,03/10/2022,09:23:45,161.75,161.7,450,162,200,6400,3430000
NIFTY06OCT2217100PE.NFO,03/10/2022,09:23:46,162.6,162.4,350,162.65,150,8600,3430000
NIFTY06OCT2217100PE.NFO,03/10/2022,09:23:47,163.4,163.4,200,163.75,750,8000,3430000
NIFTY06OCT2217100PE.NFO,03/10/2022,09:23:49,162.2,162,100,162.2,1050,16950,3430000
NIFTY06OCT2217100PE.NFO,03/10/2022,09:23:50,162.2,162.05,100,162.25,50,6750,3430000
NIFTY06OCT2217100PE.NFO,03/10/2022,09:23:52,163,163.05,250,163.35,850,11650,3430000
NIFTY06OCT2217100PE.NFO,03/10/2022,09:23:53,164.9,164.75,50,164.95,150,16400,3430000
NIFTY06OCT2217100PE.NFO,03/10/2022,09:23:55,164.3,164.2,150,164.3,50,13250,3430000
NIFTY06OCT2217100PE.NFO,03/10/2022,09:23:56,164.55,164.1,200,164.4,250,2500,3430000
NIFTY06OCT2217100PE.NFO,03/10/2022,09:23:57,163.7,163.6,550,163.9,250,5200,3430000
NIFTY06OCT2217100PE.NFO,03/10/2022,09:23:58,163.9,164,50,164.15,650,7650,3430000
NIFTY06OCT2217100PE.NFO,03/10/2022,09:24:00,164.6,164.3,150,164.65,300,6100,3430000
NIFTY06OCT2217100PE.NFO,03/10/2022,09:24:01,166.3,166.1,150,166.3,150,15600,3430000
NIFTY06OCT2217100PE.NFO,03/10/2022,09:24:02,166.6,166.75,50,166.9,50,7500,3430000
NIFTY06OCT2217100PE.NFO,03/10/2022,09:24:04,166.3,166.3,200,166.45,300,16250,3430000
NIFTY06OCT2217100PE.NFO,03/10/2022,09:24:05,165.2,164.95,100,165.2,150,7700,3430000
NIFTY06OCT2217100PE.NFO,03/10/2022,09:24:06,164.15,163.9,350,164.15,400,11600,3430000
NIFTY06OCT2217100PE.NFO,03/10/2022,09:24:07,163.1,163,300,163.2,50,9800,3430000
NIFTY06OCT2217100PE.NFO,03/10/2022,09:24:09,162.75,162.55,50,162.75,50,8850,3430000
NIFTY06OCT2217100PE.NFO,03/10/2022,09:24:10,162.1,162,1200,162.3,300,17000,3430000
NIFTY06OCT2217100PE.NFO,03/10/2022,09:24:12,161.6,161.3,450,161.6,250,10100,3430000
NIFTY06OCT2217100PE.NFO,03/10/2022,09:24:13,163.1,162.85,250,163.1,250,17500,3430000
NIFTY06OCT2217100PE.NFO,03/10/2022,09:24:15,163.1,162.75,500,163,300,11350,3430000
NIFTY06OCT2217100PE.NFO,03/10/2022,09:24:16,164.25,164.05,100,164.35,150,6950,3430000
NIFTY06OCT2217100PE.NFO,03/10/2022,09:24:17,162.2,162.1,400,162.3,300,5850,3430000
NIFTY06OCT2217100PE.NFO,03/10/2022,09:24:18,162.95,162.75,50,162.9,250,28400,3430000
NIFTY06OCT2217100PE.NFO,03/10/2022,09:24:20,163.55,163.7,250,163.95,150,7500,3430000
NIFTY06OCT2217100PE.NFO,03/10/2022,09:24:21,163.9,163.45,250,163.8,250,6000,3430000
NIFTY06OCT2217100PE.NFO,03/10/2022,09:24:22,164,163.55,250,163.9,300,5050,3430000
NIFTY06OCT2217100PE.NFO,03/10/2022,09:24:24,163.55,163.15,150,163.45,150,3000,3430000
NIFTY06OCT2217100PE.NFO,03/10/2022,09:24:25,163.2,163.2,300,163.4,50,2650,3430000
NIFTY06OCT2217100PE.NFO,03/10/2022,09:24:26,164.2,164.05,250,164.2,150,7650,3430000
NIFTY06OCT2217100PE.NFO,03/10/2022,09:24:27,163.7,163.7,150,164,300,6950,3430000
NIFTY06OCT2217100PE.NFO,03/10/2022,09:24:28,162.75,162.45,150,162.75,100,8400,3430000
NIFTY06OCT2217100PE.NFO,03/10/2022,09:24:30,164,163.95,350,164.3,50,10700,3430000
NIFTY06OCT2217100PE.NFO,03/10/2022,09:24:31,163.45,163.25,400,163.6,300,1900,3430000
NIFTY06OCT2217100PE.NFO,03/10/2022,09:24:32,163.45,163.25,300,163.5,500,3500,3430000
NIFTY06OCT2217100PE.NFO,03/10/2022,09:24:33,163.75,163.75,50,164,550,3550,3430000
NIFTY06OCT2217100PE.NFO,03/10/2022,09:24:34,165.4,165.35,50,165.5,250,10800,3430000
NIFTY06OCT2217100PE.NFO,03/10/2022,09:24:36,165.25,165.25,250,165.6,300,6000,3430000
NIFTY06OCT2217100PE.NFO,03/10/2022,09:24:37,165.2,165.2,250,165.55,300,3950,3430000
NIFTY06OCT2217100PE.NFO,03/10/2022,09:24:39,164.65,164.4,550,164.75,300,3300,3430000
NIFTY06OCT2217100PE.NFO,03/10/2022,09:24:40,165.2,165.15,250,165.3,50,6600,3430000
NIFTY06OCT2217100PE.NFO,03/10/2022,09:24:41,167.5,167.25,150,167.5,100,17050,3430000
NIFTY06OCT2217100PE.NFO,03/10/2022,09:24:43,165.95,165.95,100,166,250,14500,3430000
NIFTY06OCT2217100PE.NFO,03/10/2022,09:24:44,165.95,166.1,400,166.4,200,10450,3430000
NIFTY06OCT2217100PE.NFO,03/10/2022,09:24:45,165.6,165.6,100,165.85,300,4550,3430000
NIFTY06OCT2217100PE.NFO,03/10/2022,09:24:47,164.25,164,1900,164.25,150,7000,3430000
NIFTY06OCT2217100PE.NFO,03/10/2022,09:24:48,165,164.8,200,165,250,6600,3430000
NIFTY06OCT2217100PE.NFO,03/10/2022,09:24:49,164.9,164.95,250,165.2,1400,4150,3430000
NIFTY06OCT2217100PE.NFO,03/10/2022,09:24:50,164.45,164.1,900,164.4,400,1200,3430000
NIFTY06OCT2217100PE.NFO,03/10/2022,09:24:52,164,163.65,150,164,1200,6100,3430000
NIFTY06OCT2217100PE.NFO,03/10/2022,09:24:54,162.4,162.25,300,162.55,300,9050,3430000
NIFTY06OCT2217100PE.NFO,03/10/2022,09:24:55,161.9,161.7,200,161.9,150,7250,3430000
NIFTY06OCT2217100PE.NFO,03/10/2022,09:24:56,162,161.75,750,162.1,150,2800,3430000
NIFTY06OCT2217100PE.NFO,03/10/2022,09:24:58,161.2,161.35,350,161.6,1350,2950,3430000
NIFTY06OCT2217100PE.NFO,03/10/2022,09:24:59,161.2,161,1750,161.25,100,3250,3430000
NIFTY06OCT2217100PE.NFO,03/10/2022,09:25:00,158.8,158.6,150,158.85,250,32150,3430000
NIFTY06OCT2217100PE.NFO,03/10/2022,09:25:01,158.55,158,6350,158.25,200,900,3430000
NIFTY06OCT2217100PE.NFO,03/10/2022,09:25:03,156,156.05,50,156.1,100,38300,3430000
NIFTY06OCT2217100PE.NFO,03/10/2022,09:25:05,157,156.8,300,157.05,250,17900,3430000
NIFTY06OCT2217100PE.NFO,03/10/2022,09:25:06,154.8,154.9,200,155,650,29700,3430000
NIFTY06OCT2217100PE.NFO,03/10/2022,09:25:08,153.7,153.55,50,153.75,300,10200,3430000
NIFTY06OCT2217100PE.NFO,03/10/2022,09:25:09,156.35,156.4,200,156.6,250,15800,3430000
NIFTY06OCT2217100PE.NFO,03/10/2022,09:25:10,158.9,158.95,250,159.1,300,12950,3430000
NIFTY06OCT2217100PE.NFO,03/10/2022,09:25:12,157.15,157.25,150,157.45,150,3750,3430000
NIFTY06OCT2217100PE.NFO,03/10/2022,09:25:13,160.1,160.05,650,160.2,50,7850,3430000
NIFTY06OCT2217100PE.NFO,03/10/2022,09:25:14,161.3,161.2,300,161.4,200,4400,3430000
NIFTY06OCT2217100PE.NFO,03/10/2022,09:25:16,163.7,163.75,200,164,50,13050,3430000
NIFTY06OCT2217100PE.NFO,03/10/2022,09:25:18,161.4,161.4,200,161.6,250,13800,3430000
NIFTY06OCT2217100PE.NFO,03/10/2022,09:25:19,164.9,164.65,350,164.95,50,14950,3430000
NIFTY06OCT2217100PE.NFO,03/10/2022,09:25:21,165.85,166.05,150,166.3,50,15400,3430000
NIFTY06OCT2217100PE.NFO,03/10/2022,09:25:22,167.25,167.15,200,167.35,150,12100,3430000
NIFTY06OCT2217100PE.NFO,03/10/2022,09:25:23,166.6,166.25,350,166.6,300,8200,3430000
NIFTY06OCT2217100PE.NFO,03/10/2022,09:25:25,166.9,166.8,750,167.1,100,20400,3430000
NIFTY06OCT2217100PE.NFO,03/10/2022,09:25:27,164.15,163.95,200,164.25,250,9500,3430000
NIFTY06OCT2217100PE.NFO,03/10/2022,09:25:28,165.1,164.85,300,165.2,450,14150,3430000
NIFTY06OCT2217100PE.NFO,03/10/2022,09:25:29,165.95,165.7,50,166,50,8000,3430000
NIFTY06OCT2217100PE.NFO,03/10/2022,09:25:30,165.5,165.45,250,165.7,50,2800,3430000
NIFTY06OCT2217100PE.NFO,03/10/2022,09:25:32,164.4,164.35,200,164.6,50,7500,3430000
NIFTY06OCT2217100PE.NFO,03/10/2022,09:25:33,165.55,165.5,50,165.55,150,8200,3430000
NIFTY06OCT2217100PE.NFO,03/10/2022,09:25:34,165.05,165.05,50,165.3,100,4100,3430000
NIFTY06OCT2217100PE.NFO,03/10/2022,09:25:35,166.3,166.25,300,166.55,50,12950,3430000
NIFTY06OCT2217100PE.NFO,03/10/2022,09:25:36,165.2,164.85,850,165.15,300,4150,3430000
NIFTY06OCT2217100PE.NFO,03/10/2022,09:25:38,165.7,165.6,150,165.75,300,10250,3430000
NIFTY06OCT2217100PE.NFO,03/10/2022,09:25:39,166.6,166.55,150,166.8,200,5750,3430000
NIFTY06OCT2217100PE.NFO,03/10/2022,09:25:40,167.1,167.2,100,167.4,850,5750,3430000
NIFTY06OCT2217100PE.NFO,03/10/2022,09:25:42,167.6,167.6,650,168.05,300,12150,3430000
NIFTY06OCT2217100PE.NFO,03/10/2022,09:25:43,166.8,166.55,350,166.85,250,7900,3430000
NIFTY06OCT2217100PE.NFO,03/10/2022,09:25:44,167.9,167.7,450,167.95,250,7150,3430000
NIFTY06OCT2217100PE.NFO,03/10/2022,09:25:45,167.55,167.45,150,167.6,200,5800,3430000
NIFTY06OCT2217100PE.NFO,03/10/2022,09:25:47,168.4,168.35,300,168.55,100,7400,3430000
NIFTY06OCT2217100PE.NFO,03/10/2022,09:25:48,168.65,168.45,50,168.75,550,6250,3430000
NIFTY06OCT2217100PE.NFO,03/10/2022,09:25:49,169.2,169.2,150,169.5,50,9350,3430000
NIFTY06OCT2217100PE.NFO,03/10/2022,09:25:51,171,170.5,550,170.85,200,30000,3430000
NIFTY06OCT2217100PE.NFO,03/10/2022,09:25:52,172.35,172.35,600,172.5,100,17500,3430000
NIFTY06OCT2217100PE.NFO,03/10/2022,09:25:53,172.9,172.7,300,173,1500,1550,3430000
NIFTY06OCT2217100PE.NFO,03/10/2022,09:25:55,173.05,173.2,50,173.55,150,23700,3430000
NIFTY06OCT2217100PE.NFO,03/10/2022,09:25:56,174.35,173.9,250,174.25,450,16450,3430000
NIFTY06OCT2217100PE.NFO,03/10/2022,09:25:58,174.35,174.25,150,174.55,400,26400,3430000
NIFTY06OCT2217100PE.NFO,03/10/2022,09:25:59,175.35,175.25,200,175.55,100,17200,3430000
NIFTY06OCT2217100PE.NFO,03/10/2022,09:26:00,176,176.1,150,176.3,200,14150,3430000
NIFTY06OCT2217100PE.NFO,03/10/2022,09:26:02,174.3,174.3,3200,174.65,150,14900,3430000
NIFTY06OCT2217100PE.NFO,03/10/2022,09:26:03,174.1,174.1,200,174.3,350,24450,3430000
NIFTY06OCT2217100PE.NFO,03/10/2022,09:26:04,174.55,174.3,200,174.5,250,15450,3430000
NIFTY06OCT2217100PE.NFO,03/10/2022,09:26:06,174.65,174.35,50,174.7,650,10200,3430000
NIFTY06OCT2217100PE.NFO,03/10/2022,09:26:07,175.05,174.7,50,175,200,15100,3430000
NIFTY06OCT2217100PE.NFO,03/10/2022,09:26:08,173.25,173.1,50,173.25,200,25250,3430000
NIFTY06OCT2217100PE.NFO,03/10/2022,09:26:10,173.65,173.5,200,173.8,100,16700,3430000
NIFTY06OCT2217100PE.NFO,03/10/2022,09:26:11,171.3,171.25,300,171.4,50,21800,3430000
NIFTY06OCT2217100PE.NFO,03/10/2022,09:26:13,171.25,171.4,50,171.5,100,22000,3430000
NIFTY06OCT2217100PE.NFO,03/10/2022,09:26:14,172,171.9,50,172.05,300,7400,3430000
NIFTY06OCT2217100PE.NFO,03/10/2022,09:26:15,171.8,171.45,150,171.75,200,5100,3430000
NIFTY06OCT2217100PE.NFO,03/10/2022,09:26:17,171.4,171.3,100,171.45,150,5250,3430000
NIFTY06OCT2217100PE.NFO,03/10/2022,09:26:18,170.4,170.05,300,170.3,200,6550,3430000
NIFTY06OCT2217100PE.NFO,03/10/2022,09:26:19,171.2,171.1,250,171.4,750,6150,3430000
NIFTY06OCT2217100PE.NFO,03/10/2022,09:26:20,171.65,171.45,200,171.8,200,7800,3430000
NIFTY06OCT2217100PE.NFO,03/10/2022,09:26:22,170.8,170.8,150,171.1,200,5450,3430000
NIFTY06OCT2217100PE.NFO,03/10/2022,09:26:23,171.9,171.95,150,172.3,250,5300,3430000
NIFTY06OCT2217100PE.NFO,03/10/2022,09:26:24,170,170,1450,170.2,250,11650,3634350
NIFTY06OCT2217100PE.NFO,03/10/2022,09:26:26,171.2,171.25,100,171.4,200,8750,3634350
NIFTY06OCT2217100PE.NFO,03/10/2022,09:26:27,172.65,172.65,150,172.85,50,7750,3634350
NIFTY06OCT2217100PE.NFO,03/10/2022,09:26:28,174.5,174.55,50,174.75,150,6800,3634350
NIFTY06OCT2217100PE.NFO,03/10/2022,09:26:30,172.55,172.55,150,172.85,250,6050,3634350
NIFTY06OCT2217100PE.NFO,03/10/2022,09:26:31,173.8,173.5,250,173.85,400,3600,3634350
NIFTY06OCT2217100PE.NFO,03/10/2022,09:26:33,175.2,175.2,250,175.35,250,16650,3634350
NIFTY06OCT2217100PE.NFO,03/10/2022,09:26:35,174.75,174.7,50,174.75,100,23050,3634350
NIFTY06OCT2217100PE.NFO,03/10/2022,09:26:36,173.95,173.85,100,174.15,200,6550,3634350
NIFTY06OCT2217100PE.NFO,03/10/2022,09:26:37,174.05,173.75,100,174,150,2850,3634350
NIFTY06OCT2217100PE.NFO,03/10/2022,09:26:38,172.95,172.85,200,173.15,250,4200,3634350
NIFTY06OCT2217100PE.NFO,03/10/2022,09:26:40,175.4,175.4,150,175.65,150,6650,3634350
NIFTY06OCT2217100PE.NFO,03/10/2022,09:26:41,174.1,174.05,50,174.4,350,5300,3634350
NIFTY06OCT2217100PE.NFO,03/10/2022,09:26:42,174.15,174.1,200,174.4,200,7450,3634350
NIFTY06OCT2217100PE.NFO,03/10/2022,09:26:43,173.45,173.4,200,173.65,100,3650,3634350
NIFTY06OCT2217100PE.NFO,03/10/2022,09:26:44,174,173.65,250,173.95,400,5650,3634350
NIFTY06OCT2217100PE.NFO,03/10/2022,09:26:46,172.95,172.65,750,173,300,4950,3634350
NIFTY06OCT2217100PE.NFO,03/10/2022,09:26:47,173.6,173.05,600,173.35,50,8450,3634350
NIFTY06OCT2217100PE.NFO,03/10/2022,09:26:48,171.9,171.75,150,171.95,300,7900,3634350
NIFTY06OCT2217100PE.NFO,03/10/2022,09:26:49,172.6,172.6,250,172.9,250,1850,3634350
NIFTY06OCT2217100PE.NFO,03/10/2022,09:26:50,173.05,172.8,500,173.05,50,4600,3634350
NIFTY06OCT2217100PE.NFO,03/10/2022,09:26:52,174,173.85,100,174.05,550,5000,3634350
NIFTY06OCT2217100PE.NFO,03/10/2022,09:26:53,174.8,174.5,350,174.8,250,2850,3634350
NIFTY06OCT2217100PE.NFO,03/10/2022,09:26:54,174.45,174.35,50,174.65,150,3250,3634350
NIFTY06OCT2217100PE.NFO,03/10/2022,09:26:55,174.5,174.45,450,174.75,200,2550,3634350
NIFTY06OCT2217100PE.NFO,03/10/2022,09:26:55,174.95,174.5,100,174.7,150,650,3634350
NIFTY06OCT2217100PE.NFO,03/10/2022,09:26:56,173.8,173.5,50,173.8,150,3600,3634350
NIFTY06OCT2217100PE.NFO,03/10/2022,09:26:58,172.9,172.75,250,173,50,3000,3634350
NIFTY06OCT2217100PE.NFO,03/10/2022,09:26:59,172.65,172.4,250,172.7,200,4200,3634350
NIFTY06OCT2217100PE.NFO,03/10/2022,09:27:00,170.75,170.5,300,170.75,50,23200,3634350
NIFTY06OCT2217100PE.NFO,03/10/2022,09:27:02,170.55,170.75,200,171,200,17850,3634350
NIFTY06OCT2217100PE.NFO,03/10/2022,09:27:03,171.25,170.95,400,171.25,100,4900,3634350
NIFTY06OCT2217100PE.NFO,03/10/2022,09:27:04,172.35,172.05,50,172.35,250,3750,3634350
NIFTY06OCT2217100PE.NFO,03/10/2022,09:27:06,173.5,173.75,500,174,200,7600,3634350
NIFTY06OCT2217100PE.NFO,03/10/2022,09:27:07,172.8,172.8,450,173.05,50,3100,3634350
NIFTY06OCT2217100PE.NFO,03/10/2022,09:27:08,174.4,174.5,200,174.7,250,6200,3634350
NIFTY06OCT2217100PE.NFO,03/10/2022,09:27:09,174.1,174.05,150,174.35,100,2750,3634350
NIFTY06OCT2217100PE.NFO,03/10/2022,09:27:11,175.35,175.25,200,175.45,150,21900,3634350
NIFTY06OCT2217100PE.NFO,03/10/2022,09:27:12,175.25,175.25,100,175.5,250,10400,3634350
NIFTY06OCT2217100PE.NFO,03/10/2022,09:27:13,175.3,175.2,300,175.5,200,5400,3634350
NIFTY06OCT2217100PE.NFO,03/10/2022,09:27:14,174,173.8,150,174.1,250,3650,3634350
NIFTY06OCT2217100PE.NFO,03/10/2022,09:27:15,174.5,174.15,400,174.5,250,2150,3634350
NIFTY06OCT2217100PE.NFO,03/10/2022,09:27:16,174.75,174.55,150,174.85,450,1950,3634350
NIFTY06OCT2217100PE.NFO,03/10/2022,09:27:18,173.95,173.75,150,173.95,150,3300,3634350
NIFTY06OCT2217100PE.NFO,03/10/2022,09:27:19,174,174.3,150,174.6,150,4150,3634350
NIFTY06OCT2217100PE.NFO,03/10/2022,09:27:20,175,174.8,250,175.15,350,2450,3634350
NIFTY06OCT2217100PE.NFO,03/10/2022,09:27:21,175.25,175.15,200,175.3,50,700,3634350
NIFTY06OCT2217100PE.NFO,03/10/2022,09:27:22,176.45,176.6,50,176.85,300,10700,3634350
NIFTY06OCT2217100PE.NFO,03/10/2022,09:27:23,177.25,177.2,250,177.55,100,15850,3634350
NIFTY06OCT2217100PE.NFO,03/10/2022,09:27:24,177.95,177.7,50,177.95,150,4500,3634350
NIFTY06OCT2217100PE.NFO,03/10/2022,09:27:26,180,179.85,250,180.15,150,27650,3634350
NIFTY06OCT2217100PE.NFO,03/10/2022,09:27:27,181.75,181.25,250,181.55,250,9250,3634350
NIFTY06OCT2217100PE.NFO,03/10/2022,09:27:29,182.85,182.7,250,182.8,50,16950,3634350
NIFTY06OCT2217100PE.NFO,03/10/2022,09:27:30,182.85,182.55,300,182.85,50,14600,3634350
NIFTY06OCT2217100PE.NFO,03/10/2022,09:27:31,182.9,182.7,150,183.05,250,12150,3634350
NIFTY06OCT2217100PE.NFO,03/10/2022,09:27:32,182.7,182.45,50,182.7,250,11200,3634350
NIFTY06OCT2217100PE.NFO,03/10/2022,09:27:33,183,182.85,50,183.2,200,12950,3634350
NIFTY06OCT2217100PE.NFO,03/10/2022,09:27:35,183.55,183.3,150,183.6,200,8150,3634350
NIFTY06OCT2217100PE.NFO,03/10/2022,09:27:36,182.55,182.45,150,182.75,100,14050,3634350
NIFTY06OCT2217100PE.NFO,03/10/2022,09:27:37,181.15,181.1,100,181.25,250,4450,3634350
NIFTY06OCT2217100PE.NFO,03/10/2022,09:27:38,181.7,181.7,100,182.05,250,12050,3634350
NIFTY06OCT2217100PE.NFO,03/10/2022,09:27:40,182.4,182.15,100,182.35,50,10650,3634350
NIFTY06OCT2217100PE.NFO,03/10/2022,09:27:41,181.35,181.2,50,181.55,250,11450,3634350
NIFTY06OCT2217100PE.NFO,03/10/2022,09:27:42,181.3,181.75,50,182,950,6100,3634350
NIFTY06OCT2217100PE.NFO,03/10/2022,09:27:43,180.45,180.6,50,180.8,50,4900,3634350
NIFTY06OCT2217100PE.NFO,03/10/2022,09:27:45,181.9,181.55,200,181.95,750,11900,3634350
NIFTY06OCT2217100PE.NFO,03/10/2022,09:27:46,180.95,180.55,550,181.05,650,1500,3634350
NIFTY06OCT2217100PE.NFO,03/10/2022,09:27:47,178.15,178,1400,178.15,50,11950,3634350
NIFTY06OCT2217100PE.NFO,03/10/2022,09:27:49,180.25,180.1,600,180.4,250,13050,3634350
NIFTY06OCT2217100PE.NFO,03/10/2022,09:27:50,180.2,179.8,250,180.15,250,4000,3634350
NIFTY06OCT2217100PE.NFO,03/10/2022,09:27:51,180.1,180.45,500,180.85,500,7200,3634350
NIFTY06OCT2217100PE.NFO,03/10/2022,09:27:52,179.9,179.85,150,180.15,250,1550,3634350
NIFTY06OCT2217100PE.NFO,03/10/2022,09:27:53,177.75,177.85,250,178.2,100,11150,3634350
NIFTY06OCT2217100PE.NFO,03/10/2022,09:27:55,179.25,179.1,150,179.4,200,6750,3634350
NIFTY06OCT2217100PE.NFO,03/10/2022,09:27:56,178.95,178.45,400,178.8,200,3650,3634350
NIFTY06OCT2217100PE.NFO,03/10/2022,09:27:57,177.8,177.7,200,178.1,450,5950,3634350
NIFTY06OCT2217100PE.NFO,03/10/2022,09:27:59,175.35,175.3,250,175.6,50,9950,3634350
NIFTY06OCT2217100PE.NFO,03/10/2022,09:28:00,178.1,178.2,150,178.4,150,12850,3634350
NIFTY06OCT2217100PE.NFO,03/10/2022,09:28:02,178.75,178.3,150,178.6,450,6500,3634350
NIFTY06OCT2217100PE.NFO,03/10/2022,09:28:03,180.35,180.3,750,180.7,150,9600,3634350
NIFTY06OCT2217100PE.NFO,03/10/2022,09:28:05,180.25,180.45,100,180.75,150,4350,3634350
NIFTY06OCT2217100PE.NFO,03/10/2022,09:28:06,179.95,180.05,300,180.35,100,2600,3634350
NIFTY06OCT2217100PE.NFO,03/10/2022,09:28:07,180.4,180.5,200,180.75,150,1300,3634350
NIFTY06OCT2217100PE.NFO,03/10/2022,09:28:08,180.4,180.5,250,180.85,200,3400,3634350
NIFTY06OCT2217100PE.NFO,03/10/2022,09:28:09,181.15,180.85,350,181.15,50,5700,3634350
NIFTY06OCT2217100PE.NFO,03/10/2022,09:28:10,181.4,181.4,100,181.75,350,8750,3634350
NIFTY06OCT2217100PE.NFO,03/10/2022,09:28:12,182.9,182.75,50,183,4250,3650,3634350
NIFTY06OCT2217100PE.NFO,03/10/2022,09:28:13,183.45,183.7,150,184,2150,9550,3634350
NIFTY06OCT2217100PE.NFO,03/10/2022,09:28:14,183.5,183.55,250,183.85,200,8350,3634350
NIFTY06OCT2217100PE.NFO,03/10/2022,09:28:16,182.9,182.7,200,182.95,350,9150,3634350
NIFTY06OCT2217100PE.NFO,03/10/2022,09:28:17,183.35,183.3,450,183.65,150,10200,3634350
NIFTY06OCT2217100PE.NFO,03/10/2022,09:28:18,184.25,183.85,150,184.15,250,5850,3634350
NIFTY06OCT2217100PE.NFO,03/10/2022,09:28:19,183,182.5,300,182.8,200,10950,3634350
NIFTY06OCT2217100PE.NFO,03/10/2022,09:28:20,182.1,182,550,182.4,500,24950,3634350
NIFTY06OCT2217100PE.NFO,03/10/2022,09:28:21,180.8,180.9,500,181.25,200,6550,3634350
NIFTY06OCT2217100PE.NFO,03/10/2022,09:28:23,182.55,182.45,300,182.8,250,5150,3634350
NIFTY06OCT2217100PE.NFO,03/10/2022,09:28:24,182.35,182.1,250,182.4,200,4850,3634350
NIFTY06OCT2217100PE.NFO,03/10/2022,09:28:25,181.75,181.7,500,182,250,3000,3634350
NIFTY06OCT2217100PE.NFO,03/10/2022,09:28:26,181.6,181.3,1150,181.6,550,5450,3634350
NIFTY06OCT2217100PE.NFO,03/10/2022,09:28:28,180.9,180.85,50,181.1,100,19050,3634350
NIFTY06OCT2217100PE.NFO,03/10/2022,09:28:29,181.55,181,450,181.45,500,5650,3634350
NIFTY06OCT2217100PE.NFO,03/10/2022,09:28:30,181.4,181.4,100,181.7,50,4750,3634350
NIFTY06OCT2217100PE.NFO,03/10/2022,09:28:32,182.6,182.6,150,182.95,450,7150,3634350
NIFTY06OCT2217100PE.NFO,03/10/2022,09:28:33,182.6,182.6,150,182.95,450,0,3634350
NIFTY06OCT2217100PE.NFO,03/10/2022,09:28:34,182.65,182.35,100,182.7,50,14800,3634350
NIFTY06OCT2217100PE.NFO,03/10/2022,09:28:35,182.55,182,400,182.4,900,3500,3634350
NIFTY06OCT2217100PE.NFO,03/10/2022,09:28:36,182.8,182.5,150,182.75,250,4050,3634350
NIFTY06OCT2217100PE.NFO,03/10/2022,09:28:38,182.65,182.35,50,182.6,250,6700,3634350
NIFTY06OCT2217100PE.NFO,03/10/2022,09:28:39,182.65,182.5,400,182.65,200,2300,3634350
NIFTY06OCT2217100PE.NFO,03/10/2022,09:28:40,183.3,183,50,183.3,350,8850,3634350
NIFTY06OCT2217100PE.NFO,03/10/2022,09:28:41,183.25,182.8,450,183.2,250,5300,3634350
NIFTY06OCT2217100PE.NFO,03/10/2022,09:28:42,182.25,182.3,250,182.6,300,3900,3634350
NIFTY06OCT2217100PE.NFO,03/10/2022,09:28:44,181.65,181.8,250,182.05,150,4150,3634350
NIFTY06OCT2217100PE.NFO,03/10/2022,09:28:45,181.95,181.55,250,181.9,250,5050,3634350
NIFTY06OCT2217100PE.NFO,03/10/2022,09:28:46,181.05,181,1100,181.15,300,3300,3634350
NIFTY06OCT2217100PE.NFO,03/10/2022,09:28:48,182.6,182.4,150,182.75,250,6350,3634350
NIFTY06OCT2217100PE.NFO,03/10/2022,09:28:49,183.25,182.9,150,183.25,150,5550,3634350
NIFTY06OCT2217100PE.NFO,03/10/2022,09:28:50,183.25,182.95,150,183.2,300,2200,3634350
NIFTY06OCT2217100PE.NFO,03/10/2022,09:28:51,181.85,181.85,450,182.1,50,4600,3634350
NIFTY06OCT2217100PE.NFO,03/10/2022,09:28:52,181.95,181.65,200,181.95,200,1350,3634350
NIFTY06OCT2217100PE.NFO,03/10/2022,09:28:53,182.55,182.4,100,182.8,250,2900,3634350
NIFTY06OCT2217100PE.NFO,03/10/2022,09:28:54,181.85,181.75,50,181.9,200,2850,3634350
NIFTY06OCT2217100PE.NFO,03/10/2022,09:28:56,180.8,180.6,250,180.9,150,6350,3634350
NIFTY06OCT2217100PE.NFO,03/10/2022,09:28:57,181.75,181.65,150,181.75,200,4300,3634350
NIFTY06OCT2217100PE.NFO,03/10/2022,09:28:58,181.8,181.9,250,182,100,6750,3634350
NIFTY06OCT2217100PE.NFO,03/10/2022,09:28:59,181.45,181.7,150,181.95,150,700,3634350
NIFTY06OCT2217100PE.NFO,03/10/2022,09:29:00,179.85,179.85,500,180.3,200,11100,3634350
NIFTY06OCT2217100PE.NFO,03/10/2022,09:29:01,182,181.95,100,182.25,100,4150,3634350
NIFTY06OCT2217100PE.NFO,03/10/2022,09:29:02,183,182.8,400,183,2850,3450,3634350
NIFTY06OCT2217100PE.NFO,03/10/2022,09:29:04,184.7,184.75,50,184.95,350,15350,3634350
NIFTY06OCT2217100PE.NFO,03/10/2022,09:29:05,186.25,186.25,100,186.55,600,29300,3634350
NIFTY06OCT2217100PE.NFO,03/10/2022,09:29:07,186,185.5,300,185.75,500,7100,3634350
NIFTY06OCT2217100PE.NFO,03/10/2022,09:29:08,185.3,185.05,150,185.4,250,5850,3634350
NIFTY06OCT2217100PE.NFO,03/10/2022,09:29:09,182.6,182.7,300,182.85,100,24300,3634350
NIFTY06OCT2217100PE.NFO,03/10/2022,09:29:10,180.9,180.8,1300,180.95,50,13450,3634350
NIFTY06OCT2217100PE.NFO,03/10/2022,09:29:11,181.4,181.15,100,181.4,150,1750,3634350
NIFTY06OCT2217100PE.NFO,03/10/2022,09:29:13,180.15,179.85,200,180.15,100,17250,3634350
NIFTY06OCT2217100PE.NFO,03/10/2022,09:29:14,182,182,150,182.3,150,6000,3634350
NIFTY06OCT2217100PE.NFO,03/10/2022,09:29:16,182.55,182.35,650,182.7,300,3800,3634350
NIFTY06OCT2217100PE.NFO,03/10/2022,09:29:17,182.35,182,200,182.35,300,2000,3634350
NIFTY06OCT2217100PE.NFO,03/10/2022,09:29:18,182.7,182.65,400,182.95,50,2400,3634350
NIFTY06OCT2217100PE.NFO,03/10/2022,09:29:19,182.25,181.85,200,182.15,150,4050,3634350
NIFTY06OCT2217100PE.NFO,03/10/2022,09:29:21,180.65,180.65,150,180.95,450,3800,3634350
NIFTY06OCT2217100PE.NFO,03/10/2022,09:29:22,180.7,180.5,150,180.85,150,1950,3634350
NIFTY06OCT2217100PE.NFO,03/10/2022,09:29:23,182.05,181.7,150,182,200,4050,3634350
NIFTY06OCT2217100PE.NFO,03/10/2022,09:29:24,183.05,182.7,150,182.95,300,5850,3608200
NIFTY06OCT2217100PE.NFO,03/10/2022,09:29:26,181.35,181.3,150,181.6,150,1650,3608200
NIFTY06OCT2217100PE.NFO,03/10/2022,09:29:27,180.85,180.6,250,180.85,50,3450,3608200
NIFTY06OCT2217100PE.NFO,03/10/2022,09:29:28,181,180.7,200,180.95,250,950,3608200
NIFTY06OCT2217100PE.NFO,03/10/2022,09:29:29,181.3,181.25,400,181.55,250,2400,3608200
NIFTY06OCT2217100PE.NFO,03/10/2022,09:29:30,183.25,183.15,350,183.45,350,3300,3608200
NIFTY06OCT2217100PE.NFO,03/10/2022,09:29:32,183.1,182.6,200,183,250,2250,3608200
NIFTY06OCT2217100PE.NFO,03/10/2022,09:29:33,183.4,183.5,300,183.85,150,3250,3608200
NIFTY06OCT2217100PE.NFO,03/10/2022,09:29:34,184.45,184.3,450,184.45,100,8150,3608200
NIFTY06OCT2217100PE.NFO,03/10/2022,09:29:35,184.7,184.35,100,184.7,100,11400,3608200
NIFTY06OCT2217100PE.NFO,03/10/2022,09:29:37,184.4,183.9,200,184.2,150,1700,3608200
NIFTY06OCT2217100PE.NFO,03/10/2022,09:29:38,184.25,184,150,184.35,350,2150,3608200
NIFTY06OCT2217100PE.NFO,03/10/2022,09:29:39,184.5,184.45,250,184.8,200,3750,3608200
NIFTY06OCT2217100PE.NFO,03/10/2022,09:29:40,184.4,184.4,50,184.7,150,2200,3608200
NIFTY06OCT2217100PE.NFO,03/10/2022,09:29:41,185.55,185.35,400,185.7,250,3700,3608200
NIFTY06OCT2217100PE.NFO,03/10/2022,09:29:42,185.2,184.95,100,185.25,150,2500,3608200
NIFTY06OCT2217100PE.NFO,03/10/2022,09:29:43,185.2,185.25,250,185.6,200,3950,3608200
NIFTY06OCT2217100PE.NFO,03/10/2022,09:29:44,185.2,184.8,100,185.15,150,4150,3608200
NIFTY06OCT2217100PE.NFO,03/10/2022,09:29:46,184.85,184.8,250,185.05,750,6050,3608200
NIFTY06OCT2217100PE.NFO,03/10/2022,09:29:47,185.4,185.3,100,185.4,250,3400,3608200
NIFTY06OCT2217100PE.NFO,03/10/2022,09:29:48,185.9,185.5,250,185.8,400,15950,3608200
NIFTY06OCT2217100PE.NFO,03/10/2022,09:29:50,186,185.4,50,185.6,50,4850,3608200
NIFTY06OCT2217100PE.NFO,03/10/2022,09:29:51,186.05,185.85,200,186.1,150,6950,3608200
NIFTY06OCT2217100PE.NFO,03/10/2022,09:29:52,185.9,185.7,250,185.9,150,4950,3608200
NIFTY06OCT2217100PE.NFO,03/10/2022,09:29:53,186,186.15,400,186.4,150,4000,3608200
NIFTY06OCT2217100PE.NFO,03/10/2022,09:29:54,186.7,186.35,250,186.75,150,12800,3608200
NIFTY06OCT2217100PE.NFO,03/10/2022,09:29:55,185.7,185.95,250,186.25,150,4400,3608200
NIFTY06OCT2217100PE.NFO,03/10/2022,09:29:57,186.45,186.05,150,186.4,250,2600,3608200
NIFTY06OCT2217100PE.NFO,03/10/2022,09:29:58,185.8,185.6,50,185.8,100,10050,3608200
NIFTY06OCT2217100PE.NFO,03/10/2022,09:29:59,186.6,186.6,400,186.9,100,11300,3608200
NIFTY06OCT2217100PE.NFO,03/10/2022,09:30:01,187.8,187.8,200,188.05,250,69850,3608200
NIFTY06OCT2217100PE.NFO,03/10/2022,09:30:02,190.45,190.1,50,190.45,250,13350,3608200
NIFTY06OCT2217100PE.NFO,03/10/2022,09:30:04,190.8,190.7,250,191.05,250,38150,3608200
NIFTY06OCT2217100PE.NFO,03/10/2022,09:30:05,191.4,191.45,250,191.85,100,22850,3608200
NIFTY06OCT2217100PE.NFO,03/10/2022,09:30:06,190.45,190.2,250,190.5,300,35250,3608200
NIFTY06OCT2217100PE.NFO,03/10/2022,09:30:07,191,190.65,250,191,1100,18350,3608200
NIFTY06OCT2217100PE.NFO,03/10/2022,09:30:09,191.15,191.1,250,191.45,250,17800,3608200
NIFTY06OCT2217100PE.NFO,03/10/2022,09:30:10,190.5,190.05,400,190.45,600,21000,3608200
NIFTY06OCT2217100PE.NFO,03/10/2022,09:30:11,191.35,190.95,250,191.35,150,14300,3608200
NIFTY06OCT2217100PE.NFO,03/10/2022,09:30:12,191.75,191.45,100,191.75,100,7200,3608200
NIFTY06OCT2217100PE.NFO,03/10/2022,09:30:13,191.4,191.25,700,191.4,100,9800,3608200
NIFTY06OCT2217100PE.NFO,03/10/2022,09:30:14,190.85,190.45,250,190.85,250,12100,3608200
NIFTY06OCT2217100PE.NFO,03/10/2022,09:30:16,191.8,191.45,200,191.75,250,16900,3608200
NIFTY06OCT2217100PE.NFO,03/10/2022,09:30:17,193.15,193.1,200,193.3,200,14300,3608200
NIFTY06OCT2217100PE.NFO,03/10/2022,09:30:19,193.8,193.5,250,193.85,300,16200,3608200
NIFTY06OCT2217100PE.NFO,03/10/2022,09:30:20,194.4,194.6,250,194.9,250,42900,3608200
NIFTY06OCT2217100PE.NFO,03/10/2022,09:30:22,195.65,195.35,100,195.6,250,11800,3608200
NIFTY06OCT2217100PE.NFO,03/10/2022,09:30:23,195,194.8,50,195.05,350,15850,3608200
NIFTY06OCT2217100PE.NFO,03/10/2022,09:30:24,196.45,196.45,50,196.75,50,18700,3608200
NIFTY06OCT2217100PE.NFO,03/10/2022,09:30:25,196.4,196.15,150,196.45,50,10200,3608200
NIFTY06OCT2217100PE.NFO,03/10/2022,09:30:26,196.25,196.2,300,196.35,200,8050,3608200
NIFTY06OCT2217100PE.NFO,03/10/2022,09:30:28,197,196.95,150,197.3,150,21950,3608200
NIFTY06OCT2217100PE.NFO,03/10/2022,09:30:29,197.55,197.45,150,197.8,100,9950,3608200
NIFTY06OCT2217100PE.NFO,03/10/2022,09:30:30,197.5,197.15,100,197.5,250,9550,3608200
NIFTY06OCT2217100PE.NFO,03/10/2022,09:30:31,197.15,197.25,50,197.65,250,5900,3608200
NIFTY06OCT2217100PE.NFO,03/10/2022,09:30:32,197.15,197,100,197.2,400,13450,3608200
NIFTY06OCT2217100PE.NFO,03/10/2022,09:30:34,196.8,196.75,350,197.2,200,16800,3608200
NIFTY06OCT2217100PE.NFO,03/10/2022,09:30:34,196.35,196.1,50,196.35,50,4450,3608200
NIFTY06OCT2217100PE.NFO,03/10/2022,09:30:36,197,196.6,200,197,600,12500,3608200
NIFTY06OCT2217100PE.NFO,03/10/2022,09:30:37,196.65,196.55,150,197,2200,5700,3608200
NIFTY06OCT2217100PE.NFO,03/10/2022,09:30:38,196.7,196.15,400,196.55,250,10050,3608200
NIFTY06OCT2217100PE.NFO,03/10/2022,09:30:39,196,195.65,250,196,500,1800,3608200
NIFTY06OCT2217100PE.NFO,03/10/2022,09:30:40,195,195,750,195.2,400,13650,3608200
NIFTY06OCT2217100PE.NFO,03/10/2022,09:30:42,195.55,195.55,50,196,400,26500,3608200
NIFTY06OCT2217100PE.NFO,03/10/2022,09:30:43,195.85,195.5,200,195.85,550,12050,3608200
NIFTY06OCT2217100PE.NFO,03/10/2022,09:30:44,196.55,196.3,250,196.65,150,16900,3608200
NIFTY06OCT2217100PE.NFO,03/10/2022,09:30:46,195.55,195.25,200,195.6,50,5800,3608200
NIFTY06OCT2217100PE.NFO,03/10/2022,09:30:47,195.3,195.05,200,195.35,200,7200,3608200
NIFTY06OCT2217100PE.NFO,03/10/2022,09:30:48,193.35,193.1,50,193.35,50,15300,3608200
NIFTY06OCT2217100PE.NFO,03/10/2022,09:30:50,192.15,191.75,150,192.15,150,10950,3608200
NIFTY06OCT2217100PE.NFO,03/10/2022,09:30:51,191.15,190.85,250,191.25,100,18250,3608200
NIFTY06OCT2217100PE.NFO,03/10/2022,09:30:52,192.2,192.3,150,192.65,200,9950,3608200
NIFTY06OCT2217100PE.NFO,03/10/2022,09:30:54,192.25,192,50,192.25,850,9350,3608200
NIFTY06OCT2217100PE.NFO,03/10/2022,09:30:55,191.9,191.9,200,192.2,100,6600,3608200
NIFTY06OCT2217100PE.NFO,03/10/2022,09:30:56,191.6,191.35,150,191.6,50,6650,3608200
NIFTY06OCT2217100PE.NFO,03/10/2022,09:30:58,191.8,191.7,50,191.8,50,7500,3608200
NIFTY06OCT2217100PE.NFO,03/10/2022,09:30:59,190.7,190.55,250,190.9,1150,5800,3608200
NIFTY06OCT2217100PE.NFO,03/10/2022,09:31:00,191.1,190.65,200,191.05,50,2800,3608200
NIFTY06OCT2217100PE.NFO,03/10/2022,09:31:01,192,191.9,150,192.3,400,10700,3608200
NIFTY06OCT2217100PE.NFO,03/10/2022,09:31:02,191.1,191,900,191.1,50,8100,3608200
NIFTY06OCT2217100PE.NFO,03/10/2022,09:31:03,190.95,190.9,200,191.35,200,7250,3608200
NIFTY06OCT2217100PE.NFO,03/10/2022,09:31:05,191.15,190.55,350,190.95,50,6800,3608200
NIFTY06OCT2217100PE.NFO,03/10/2022,09:31:06,190.65,190.6,50,190.95,50,2950,3608200
NIFTY06OCT2217100PE.NFO,03/10/2022,09:31:07,189.65,189.7,200,190,100,57200,3608200
NIFTY06OCT2217100PE.NFO,03/10/2022,09:31:09,188.7,188.35,250,188.65,100,7200,3608200
NIFTY06OCT2217100PE.NFO,03/10/2022,09:31:10,187.9,187.6,200,187.9,150,11900,3608200
NIFTY06OCT2217100PE.NFO,03/10/2022,09:31:11,188.45,188.35,250,188.75,300,18200,3608200
NIFTY06OCT2217100PE.NFO,03/10/2022,09:31:12,188.15,188.05,200,188.4,300,7550,3608200
NIFTY06OCT2217100PE.NFO,03/10/2022,09:31:14,187.5,187.05,50,187.45,50,9200,3608200
NIFTY06OCT2217100PE.NFO,03/10/2022,09:31:15,186,185.6,200,185.9,200,6150,3608200
NIFTY06OCT2217100PE.NFO,03/10/2022,09:31:16,186,186,50,186.3,50,16400,3608200
NIFTY06OCT2217100PE.NFO,03/10/2022,09:31:18,185,185,2850,185.25,600,8450,3608200
NIFTY06OCT2217100PE.NFO,03/10/2022,09:31:19,183.95,183.35,50,183.7,150,15750,3608200
NIFTY06OCT2217100PE.NFO,03/10/2022,09:31:21,180.6,180.9,250,181.25,150,16550,3608200
NIFTY06OCT2217100PE.NFO,03/10/2022,09:31:22,180.35,180.5,400,180.85,200,8450,3608200
NIFTY06OCT2217100PE.NFO,03/10/2022,09:31:24,180.35,180,150,180.2,100,14650,3608200
NIFTY06OCT2217100PE.NFO,03/10/2022,09:31:25,177.85,177.6,50,177.9,200,16600,3608200
NIFTY06OCT2217100PE.NFO,03/10/2022,09:31:27,176.25,175.95,100,176.3,100,16950,3608200
NIFTY06OCT2217100PE.NFO,03/10/2022,09:31:28,176.9,176.8,200,177.05,150,8150,3608200
NIFTY06OCT2217100PE.NFO,03/10/2022,09:31:30,177.6,177.6,200,177.9,250,8850,3608200
NIFTY06OCT2217100PE.NFO,03/10/2022,09:31:31,178.5,178.5,200,178.8,100,13350,3608200
NIFTY06OCT2217100PE.NFO,03/10/2022,09:31:33,179.4,179.35,150,179.7,250,17000,3608200
NIFTY06OCT2217100PE.NFO,03/10/2022,09:31:34,179.55,179,250,179.25,100,5700,3608200
NIFTY06OCT2217100PE.NFO,03/10/2022,09:31:35,179.15,179.1,100,179.25,600,4700,3608200
NIFTY06OCT2217100PE.NFO,03/10/2022,09:31:36,184.15,183.85,200,184.15,100,31150,3608200
NIFTY06OCT2217100PE.NFO,03/10/2022,09:31:38,183.6,183.25,150,183.5,100,29350,3608200
NIFTY06OCT2217100PE.NFO,03/10/2022,09:31:40,186.35,185.95,50,186.3,200,12800,3608200
NIFTY06OCT2217100PE.NFO,03/10/2022,09:31:41,187.2,186.55,300,186.9,50,5250,3608200
NIFTY06OCT2217100PE.NFO,03/10/2022,09:31:43,186.75,186.35,200,186.65,250,10100,3608200
NIFTY06OCT2217100PE.NFO,03/10/2022,09:31:44,185.1,185.2,200,185.5,1100,9050,3608200
NIFTY06OCT2217100PE.NFO,03/10/2022,09:31:46,185.45,185.4,700,185.8,150,8000,3608200
NIFTY06OCT2217100PE.NFO,03/10/2022,09:31:47,184.7,184.45,50,184.75,400,4350,3608200
NIFTY06OCT2217100PE.NFO,03/10/2022,09:31:48,182.5,182.1,50,182.3,200,10150,3608200
NIFTY06OCT2217100PE.NFO,03/10/2022,09:31:50,180.05,180,100,180.4,300,9300,3608200
NIFTY06OCT2217100PE.NFO,03/10/2022,09:31:52,180.3,180.15,250,180.35,400,9850,3608200
NIFTY06OCT2217100PE.NFO,03/10/2022,09:31:53,180.05,180.15,100,180.5,450,3900,3608200
NIFTY06OCT2217100PE.NFO,03/10/2022,09:31:54,179.75,179.4,250,179.75,200,5800,3608200
NIFTY06OCT2217100PE.NFO,03/10/2022,09:31:55,180.8,180.8,150,181,100,3150,3608200
NIFTY06OCT2217100PE.NFO,03/10/2022,09:31:57,179.15,178.85,50,179.15,100,11950,3608200
NIFTY06OCT2217100PE.NFO,03/10/2022,09:31:59,178.4,178.1,650,178.4,200,8250,3608200
NIFTY06OCT2217100PE.NFO,03/10/2022,09:32:00,178.9,178.95,150,179.2,400,16800,3608200
NIFTY06OCT2217100PE.NFO,03/10/2022,09:32:02,177.4,176.7,50,177.05,200,5900,3608200
NIFTY06OCT2217100PE.NFO,03/10/2022,09:32:03,177.75,177.15,200,177.5,300,2850,3608200
NIFTY06OCT2217100PE.NFO,03/10/2022,09:32:05,178.5,178.15,500,178.5,150,7950,3608200
NIFTY06OCT2217100PE.NFO,03/10/2022,09:32:06,179.6,179.9,350,180.1,50,12000,3608200
NIFTY06OCT2217100PE.NFO,03/10/2022,09:32:07,180.5,180.45,200,180.75,100,10700,3608200
NIFTY06OCT2217100PE.NFO,03/10/2022,09:32:09,182.6,182.1,200,182.35,50,8950,3608200
NIFTY06OCT2217100PE.NFO,03/10/2022,09:32:11,180.3,179.9,400,180.25,100,11650,3608200
NIFTY06OCT2217100PE.NFO,03/10/2022,09:32:12,179.7,179.45,200,179.75,100,6950,3608200
NIFTY06OCT2217100PE.NFO,03/10/2022,09:32:13,178.05,177.7,100,178,200,5550,3608200
NIFTY06OCT2217100PE.NFO,03/10/2022,09:32:14,178.7,178.65,200,179,300,6650,3608200
NIFTY06OCT2217100PE.NFO,03/10/2022,09:32:16,179.2,178.95,200,179.3,150,4500,3608200
NIFTY06OCT2217100PE.NFO,03/10/2022,09:32:17,178.85,178.6,50,179,250,2750,3608200
NIFTY06OCT2217100PE.NFO,03/10/2022,09:32:18,179.7,179.35,250,179.75,350,3600,3608200
NIFTY06OCT2217100PE.NFO,03/10/2022,09:32:19,179.65,179.25,200,179.65,850,2400,3608200
NIFTY06OCT2217100PE.NFO,03/10/2022,09:32:21,180.6,180.5,250,180.9,250,6900,3608200
NIFTY06OCT2217100PE.NFO,03/10/2022,09:32:22,181.6,181.45,150,181.75,50,17000,3608200
NIFTY06OCT2217100PE.NFO,03/10/2022,09:32:24,182.2,182.35,100,182.55,400,8000,3608200
NIFTY06OCT2217100PE.NFO,03/10/2022,09:32:25,181.95,181.9,50,182.15,50,4300,3608200
NIFTY06OCT2217100PE.NFO,03/10/2022,09:32:26,180.65,180.5,50,180.65,2450,6500,3626000
NIFTY06OCT2217100PE.NFO,03/10/2022,09:32:28,181.6,181.4,750,181.7,50,5750,3626000
NIFTY06OCT2217100PE.NFO,03/10/2022,09:32:29,181.35,181.05,50,181.35,300,4000,3626000
NIFTY06OCT2217100PE.NFO,03/10/2022,09:32:30,181.5,181.35,200,181.7,350,3600,3626000
NIFTY06OCT2217100PE.NFO,03/10/2022,09:32:31,182.1,182.1,100,182.4,250,1700,3626000
NIFTY06OCT2217100PE.NFO,03/10/2022,09:32:32,181.25,180.9,200,181.25,350,4650,3626000
NIFTY06OCT2217100PE.NFO,03/10/2022,09:32:33,181,180.25,250,180.6,200,10500,3626000
NIFTY06OCT2217100PE.NFO,03/10/2022,09:32:35,180.9,180.95,50,181.3,450,13400,3626000
NIFTY06OCT2217100PE.NFO,03/10/2022,09:32:36,181.15,180.95,150,181.25,50,2150,3626000
NIFTY06OCT2217100PE.NFO,03/10/2022,09:32:37,180.95,180.7,50,180.95,200,2850,3626000
NIFTY06OCT2217100PE.NFO,03/10/2022,09:32:39,180.6,180.45,250,180.8,650,3650,3626000
NIFTY06OCT2217100PE.NFO,03/10/2022,09:32:39,180,179.65,50,179.8,300,2100,3626000
NIFTY06OCT2217100PE.NFO,03/10/2022,09:32:41,180.2,180.2,300,180.55,50,4600,3626000
NIFTY06OCT2217100PE.NFO,03/10/2022,09:32:42,179.25,178.9,50,179.25,250,5600,3626000
NIFTY06OCT2217100PE.NFO,03/10/2022,09:32:44,178.95,178.65,350,179.05,700,4600,3626000
NIFTY06OCT2217100PE.NFO,03/10/2022,09:32:45,179.2,179.7,100,180,900,4600,3626000
NIFTY06OCT2217100PE.NFO,03/10/2022,09:32:47,181.45,181.75,100,181.95,100,6650,3626000
NIFTY06OCT2217100PE.NFO,03/10/2022,09:32:48,180.85,180.6,150,180.75,300,3450,3626000
NIFTY06OCT2217100PE.NFO,03/10/2022,09:32:50,180.7,180.4,300,180.7,100,1600,3626000
NIFTY06OCT2217100PE.NFO,03/10/2022,09:32:51,181.1,181.3,200,181.5,50,2550,3626000
NIFTY06OCT2217100PE.NFO,03/10/2022,09:32:52,181,181,50,181.3,150,2450,3626000
NIFTY06OCT2217100PE.NFO,03/10/2022,09:32:53,180.9,180.5,200,180.8,50,1050,3626000
NIFTY06OCT2217100PE.NFO,03/10/2022,09:32:54,180.4,180.4,50,180.8,200,2400,3626000
NIFTY06OCT2217100PE.NFO,03/10/2022,09:32:55,178.6,178.6,50,178.85,50,3500,3626000
NIFTY06OCT2217100PE.NFO,03/10/2022,09:32:56,179.6,179.4,150,179.75,300,3350,3626000
NIFTY06OCT2217100PE.NFO,03/10/2022,09:32:58,179.35,179.3,50,179.6,150,2850,3626000
NIFTY06OCT2217100PE.NFO,03/10/2022,09:32:59,179.2,178.85,650,179.2,200,3400,3626000
NIFTY06OCT2217100PE.NFO,03/10/2022,09:33:00,179.4,179.2,200,179.45,250,1800,3626000
NIFTY06OCT2217100PE.NFO,03/10/2022,09:33:01,179.1,178.8,50,179.1,100,3000,3626000
NIFTY06OCT2217100PE.NFO,03/10/2022,09:33:01,178.75,178.7,300,178.95,300,1650,3626000
NIFTY06OCT2217100PE.NFO,03/10/2022,09:33:02,178.25,178.15,150,178.45,50,1400,3626000
NIFTY06OCT2217100PE.NFO,03/10/2022,09:33:04,177.15,177.15,50,177.35,150,10750,3626000
NIFTY06OCT2217100PE.NFO,03/10/2022,09:33:05,177.85,177.85,300,178.05,1250,2400,3626000
NIFTY06OCT2217100PE.NFO,03/10/2022,09:33:06,179.2,179.15,50,179.35,50,1900,3626000
NIFTY06OCT2217100PE.NFO,03/10/2022,09:33:06,180.25,180.1,200,180.3,100,4400,3626000
NIFTY06OCT2217100PE.NFO,03/10/2022,09:33:08,180.95,180.95,250,181.25,300,10350,3626000
NIFTY06OCT2217100PE.NFO,03/10/2022,09:33:09,181.65,181.55,100,181.8,150,2600,3626000
NIFTY06OCT2217100PE.NFO,03/10/2022,09:33:10,183.55,183.55,250,183.85,200,3050,3626000
NIFTY06OCT2217100PE.NFO,03/10/2022,09:33:11,184,184.1,150,184.35,50,850,3626000
NIFTY06OCT2217100PE.NFO,03/10/2022,09:33:13,185.7,185.6,150,185.85,50,16000,3626000
NIFTY06OCT2217100PE.NFO,03/10/2022,09:33:15,184.5,184.2,200,184.5,50,12550,3626000
NIFTY06OCT2217100PE.NFO,03/10/2022,09:33:16,184.35,183.95,50,184.25,300,6900,3626000
NIFTY06OCT2217100PE.NFO,03/10/2022,09:33:17,183.1,182.7,200,183,150,8000,3626000
NIFTY06OCT2217100PE.NFO,03/10/2022,09:33:19,181.6,181.35,50,181.65,550,7600,3626000
NIFTY06OCT2217100PE.NFO,03/10/2022,09:33:20,181.8,181.6,300,181.8,50,4550,3626000
NIFTY06OCT2217100PE.NFO,03/10/2022,09:33:22,181.1,180.4,250,180.7,200,2150,3626000
NIFTY06OCT2217100PE.NFO,03/10/2022,09:33:23,181.5,181.35,150,181.7,350,3000,3626000
NIFTY06OCT2217100PE.NFO,03/10/2022,09:33:24,182.25,182.25,100,182.55,50,5300,3626000
NIFTY06OCT2217100PE.NFO,03/10/2022,09:33:25,181.9,181.65,50,181.85,50,1500,3626000
NIFTY06OCT2217100PE.NFO,03/10/2022,09:33:27,182.95,183.2,200,183.4,50,4600,3626000
NIFTY06OCT2217100PE.NFO,03/10/2022,09:33:28,183.1,182.6,200,182.9,250,1650,3626000
NIFTY06OCT2217100PE.NFO,03/10/2022,09:33:29,183.3,183.05,200,183.35,50,2450,3626000
NIFTY06OCT2217100PE.NFO,03/10/2022,09:33:30,184,183.85,500,184,50,2450,3626000
NIFTY06OCT2217100PE.NFO,03/10/2022,09:33:32,184.7,184.35,150,184.7,200,9300,3626000
NIFTY06OCT2217100PE.NFO,03/10/2022,09:33:33,184.65,184.5,150,184.75,50,2250,3626000
NIFTY06OCT2217100PE.NFO,03/10/2022,09:33:34,184.35,184.1,100,184.35,200,6100,3626000
NIFTY06OCT2217100PE.NFO,03/10/2022,09:33:35,184.4,184.3,200,184.6,250,4700,3626000
NIFTY06OCT2217100PE.NFO,03/10/2022,09:33:36,185.05,185.05,250,185.3,50,3050,3626000
NIFTY06OCT2217100PE.NFO,03/10/2022,09:33:38,184.9,184.8,250,185.15,250,4950,3626000
NIFTY06OCT2217100PE.NFO,03/10/2022,09:33:39,185,185.05,200,185.25,200,2250,3626000
NIFTY06OCT2217100PE.NFO,03/10/2022,09:33:40,185.45,185.35,250,185.6,200,7600,3626000
NIFTY06OCT2217100PE.NFO,03/10/2022,09:33:42,185.15,184.5,200,184.85,150,4400,3626000
NIFTY06OCT2217100PE.NFO,03/10/2022,09:33:43,184.8,184.3,450,184.6,750,2550,3626000
NIFTY06OCT2217100PE.NFO,03/10/2022,09:33:44,184.05,183.8,150,184.1,200,3350,3626000
NIFTY06OCT2217100PE.NFO,03/10/2022,09:33:45,184.95,184.65,200,184.95,50,2800,3626000
NIFTY06OCT2217100PE.NFO,03/10/2022,09:33:46,185.25,184.95,50,185.3,100,1350,3626000
NIFTY06OCT2217100PE.NFO,03/10/2022,09:33:47,185.8,185.6,250,185.95,250,2850,3626000
NIFTY06OCT2217100PE.NFO,03/10/2022,09:33:48,184.8,184.7,250,185,100,4300,3626000
NIFTY06OCT2217100PE.NFO,03/10/2022,09:33:49,185.8,185.5,250,185.8,200,2550,3626000
NIFTY06OCT2217100PE.NFO,03/10/2022,09:33:51,185.05,185,250,185.15,150,3150,3626000
NIFTY06OCT2217100PE.NFO,03/10/2022,09:33:52,183.9,183.75,150,184,450,5200,3626000
NIFTY06OCT2217100PE.NFO,03/10/2022,09:33:53,183.5,183.15,300,183.5,700,6250,3626000
NIFTY06OCT2217100PE.NFO,03/10/2022,09:33:54,183.75,183.25,200,183.6,250,3050,3626000
NIFTY06OCT2217100PE.NFO,03/10/2022,09:33:56,182.8,182.8,150,183.05,50,4100,3626000
NIFTY06OCT2217100PE.NFO,03/10/2022,09:33:57,183.4,183.3,200,183.65,400,3650,3626000
NIFTY06OCT2217100PE.NFO,03/10/2022,09:33:58,182.75,183.05,250,183.35,200,3900,3626000
NIFTY06OCT2217100PE.NFO,03/10/2022,09:33:59,184.75,184.75,100,185,2250,3550,3626000
NIFTY06OCT2217100PE.NFO,03/10/2022,09:34:01,186.55,185.95,300,186.2,100,7350,3626000
NIFTY06OCT2217100PE.NFO,03/10/2022,09:34:02,187.85,187.65,200,187.85,50,11600,3626000
NIFTY06OCT2217100PE.NFO,03/10/2022,09:34:03,188.55,188.35,250,188.65,150,5450,3626000
NIFTY06OCT2217100PE.NFO,03/10/2022,09:34:05,188.65,188.65,250,188.95,400,27050,3626000
NIFTY06OCT2217100PE.NFO,03/10/2022,09:34:07,190.25,190.6,200,190.9,250,8300,3626000
NIFTY06OCT2217100PE.NFO,03/10/2022,09:34:08,190.85,190.45,350,190.8,150,6650,3626000
NIFTY06OCT2217100PE.NFO,03/10/2022,09:34:09,191.95,191.65,150,191.95,200,16700,3626000
NIFTY06OCT2217100PE.NFO,03/10/2022,09:34:11,192.55,192.25,300,192.6,50,9650,3626000
NIFTY06OCT2217100PE.NFO,03/10/2022,09:34:12,195.3,195.4,250,195.45,50,23200,3626000
NIFTY06OCT2217100PE.NFO,03/10/2022,09:34:14,194.55,194.25,200,194.6,450,9350,3626000
NIFTY06OCT2217100PE.NFO,03/10/2022,09:34:15,195.65,195.35,100,195.7,250,14100,3626000
NIFTY06OCT2217100PE.NFO,03/10/2022,09:34:16,195.9,195.85,250,195.95,50,3800,3626000
NIFTY06OCT2217100PE.NFO,03/10/2022,09:34:18,195.6,195.25,50,195.65,450,38050,3626000
NIFTY06OCT2217100PE.NFO,03/10/2022,09:34:19,196.55,196.55,200,196.95,350,9600,3626000
NIFTY06OCT2217100PE.NFO,03/10/2022,09:34:21,197,197,150,197.4,250,10650,3626000
NIFTY06OCT2217100PE.NFO,03/10/2022,09:34:22,196.85,197.1,50,197.45,300,8300,3626000
NIFTY06OCT2217100PE.NFO,03/10/2022,09:34:23,196.7,196.7,200,197,150,15250,3626000
NIFTY06OCT2217100PE.NFO,03/10/2022,09:34:25,197.05,197.05,200,197.25,50,17000,3626000
NIFTY06OCT2217100PE.NFO,03/10/2022,09:34:27,197.7,197.85,200,198,50,25500,3626000
NIFTY06OCT2217100PE.NFO,03/10/2022,09:34:28,197.55,197.75,250,198.15,100,12700,3626000
NIFTY06OCT2217100PE.NFO,03/10/2022,09:34:29,198.05,198.1,150,198.5,150,9550,3626000
NIFTY06OCT2217100PE.NFO,03/10/2022,09:34:31,197.35,197.1,50,197.35,200,8950,3626000
NIFTY06OCT2217100PE.NFO,03/10/2022,09:34:32,199,198.3,200,198.7,450,17200,3626000
NIFTY06OCT2217100PE.NFO,03/10/2022,09:34:33,197.6,197.6,50,198,800,15500,3626000
NIFTY06OCT2217100PE.NFO,03/10/2022,09:34:35,197.1,196.8,150,197.15,100,18750,3626000
NIFTY06OCT2217100PE.NFO,03/10/2022,09:34:36,197.95,197.55,200,197.95,100,12750,3626000
NIFTY06OCT2217100PE.NFO,03/10/2022,09:34:37,196.45,197.05,150,197.35,50,7500,3626000
NIFTY06OCT2217100PE.NFO,03/10/2022,09:34:39,197.35,197.35,100,197.7,100,8700,3626000
NIFTY06OCT2217100PE.NFO,03/10/2022,09:34:40,198.7,198.55,50,198.7,450,7900,3626000
NIFTY06OCT2217100PE.NFO,03/10/2022,09:34:41,200,199.9,300,200,30400,25550,3626000
NIFTY06OCT2217100PE.NFO,03/10/2022,09:34:43,200.65,200.95,150,201.3,150,51500,3626000
NIFTY06OCT2217100PE.NFO,03/10/2022,09:34:45,201.45,201.1,50,201.35,200,18500,3626000
NIFTY06OCT2217100PE.NFO,03/10/2022,09:34:46,200.85,200.45,50,200.75,150,11550,3626000
NIFTY06OCT2217100PE.NFO,03/10/2022,09:34:47,200.35,200,1350,200.35,150,10650,3626000
NIFTY06OCT2217100PE.NFO,03/10/2022,09:34:48,201,201,150,201.4,550,13500,3626000
NIFTY06OCT2217100PE.NFO,03/10/2022,09:34:50,202.3,201.75,150,202.1,50,4300,3626000
NIFTY06OCT2217100PE.NFO,03/10/2022,09:34:51,200.75,201.1,200,201.4,200,14750,3626000
NIFTY06OCT2217100PE.NFO,03/10/2022,09:34:52,199,199,2550,199.4,200,17500,3626000
NIFTY06OCT2217100PE.NFO,03/10/2022,09:34:53,201.75,201.55,50,202,2000,8950,3626000
NIFTY06OCT2217100PE.NFO,03/10/2022,09:34:55,200.6,200.4,50,200.6,350,20500,3626000
NIFTY06OCT2217100PE.NFO,03/10/2022,09:34:57,199.1,199.1,150,199.35,150,12050,3626000
NIFTY06OCT2217100PE.NFO,03/10/2022,09:34:58,199.35,199.75,50,200,1350,7150,3626000
NIFTY06OCT2217100PE.NFO,03/10/2022,09:34:59,198.5,198.4,200,198.8,200,7400,3626000
NIFTY06OCT2217100PE.NFO,03/10/2022,09:35:00,199.5,199.6,400,200,1500,6450,3626000
NIFTY06OCT2217100PE.NFO,03/10/2022,09:35:01,200.7,200.5,50,200.7,150,9300,3626000
NIFTY06OCT2217100PE.NFO,03/10/2022,09:35:03,200.5,200.2,50,200.5,50,7900,3626000
NIFTY06OCT2217100PE.NFO,03/10/2022,09:35:04,200.6,200.5,50,200.6,200,5750,3626000
NIFTY06OCT2217100PE.NFO,03/10/2022,09:35:05,200.45,200.15,150,200.5,200,13900,3626000
NIFTY06OCT2217100PE.NFO,03/10/2022,09:35:06,200.95,200.65,50,201.05,100,15600,3626000
NIFTY06OCT2217100PE.NFO,03/10/2022,09:35:08,200.65,200.15,250,200.5,150,12750,3626000
NIFTY06OCT2217100PE.NFO,03/10/2022,09:35:09,197.95,197.8,200,198.2,150,13150,3626000
NIFTY06OCT2217100PE.NFO,03/10/2022,09:35:11,198.45,199.45,100,199.7,50,8200,3626000
NIFTY06OCT2217100PE.NFO,03/10/2022,09:35:12,197.75,197.75,200,198.15,300,8850,3626000
NIFTY06OCT2217100PE.NFO,03/10/2022,09:35:14,197.65,197.2,750,197.65,150,5850,3626000
NIFTY06OCT2217100PE.NFO,03/10/2022,09:35:15,197.7,197.4,400,197.8,150,5300,3626000
NIFTY06OCT2217100PE.NFO,03/10/2022,09:35:17,195.95,195.9,100,196.25,100,10900,3626000
NIFTY06OCT2217100PE.NFO,03/10/2022,09:35:18,196.35,196.35,100,196.65,50,19850,3626000
NIFTY06OCT2217100PE.NFO,03/10/2022,09:35:19,195.75,195.9,250,196.3,250,9650,3626000
NIFTY06OCT2217100PE.NFO,03/10/2022,09:35:20,194.6,194.5,200,194.75,250,8500,3626000
NIFTY06OCT2217100PE.NFO,03/10/2022,09:35:22,194.1,194.1,100,194.55,200,10750,3626000
NIFTY06OCT2217100PE.NFO,03/10/2022,09:35:23,196,195.75,300,196.2,400,4650,3626000
NIFTY06OCT2217100PE.NFO,03/10/2022,09:35:25,195.5,195.8,300,196.2,200,13100,3626000
NIFTY06OCT2217100PE.NFO,03/10/2022,09:35:26,195.05,195.15,150,195.6,250,5300,3626000
NIFTY06OCT2217100PE.NFO,03/10/2022,09:35:28,192.6,192.55,50,192.7,250,8050,3641900
NIFTY06OCT2217100PE.NFO,03/10/2022,09:35:29,192,191.45,200,191.95,150,8750,3641900
NIFTY06OCT2217100PE.NFO,03/10/2022,09:35:31,193.8,193.45,550,193.9,150,9500,3641900
NIFTY06OCT2217100PE.NFO,03/10/2022,09:35:32,192.85,192.6,150,193,50,6250,3641900
NIFTY06OCT2217100PE.NFO,03/10/2022,09:35:33,192.8,192.7,150,193.1,300,10300,3641900
NIFTY06OCT2217100PE.NFO,03/10/2022,09:35:35,192.3,191.8,200,192.25,450,5100,3641900
NIFTY06OCT2217100PE.NFO,03/10/2022,09:35:36,193,193.05,150,193.35,50,9250,3641900
NIFTY06OCT2217100PE.NFO,03/10/2022,09:35:37,194.25,194.45,150,194.7,50,3050,3641900
NIFTY06OCT2217100PE.NFO,03/10/2022,09:35:38,195.85,195.55,250,195.95,50,6000,3641900
NIFTY06OCT2217100PE.NFO,03/10/2022,09:35:40,195,195,200,195.3,50,5500,3641900
NIFTY06OCT2217100PE.NFO,03/10/2022,09:35:41,197.5,197.1,50,197.45,200,7050,3641900
NIFTY06OCT2217100PE.NFO,03/10/2022,09:35:42,198.05,197.9,50,198.05,150,6450,3641900
NIFTY06OCT2217100PE.NFO,03/10/2022,09:35:43,197.05,196.7,50,197.05,200,5300,3641900
NIFTY06OCT2217100PE.NFO,03/10/2022,09:35:45,197.05,197,150,197.2,50,5200,3641900
NIFTY06OCT2217100PE.NFO,03/10/2022,09:35:46,198,197.6,350,198,100,3500,3641900
NIFTY06OCT2217100PE.NFO,03/10/2022,09:35:47,196.75,196.6,150,197,200,3200,3641900
NIFTY06OCT2217100PE.NFO,03/10/2022,09:35:48,197,196.85,50,197,50,4850,3641900
NIFTY06OCT2217100PE.NFO,03/10/2022,09:35:49,197.05,196.95,100,197.25,50,3100,3641900
NIFTY06OCT2217100PE.NFO,03/10/2022,09:35:50,196.35,196.05,50,196.2,100,4750,3641900
NIFTY06OCT2217100PE.NFO,03/10/2022,09:35:52,197.9,197.55,200,197.9,200,4150,3641900
NIFTY06OCT2217100PE.NFO,03/10/2022,09:35:53,197.75,197.4,50,197.75,50,4150,3641900
NIFTY06OCT2217100PE.NFO,03/10/2022,09:35:54,199,198.5,100,198.95,250,6200,3641900
NIFTY06OCT2217100PE.NFO,03/10/2022,09:35:55,198.65,198.6,200,199.05,200,2750,3641900
NIFTY06OCT2217100PE.NFO,03/10/2022,09:35:57,199.15,199.15,150,199.6,450,18650,3641900
NIFTY06OCT2217100PE.NFO,03/10/2022,09:35:58,200.55,200.25,150,200.65,150,10500,3641900
NIFTY06OCT2217100PE.NFO,03/10/2022,09:35:59,200.65,200.65,50,200.85,200,11600,3641900
NIFTY06OCT2217100PE.NFO,03/10/2022,09:36:01,200.15,200.65,150,200.9,500,12300,3641900
NIFTY06OCT2217100PE.NFO,03/10/2022,09:36:02,202,201.7,300,202,2100,4550,3641900
NIFTY06OCT2217100PE.NFO,03/10/2022,09:36:03,200.7,200.5,200,200.75,150,22050,3641900
NIFTY06OCT2217100PE.NFO,03/10/2022,09:36:04,201.6,201.25,100,201.65,100,7400,3641900
NIFTY06OCT2217100PE.NFO,03/10/2022,09:36:06,202.7,202.6,250,202.8,50,5000,3641900
NIFTY06OCT2217100PE.NFO,03/10/2022,09:36:07,203.15,202.75,50,203.1,100,15900,3641900
NIFTY06OCT2217100PE.NFO,03/10/2022,09:36:09,203.25,203.1,250,203.3,50,7150,3641900
NIFTY06OCT2217100PE.NFO,03/10/2022,09:36:10,204,203.5,200,204,3500,3750,3641900
NIFTY06OCT2217100PE.NFO,03/10/2022,09:36:11,204.75,204.3,100,204.7,100,25100,3641900
NIFTY06OCT2217100PE.NFO,03/10/2022,09:36:13,204.15,203.8,350,204.25,150,15550,3641900
NIFTY06OCT2217100PE.NFO,03/10/2022,09:36:14,204.45,203.7,500,204.15,100,13300,3641900
NIFTY06OCT2217100PE.NFO,03/10/2022,09:36:15,205.45,205,100,205.4,150,32000,3641900
NIFTY06OCT2217100PE.NFO,03/10/2022,09:36:17,207,206.75,50,207,1100,16800,3641900
NIFTY06OCT2217100PE.NFO,03/10/2022,09:36:18,209.85,209.8,250,210,8100,46300,3641900
NIFTY06OCT2217100PE.NFO,03/10/2022,09:36:20,213.2,212.8,150,213.2,250,41200,3641900
NIFTY06OCT2217100PE.NFO,03/10/2022,09:36:21,211.5,211.1,250,211.5,250,20300,3641900
NIFTY06OCT2217100PE.NFO,03/10/2022,09:36:22,212.15,211.65,150,212.15,50,26600,3641900
NIFTY06OCT2217100PE.NFO,03/10/2022,09:36:24,212.2,212.35,50,212.6,100,27200,3641900
NIFTY06OCT2217100PE.NFO,03/10/2022,09:36:25,212.95,213,100,213.4,250,12550,3641900
NIFTY06OCT2217100PE.NFO,03/10/2022,09:36:26,214.2,213.8,200,214.25,50,18950,3641900
NIFTY06OCT2217100PE.NFO,03/10/2022,09:36:27,214.65,214.35,150,214.8,200,17000,3641900
NIFTY06OCT2217100PE.NFO,03/10/2022,09:36:29,216.5,216.55,50,216.8,350,39950,3641900
NIFTY06OCT2217100PE.NFO,03/10/2022,09:36:30,216.4,216.45,150,216.85,150,32350,3641900
NIFTY06OCT2217100PE.NFO,03/10/2022,09:36:32,216.4,216.05,150,216.4,100,28450,3641900
NIFTY06OCT2217100PE.NFO,03/10/2022,09:36:33,216.7,216.5,250,217,150,16450,3641900
NIFTY06OCT2217100PE.NFO,03/10/2022,09:36:34,216.1,215.85,250,216.4,150,12550,3641900
NIFTY06OCT2217100PE.NFO,03/10/2022,09:36:36,214,214.1,200,214.45,200,36250,3641900
NIFTY06OCT2217100PE.NFO,03/10/2022,09:36:37,212.95,212.95,350,213.35,250,22450,3641900
NIFTY06OCT2217100PE.NFO,03/10/2022,09:36:39,213.8,213.8,350,214.3,150,19800,3641900
NIFTY06OCT2217100PE.NFO,03/10/2022,09:36:40,214.95,214.35,500,215,400,15300,3641900
NIFTY06OCT2217100PE.NFO,03/10/2022,09:36:42,213.05,212.6,150,213,150,17700,3641900
NIFTY06OCT2217100PE.NFO,03/10/2022,09:36:43,212.35,212.1,50,212.4,150,12550,3641900
NIFTY06OCT2217100PE.NFO,03/10/2022,09:36:45,211.7,211.7,150,212.1,200,19950,3641900
NIFTY06OCT2217100PE.NFO,03/10/2022,09:36:46,212.1,212.05,50,212.4,400,6800,3641900
NIFTY06OCT2217100PE.NFO,03/10/2022,09:36:47,209.05,208.75,50,209.2,100,19200,3641900
NIFTY06OCT2217100PE.NFO,03/10/2022,09:36:49,208.3,207.9,350,208.35,150,12800,3641900
NIFTY06OCT2217100PE.NFO,03/10/2022,09:36:50,210.5,210.7,350,211,100,5450,3641900
NIFTY06OCT2217100PE.NFO,03/10/2022,09:36:51,212.35,212.4,100,212.75,100,15850,3641900
NIFTY06OCT2217100PE.NFO,03/10/2022,09:36:52,211.5,211.45,50,211.85,100,8800,3641900
NIFTY06OCT2217100PE.NFO,03/10/2022,09:36:54,211.9,212.05,200,212.55,350,5100,3641900
NIFTY06OCT2217100PE.NFO,03/10/2022,09:36:55,212.35,212.35,100,212.8,250,5400,3641900
NIFTY06OCT2217100PE.NFO,03/10/2022,09:36:56,212.95,212.45,50,212.95,250,4550,3641900
NIFTY06OCT2217100PE.NFO,03/10/2022,09:36:57,212.9,212.95,200,213.35,150,4100,3641900
NIFTY06OCT2217100PE.NFO,03/10/2022,09:36:58,213.8,213.45,200,213.95,150,7550,3641900
NIFTY06OCT2217100PE.NFO,03/10/2022,09:36:59,212.4,212.2,50,212.4,100,4600,3641900
NIFTY06OCT2217100PE.NFO,03/10/2022,09:37:00,212.4,212.2,50,212.4,100,0,3641900
NIFTY06OCT2217100PE.NFO,03/10/2022,09:37:02,213,212.6,200,212.95,150,19850,3641900
NIFTY06OCT2217100PE.NFO,03/10/2022,09:37:03,213.85,213.4,200,213.9,200,5800,3641900
NIFTY06OCT2217100PE.NFO,03/10/2022,09:37:04,214,214,50,214.4,150,5150,3641900
NIFTY06OCT2217100PE.NFO,03/10/2022,09:37:06,214.15,213.85,50,214.2,50,6900,3641900
NIFTY06OCT2217100PE.NFO,03/10/2022,09:37:07,213.1,213.1,100,213.4,100,11100,3641900
NIFTY06OCT2217100PE.NFO,03/10/2022,09:37:08,210.7,210.5,200,210.95,300,9900,3641900
NIFTY06OCT2217100PE.NFO,03/10/2022,09:37:09,212.3,212.1,200,212.5,150,16900,3641900
NIFTY06OCT2217100PE.NFO,03/10/2022,09:37:10,213.1,212.6,200,213,250,7600,3641900
NIFTY06OCT2217100PE.NFO,03/10/2022,09:37:12,213,212.8,50,213,50,4700,3641900
NIFTY06OCT2217100PE.NFO,03/10/2022,09:37:13,212.4,212.05,150,212.4,50,15150,3641900
NIFTY06OCT2217100PE.NFO,03/10/2022,09:37:14,211.4,211,250,211.45,150,2700,3641900
NIFTY06OCT2217100PE.NFO,03/10/2022,09:37:16,210.7,210.25,150,210.7,100,4000,3641900
NIFTY06OCT2217100PE.NFO,03/10/2022,09:37:17,210,209.8,200,210,6500,20350,3641900
NIFTY06OCT2217100PE.NFO,03/10/2022,09:37:18,209.75,209.95,300,210.4,200,15400,3641900
NIFTY06OCT2217100PE.NFO,03/10/2022,09:37:20,211.7,211.35,300,211.75,150,8950,3641900
NIFTY06OCT2217100PE.NFO,03/10/2022,09:37:21,212.25,212.2,150,212.55,100,26200,3641900
NIFTY06OCT2217100PE.NFO,03/10/2022,09:37:22,212,211.7,300,212.1,250,5700,3641900
NIFTY06OCT2217100PE.NFO,03/10/2022,09:37:23,213.35,212.8,200,213.3,600,5650,3641900
NIFTY06OCT2217100PE.NFO,03/10/2022,09:37:24,213.95,214.15,50,214.45,150,29900,3641900
NIFTY06OCT2217100PE.NFO,03/10/2022,09:37:26,214.15,213.55,150,214,350,7900,3641900
NIFTY06OCT2217100PE.NFO,03/10/2022,09:37:27,213.8,213.7,100,214,200,6050,3641900
NIFTY06OCT2217100PE.NFO,03/10/2022,09:37:28,214.3,214.2,50,214.5,300,3250,3641900
NIFTY06OCT2217100PE.NFO,03/10/2022,09:37:29,215.05,215.15,50,215.4,200,6550,3641900
NIFTY06OCT2217100PE.NFO,03/10/2022,09:37:31,215.3,214.95,150,215.4,200,15150,3641900
NIFTY06OCT2217100PE.NFO,03/10/2022,09:37:32,216.4,215.95,50,216.25,150,4750,3641900
NIFTY06OCT2217100PE.NFO,03/10/2022,09:37:33,216.15,215.95,100,216.35,250,6700,3641900
NIFTY06OCT2217100PE.NFO,03/10/2022,09:37:34,216.55,216.65,50,216.7,50,6200,3641900
NIFTY06OCT2217100PE.NFO,03/10/2022,09:37:35,215.45,215,750,215.4,50,9150,3641900
NIFTY06OCT2217100PE.NFO,03/10/2022,09:37:37,214.6,214.2,150,214.6,300,11950,3641900
NIFTY06OCT2217100PE.NFO,03/10/2022,09:37:38,213.8,213.8,200,214.2,200,3950,3641900
NIFTY06OCT2217100PE.NFO,03/10/2022,09:37:39,215.75,215.3,150,215.8,200,9850,3641900
NIFTY06OCT2217100PE.NFO,03/10/2022,09:37:40,214.7,214.25,150,214.7,550,5850,3641900
NIFTY06OCT2217100PE.NFO,03/10/2022,09:37:41,215.6,215.5,50,215.7,300,2600,3641900
NIFTY06OCT2217100PE.NFO,03/10/2022,09:37:42,216.2,216.2,50,216.6,200,6350,3641900
NIFTY06OCT2217100PE.NFO,03/10/2022,09:37:44,215.3,215.25,250,215.5,350,8100,3641900
NIFTY06OCT2217100PE.NFO,03/10/2022,09:37:45,216,216,1200,216.3,200,5350,3641900
NIFTY06OCT2217100PE.NFO,03/10/2022,09:37:46,217.15,216.8,400,217.25,50,14800,3641900
NIFTY06OCT2217100PE.NFO,03/10/2022,09:37:47,217.7,217.4,250,217.75,100,7450,3641900
NIFTY06OCT2217100PE.NFO,03/10/2022,09:37:49,215.55,215.55,50,215.6,100,17850,3641900
NIFTY06OCT2217100PE.NFO,03/10/2022,09:37:50,216,215.7,50,216.05,250,13400,3641900
NIFTY06OCT2217100PE.NFO,03/10/2022,09:37:52,214.35,214,1350,214.35,200,8800,3641900
NIFTY06OCT2217100PE.NFO,03/10/2022,09:37:53,213.55,213.15,150,213.55,50,19050,3641900
NIFTY06OCT2217100PE.NFO,03/10/2022,09:37:54,213.7,213.8,150,214.05,200,2500,3641900
NIFTY06OCT2217100PE.NFO,03/10/2022,09:37:56,216.2,215.75,100,216.2,450,15200,3641900
NIFTY06OCT2217100PE.NFO,03/10/2022,09:37:57,215.7,215.5,50,215.8,200,7850,3641900
NIFTY06OCT2217100PE.NFO,03/10/2022,09:37:59,214.9,215.2,150,215.55,200,4200,3641900
NIFTY06OCT2217100PE.NFO,03/10/2022,09:38:00,215,215.1,50,215.3,850,4450,3641900
NIFTY06OCT2217100PE.NFO,03/10/2022,09:38:01,216.1,216.05,100,216.5,400,3300,3641900
NIFTY06OCT2217100PE.NFO,03/10/2022,09:38:02,214.8,214.8,450,215.3,350,5800,3641900
NIFTY06OCT2217100PE.NFO,03/10/2022,09:38:03,214,213.8,150,214.25,200,3150,3641900
NIFTY06OCT2217100PE.NFO,03/10/2022,09:38:04,214.55,214.1,250,214.55,50,5400,3641900
NIFTY06OCT2217100PE.NFO,03/10/2022,09:38:05,214.85,214.55,50,214.9,300,4950,3641900
NIFTY06OCT2217100PE.NFO,03/10/2022,09:38:06,214.85,214.6,1850,215,2550,250,3641900
NIFTY06OCT2217100PE.NFO,03/10/2022,09:38:07,214.8,214.75,150,215.15,50,6450,3641900
NIFTY06OCT2217100PE.NFO,03/10/2022,09:38:08,216,215.85,250,216.35,150,10600,3641900
NIFTY06OCT2217100PE.NFO,03/10/2022,09:38:09,215.55,215.2,50,215.6,250,1700,3641900
NIFTY06OCT2217100PE.NFO,03/10/2022,09:38:10,216,215.6,200,216,150,3250,3641900
NIFTY06OCT2217100PE.NFO,03/10/2022,09:38:11,216.4,215.95,50,216.1,50,6800,3641900
NIFTY06OCT2217100PE.NFO,03/10/2022,09:38:12,216.4,216.05,150,216.55,400,3500,3641900
NIFTY06OCT2217100PE.NFO,03/10/2022,09:38:13,215.7,215.65,1800,216,150,3450,3641900
NIFTY06OCT2217100PE.NFO,03/10/2022,09:38:13,216,215.65,1750,216,400,250,3641900
NIFTY06OCT2217100PE.NFO,03/10/2022,09:38:14,215.55,215.5,150,215.9,150,4850,3641900
NIFTY06OCT2217100PE.NFO,03/10/2022,09:38:16,216.6,216.3,250,216.7,50,7650,3641900
NIFTY06OCT2217100PE.NFO,03/10/2022,09:38:17,216.5,216.1,100,216.55,200,2900,3641900
NIFTY06OCT2217100PE.NFO,03/10/2022,09:38:18,214.6,214.6,50,214.9,150,6550,3641900
NIFTY06OCT2217100PE.NFO,03/10/2022,09:38:19,214.5,214.25,200,214.6,100,5650,3641900
NIFTY06OCT2217100PE.NFO,03/10/2022,09:38:20,215.1,215.1,50,215.35,250,4600,3641900
NIFTY06OCT2217100PE.NFO,03/10/2022,09:38:21,213.65,213.6,250,213.9,150,3300,3641900
NIFTY06OCT2217100PE.NFO,03/10/2022,09:38:22,212,212,1000,212.25,150,5950,3641900
NIFTY06OCT2217100PE.NFO,03/10/2022,09:38:24,210.4,210.35,50,210.6,150,6150,3641900
NIFTY06OCT2217100PE.NFO,03/10/2022,09:38:25,210.8,210.85,250,211.3,300,6000,3641900
NIFTY06OCT2217100PE.NFO,03/10/2022,09:38:26,211.6,211.55,950,212,250,3300,3641900
NIFTY06OCT2217100PE.NFO,03/10/2022,09:38:27,212.3,212.3,100,212.65,200,4550,3435950
NIFTY06OCT2217100PE.NFO,03/10/2022,09:38:29,213.85,213.4,150,213.85,100,6450,3435950
NIFTY06OCT2217100PE.NFO,03/10/2022,09:38:30,214,213.85,50,214.3,200,2300,3435950
NIFTY06OCT2217100PE.NFO,03/10/2022,09:38:31,214.45,214.45,50,214.85,150,1650,3435950
NIFTY06OCT2217100PE.NFO,03/10/2022,09:38:32,215.4,215.35,200,215.85,200,4900,3435950
NIFTY06OCT2217100PE.NFO,03/10/2022,09:38:33,215.9,215.85,50,216.1,200,5600,3435950
NIFTY06OCT2217100PE.NFO,03/10/2022,09:38:35,216.1,216.1,150,216.25,1750,3150,3435950
NIFTY06OCT2217100PE.NFO,03/10/2022,09:38:36,215.7,215.3,300,215.65,50,2250,3435950
NIFTY06OCT2217100PE.NFO,03/10/2022,09:38:37,216.45,216.05,200,216.5,300,2900,3435950
NIFTY06OCT2217100PE.NFO,03/10/2022,09:38:38,216.7,216.2,400,216.65,300,1850,3435950
NIFTY06OCT2217100PE.NFO,03/10/2022,09:38:39,215.4,215.5,200,215.85,150,8600,3435950
NIFTY06OCT2217100PE.NFO,03/10/2022,09:38:40,215.7,215.7,200,216,450,900,3435950
NIFTY06OCT2217100PE.NFO,03/10/2022,09:38:41,215.45,215.35,450,215.65,50,950,3435950
NIFTY06OCT2217100PE.NFO,03/10/2022,09:38:42,213.85,213,350,213.4,150,8350,3435950
NIFTY06OCT2217100PE.NFO,03/10/2022,09:38:44,214.55,214.5,150,214.8,150,3150,3435950
NIFTY06OCT2217100PE.NFO,03/10/2022,09:38:45,214.1,214,50,214.35,200,1900,3435950
NIFTY06OCT2217100PE.NFO,03/10/2022,09:38:46,215,215,200,215.35,50,1400,3435950
NIFTY06OCT2217100PE.NFO,03/10/2022,09:38:47,215.05,214.65,750,215.1,350,1350,3435950
NIFTY06OCT2217100PE.NFO,03/10/2022,09:38:49,215,214.8,250,215.25,50,8700,3435950
NIFTY06OCT2217100PE.NFO,03/10/2022,09:38:50,214.95,214.95,100,215.25,50,1400,3435950
NIFTY06OCT2217100PE.NFO,03/10/2022,09:38:51,215,215,550,215.4,200,1950,3435950
NIFTY06OCT2217100PE.NFO,03/10/2022,09:38:52,215.75,215.4,400,215.85,100,3000,3435950
NIFTY06OCT2217100PE.NFO,03/10/2022,09:38:54,215,215.15,150,215.4,150,5500,3435950
NIFTY06OCT2217100PE.NFO,03/10/2022,09:38:55,213.65,213.65,450,214.1,300,11150,3435950
NIFTY06OCT2217100PE.NFO,03/10/2022,09:38:56,214.05,213.45,150,213.9,50,2650,3435950
NIFTY06OCT2217100PE.NFO,03/10/2022,09:38:57,213.85,213.85,200,214.25,100,2650,3435950
NIFTY06OCT2217100PE.NFO,03/10/2022,09:38:58,214.15,214.35,150,214.75,100,550,3435950
NIFTY06OCT2217100PE.NFO,03/10/2022,09:38:59,215.35,215.3,250,215.7,450,4150,3435950
NIFTY06OCT2217100PE.NFO,03/10/2022,09:39:00,214.5,214.8,200,215.25,150,2700,3435950
NIFTY06OCT2217100PE.NFO,03/10/2022,09:39:01,215.6,215.65,100,215.9,50,1050,3435950
NIFTY06OCT2217100PE.NFO,03/10/2022,09:39:02,215.75,215.7,100,216,100,8800,3435950
NIFTY06OCT2217100PE.NFO,03/10/2022,09:39:03,216,215.65,50,216.05,250,3900,3435950
NIFTY06OCT2217100PE.NFO,03/10/2022,09:39:04,215.75,215.8,100,216.25,250,4150,3435950
NIFTY06OCT2217100PE.NFO,03/10/2022,09:39:05,214.6,214.3,250,214.7,800,6900,3435950
NIFTY06OCT2217100PE.NFO,03/10/2022,09:39:07,215.3,214.85,250,215.3,400,2600,3435950
NIFTY06OCT2217100PE.NFO,03/10/2022,09:39:08,215.2,214.9,250,215.3,200,3850,3435950
NIFTY06OCT2217100PE.NFO,03/10/2022,09:39:09,214.2,213.9,200,214.3,200,3950,3435950
NIFTY06OCT2217100PE.NFO,03/10/2022,09:39:10,214.2,213.6,200,213.9,150,450,3435950
NIFTY06OCT2217100PE.NFO,03/10/2022,09:39:11,214.7,214.7,150,214.9,200,3850,3435950
NIFTY06OCT2217100PE.NFO,03/10/2022,09:39:12,215.4,215.25,100,215.6,200,2100,3435950
NIFTY06OCT2217100PE.NFO,03/10/2022,09:39:13,215.5,215.5,100,215.9,300,3800,3435950
NIFTY06OCT2217100PE.NFO,03/10/2022,09:39:14,215.65,215.25,250,215.6,200,3550,3435950
NIFTY06OCT2217100PE.NFO,03/10/2022,09:39:15,214.75,214.75,150,215.1,200,4950,3435950
NIFTY06OCT2217100PE.NFO,03/10/2022,09:39:16,214.05,214.15,350,214.6,300,5400,3435950
NIFTY06OCT2217100PE.NFO,03/10/2022,09:39:17,214.4,214,850,214.1,50,1100,3435950
NIFTY06OCT2217100PE.NFO,03/10/2022,09:39:18,214,213.55,200,213.95,100,1650,3435950
NIFTY06OCT2217100PE.NFO,03/10/2022,09:39:19,213,212.8,50,213.15,150,1900,3435950
NIFTY06OCT2217100PE.NFO,03/10/2022,09:39:20,212.65,212.25,150,212.6,50,7550,3435950
NIFTY06OCT2217100PE.NFO,03/10/2022,09:39:21,211.85,211.65,50,211.9,200,6100,3435950
NIFTY06OCT2217100PE.NFO,03/10/2022,09:39:23,211.55,211.3,200,211.6,100,6200,3435950
NIFTY06OCT2217100PE.NFO,03/10/2022,09:39:24,210.9,210.95,50,211.25,150,2500,3435950
NIFTY06OCT2217100PE.NFO,03/10/2022,09:39:25,209,208.85,200,209.3,200,21750,3435950
NIFTY06OCT2217100PE.NFO,03/10/2022,09:39:26,208.85,208.4,150,208.8,250,6800,3435950
NIFTY06OCT2217100PE.NFO,03/10/2022,09:39:28,209.5,209.35,200,209.7,300,4800,3435950
NIFTY06OCT2217100PE.NFO,03/10/2022,09:39:29,209.8,209.4,250,209.75,250,3000,3435950
NIFTY06OCT2217100PE.NFO,03/10/2022,09:39:30,209,208.9,100,209.35,150,1850,3435950
NIFTY06OCT2217100PE.NFO,03/10/2022,09:39:31,208.5,208.15,200,208.6,150,1750,3435950
NIFTY06OCT2217100PE.NFO,03/10/2022,09:39:32,208.6,208.45,200,208.85,150,100,3435950
NIFTY06OCT2217100PE.NFO,03/10/2022,09:39:33,210,209.9,50,210.05,50,2600,3435950
NIFTY06OCT2217100PE.NFO,03/10/2022,09:39:34,210.65,210.3,150,210.7,100,4700,3435950
NIFTY06OCT2217100PE.NFO,03/10/2022,09:39:35,210.15,209.65,50,210.05,200,4950,3435950
NIFTY06OCT2217100PE.NFO,03/10/2022,09:39:36,210.9,210.5,250,210.9,150,1450,3435950
NIFTY06OCT2217100PE.NFO,03/10/2022,09:39:37,212.9,212.5,150,212.9,50,3950,3435950
NIFTY06OCT2217100PE.NFO,03/10/2022,09:39:39,211.75,211.4,200,211.8,300,4050,3435950
NIFTY06OCT2217100PE.NFO,03/10/2022,09:39:40,211.5,211.05,250,211.5,100,2300,3435950
NIFTY06OCT2217100PE.NFO,03/10/2022,09:39:41,211.7,211.7,250,212.1,150,1150,3435950
NIFTY06OCT2217100PE.NFO,03/10/2022,09:39:42,213.2,212.75,300,213.15,150,3250,3435950
NIFTY06OCT2217100PE.NFO,03/10/2022,09:39:43,213,212.85,200,213.3,250,1150,3435950
NIFTY06OCT2217100PE.NFO,03/10/2022,09:39:44,212.75,212.6,150,213,250,150,3435950
NIFTY06OCT2217100PE.NFO,03/10/2022,09:39:45,212.05,212,150,212.35,100,1500,3435950
NIFTY06OCT2217100PE.NFO,03/10/2022,09:39:46,211.75,211.8,150,212.2,50,4700,3435950
NIFTY06OCT2217100PE.NFO,03/10/2022,09:39:47,212.55,212.55,550,212.95,50,700,3435950
NIFTY06OCT2217100PE.NFO,03/10/2022,09:39:48,213.7,213.55,50,213.6,2800,750,3435950
NIFTY06OCT2217100PE.NFO,03/10/2022,09:39:49,214.6,214.35,250,214.75,150,4400,3435950
NIFTY06OCT2217100PE.NFO,03/10/2022,09:39:51,214.6,214.65,50,214.9,50,1500,3435950
NIFTY06OCT2217100PE.NFO,03/10/2022,09:39:52,215.15,215.1,350,215.55,100,10250,3435950
NIFTY06OCT2217100PE.NFO,03/10/2022,09:39:53,215.15,215.15,150,215.5,100,2400,3435950
NIFTY06OCT2217100PE.NFO,03/10/2022,09:39:54,215.6,215.4,150,215.85,250,9550,3435950
NIFTY06OCT2217100PE.NFO,03/10/2022,09:39:55,216.45,215.95,150,216.35,150,4650,3435950
NIFTY06OCT2217100PE.NFO,03/10/2022,09:39:57,216.2,216.25,50,216.5,900,5750,3435950
NIFTY06OCT2217100PE.NFO,03/10/2022,09:39:58,217.5,217.25,150,217.65,200,9700,3435950
NIFTY06OCT2217100PE.NFO,03/10/2022,09:40:00,218.9,218.45,100,218.8,150,11000,3435950
NIFTY06OCT2217100PE.NFO,03/10/2022,09:40:01,219.65,219.25,100,219.65,150,63200,3435950
NIFTY06OCT2217100PE.NFO,03/10/2022,09:40:03,218.8,218.8,300,219,3300,8950,3435950
NIFTY06OCT2217100PE.NFO,03/10/2022,09:40:04,218.8,218.55,150,218.95,50,14800,3435950
NIFTY06OCT2217100PE.NFO,03/10/2022,09:40:05,218.2,218.3,100,218.7,150,12700,3435950
NIFTY06OCT2217100PE.NFO,03/10/2022,09:40:06,220,219.4,200,219.95,250,18100,3435950
NIFTY06OCT2217100PE.NFO,03/10/2022,09:40:07,221,220.9,700,221.1,50,78450,3435950
NIFTY06OCT2217100PE.NFO,03/10/2022,09:40:09,222,221.9,400,222,500,30100,3435950
NIFTY06OCT2217100PE.NFO,03/10/2022,09:40:10,223.15,222.85,150,223.2,100,33700,3435950
NIFTY06OCT2217100PE.NFO,03/10/2022,09:40:12,223.1,223.05,250,223.5,150,27100,3435950
NIFTY06OCT2217100PE.NFO,03/10/2022,09:40:13,223.1,222.65,150,223.05,100,16300,3435950
NIFTY06OCT2217100PE.NFO,03/10/2022,09:40:14,220.95,220.5,250,221.05,300,15500,3435950
NIFTY06OCT2217100PE.NFO,03/10/2022,09:40:16,220.9,220.4,200,220.85,350,21650,3435950
NIFTY06OCT2217100PE.NFO,03/10/2022,09:40:17,219.2,218.65,50,219.2,300,17550,3435950
NIFTY06OCT2217100PE.NFO,03/10/2022,09:40:18,219.05,219.15,50,219.45,200,12100,3435950
NIFTY06OCT2217100PE.NFO,03/10/2022,09:40:19,218.8,218.4,100,218.85,800,6750,3435950
NIFTY06OCT2217100PE.NFO,03/10/2022,09:40:20,218.1,218,450,218.25,50,1300,3435950
NIFTY06OCT2217100PE.NFO,03/10/2022,09:40:22,218.15,218.2,200,218.7,250,12800,3435950
NIFTY06OCT2217100PE.NFO,03/10/2022,09:40:23,220.45,220.4,100,220.85,50,4500,3435950
NIFTY06OCT2217100PE.NFO,03/10/2022,09:40:24,220.45,220.45,100,220.85,150,4650,3435950
NIFTY06OCT2217100PE.NFO,03/10/2022,09:40:25,221.4,221,100,221.55,550,2200,3435950
