Ticker,Date,Time,LTP,BuyPrice,BuyQty,SellPrice,SellQty,LTQ,OpenInterest
NIFTY27OCT2217700PE.NFO,21/10/2022,09:15:02,189.15,189.15,400,192.85,400,2350,461050
NIFTY27OCT2217700PE.NFO,21/10/2022,09:15:02,193.05,189.15,400,192.85,400,0,461050
NIFTY27OCT2217700PE.NFO,21/10/2022,09:15:02,196.65,189.15,400,192.85,400,0,461050
NIFTY27OCT2217700PE.NFO,21/10/2022,09:15:02,188,189.15,400,192.85,400,0,461050
NIFTY27OCT2217700PE.NFO,21/10/2022,09:15:03,186.5,183.1,400,187.2,100,3050,461050
NIFTY27OCT2217700PE.NFO,21/10/2022,09:15:03,180.25,183.1,400,187.2,100,0,461050
NIFTY27OCT2217700PE.NFO,21/10/2022,09:15:04,185.6,185.6,400,190.15,300,2850,461050
NIFTY27OCT2217700PE.NFO,21/10/2022,09:15:06,195.25,193.65,50,195.3,50,3450,461050
NIFTY27OCT2217700PE.NFO,21/10/2022,09:15:07,193.95,191.8,50,193.95,400,5050,461050
NIFTY27OCT2217700PE.NFO,21/10/2022,09:15:08,191.6,190.35,50,191.65,250,3150,461050
NIFTY27OCT2217700PE.NFO,21/10/2022,09:15:09,191.95,191.65,50,192,200,2400,461050
NIFTY27OCT2217700PE.NFO,21/10/2022,09:15:11,192.55,192.1,100,192.9,100,15950,461050
NIFTY27OCT2217700PE.NFO,21/10/2022,09:15:12,191.1,190.1,50,190.8,200,3900,461050
NIFTY27OCT2217700PE.NFO,21/10/2022,09:15:13,189.4,189.4,50,189.45,100,4850,461050
NIFTY27OCT2217700PE.NFO,21/10/2022,09:15:14,188.25,187.6,200,188.5,200,7650,461050
NIFTY27OCT2217700PE.NFO,21/10/2022,09:15:15,186.95,185.65,50,186.35,400,3350,461050
NIFTY27OCT2217700PE.NFO,21/10/2022,09:15:17,183.8,183.2,200,183.8,50,7250,461050
NIFTY27OCT2217700PE.NFO,21/10/2022,09:15:18,182.9,182.5,200,183.25,50,2650,461050
NIFTY27OCT2217700PE.NFO,21/10/2022,09:15:19,180.6,179.8,350,180.6,50,5650,461050
NIFTY27OCT2217700PE.NFO,21/10/2022,09:15:19,179.4,179.8,350,180.6,50,0,461050
NIFTY27OCT2217700PE.NFO,21/10/2022,09:15:20,180,179.4,200,179.9,50,3950,461050
NIFTY27OCT2217700PE.NFO,21/10/2022,09:15:20,179.05,179.4,200,179.9,50,0,461050
NIFTY27OCT2217700PE.NFO,21/10/2022,09:15:21,180.5,179.55,50,180.5,500,4400,461050
NIFTY27OCT2217700PE.NFO,21/10/2022,09:15:21,176.4,179.55,50,180.5,500,0,461050
NIFTY27OCT2217700PE.NFO,21/10/2022,09:15:23,176.65,176.5,200,177.15,50,7400,461050
NIFTY27OCT2217700PE.NFO,21/10/2022,09:15:24,178.55,177.8,400,178.6,100,4050,461050
NIFTY27OCT2217700PE.NFO,21/10/2022,09:15:25,179.15,179.15,50,179.9,200,4150,461050
NIFTY27OCT2217700PE.NFO,21/10/2022,09:15:27,180.1,179.15,100,180,100,8650,461050
NIFTY27OCT2217700PE.NFO,21/10/2022,09:15:27,176.2,179.15,100,180,100,0,461050
NIFTY27OCT2217700PE.NFO,21/10/2022,09:15:28,176.35,176.75,50,177.55,50,8000,461050
NIFTY27OCT2217700PE.NFO,21/10/2022,09:15:28,175.75,176.75,50,177.55,50,0,461050
NIFTY27OCT2217700PE.NFO,21/10/2022,09:15:29,179.55,178.95,50,179.7,350,2700,461050
NIFTY27OCT2217700PE.NFO,21/10/2022,09:15:31,179.85,179.15,50,179.9,200,3450,461050
NIFTY27OCT2217700PE.NFO,21/10/2022,09:15:32,178.6,178.5,400,179.4,200,5000,461050
NIFTY27OCT2217700PE.NFO,21/10/2022,09:15:33,179,179.3,300,179.85,50,3850,461050
NIFTY27OCT2217700PE.NFO,21/10/2022,09:15:34,179.9,179.1,450,179.95,100,3950,461050
NIFTY27OCT2217700PE.NFO,21/10/2022,09:15:35,181,180.35,50,181,250,5050,461050
NIFTY27OCT2217700PE.NFO,21/10/2022,09:15:37,180.6,180.65,50,181.25,200,13350,461050
NIFTY27OCT2217700PE.NFO,21/10/2022,09:15:38,179.75,179.25,50,180,50,3650,461050
NIFTY27OCT2217700PE.NFO,21/10/2022,09:15:39,180.3,180.2,50,180.9,200,4150,461050
NIFTY27OCT2217700PE.NFO,21/10/2022,09:15:40,180.7,180.15,50,180.7,100,1900,461050
NIFTY27OCT2217700PE.NFO,21/10/2022,09:15:41,180.9,180.15,50,180.8,200,4850,461050
NIFTY27OCT2217700PE.NFO,21/10/2022,09:15:42,181.7,180.6,200,181.4,300,3400,461050
NIFTY27OCT2217700PE.NFO,21/10/2022,09:15:43,181.5,180.9,50,181.5,200,1200,461050
NIFTY27OCT2217700PE.NFO,21/10/2022,09:15:44,182.8,182.15,50,182.7,50,1400,461050
NIFTY27OCT2217700PE.NFO,21/10/2022,09:15:45,183,183.1,200,183.8,550,5100,461050
NIFTY27OCT2217700PE.NFO,21/10/2022,09:15:47,183.1,182.1,200,182.8,200,2300,461050
NIFTY27OCT2217700PE.NFO,21/10/2022,09:15:48,181.5,181.5,250,182.2,200,3000,461050
NIFTY27OCT2217700PE.NFO,21/10/2022,09:15:49,181.9,181.7,500,182.65,50,2400,461050
NIFTY27OCT2217700PE.NFO,21/10/2022,09:15:50,181,180.75,100,181.35,50,1750,461050
NIFTY27OCT2217700PE.NFO,21/10/2022,09:15:51,181.6,181.15,100,181.9,600,2400,461050
NIFTY27OCT2217700PE.NFO,21/10/2022,09:15:52,181.35,180.8,200,181.4,550,1750,461050
NIFTY27OCT2217700PE.NFO,21/10/2022,09:15:53,179.95,179.9,200,180.4,200,4650,461050
NIFTY27OCT2217700PE.NFO,21/10/2022,09:15:54,179.85,179.5,200,180,100,2250,461050
NIFTY27OCT2217700PE.NFO,21/10/2022,09:15:55,179.1,178.6,200,179.2,300,5000,461050
NIFTY27OCT2217700PE.NFO,21/10/2022,09:15:56,178.9,178.4,50,178.9,150,1800,461050
NIFTY27OCT2217700PE.NFO,21/10/2022,09:15:58,177.7,177.3,50,177.6,200,400,461050
NIFTY27OCT2217700PE.NFO,21/10/2022,09:15:59,176,175.95,500,176.25,50,5500,461050
NIFTY27OCT2217700PE.NFO,21/10/2022,09:16:00,175.4,175.2,50,175.6,200,4750,461050
NIFTY27OCT2217700PE.NFO,21/10/2022,09:16:00,175.1,175.2,50,175.6,200,0,461050
NIFTY27OCT2217700PE.NFO,21/10/2022,09:16:01,174.25,174.05,50,174.3,200,12350,461050
NIFTY27OCT2217700PE.NFO,21/10/2022,09:16:01,173.4,174.05,50,174.3,200,0,461050
NIFTY27OCT2217700PE.NFO,21/10/2022,09:16:02,172.65,172.5,50,172.9,600,9600,461050
NIFTY27OCT2217700PE.NFO,21/10/2022,09:16:02,172.05,172.5,50,172.9,600,0,461050
NIFTY27OCT2217700PE.NFO,21/10/2022,09:16:03,172.5,172.05,50,172.4,550,7050,461050
NIFTY27OCT2217700PE.NFO,21/10/2022,09:16:04,172,171.65,50,172,200,2850,461050
NIFTY27OCT2217700PE.NFO,21/10/2022,09:16:04,172,171.65,50,172,200,0,461050
NIFTY27OCT2217700PE.NFO,21/10/2022,09:16:05,170.2,170.15,50,170.3,200,3350,461050
NIFTY27OCT2217700PE.NFO,21/10/2022,09:16:05,170.1,170.15,50,170.3,200,0,461050
NIFTY27OCT2217700PE.NFO,21/10/2022,09:16:06,170,169.95,50,170.3,550,4750,461050
NIFTY27OCT2217700PE.NFO,21/10/2022,09:16:06,170,169.95,50,170.3,550,0,461050
NIFTY27OCT2217700PE.NFO,21/10/2022,09:16:08,169.75,169.4,50,169.8,200,4900,461050
NIFTY27OCT2217700PE.NFO,21/10/2022,09:16:08,169.5,169.4,50,169.8,200,0,461050
NIFTY27OCT2217700PE.NFO,21/10/2022,09:16:09,170.1,169.25,50,169.75,100,2750,461050
NIFTY27OCT2217700PE.NFO,21/10/2022,09:16:09,168.9,169.25,50,169.75,100,0,461050
NIFTY27OCT2217700PE.NFO,21/10/2022,09:16:10,168.65,168.1,100,168.65,100,3050,461050
NIFTY27OCT2217700PE.NFO,21/10/2022,09:16:10,168.1,168.1,100,168.65,100,0,461050
NIFTY27OCT2217700PE.NFO,21/10/2022,09:16:11,168.15,167.55,100,167.9,200,4350,461050
NIFTY27OCT2217700PE.NFO,21/10/2022,09:16:11,167.4,167.55,100,167.9,200,0,461050
NIFTY27OCT2217700PE.NFO,21/10/2022,09:16:12,168.55,168.1,100,168.45,50,3850,461050
NIFTY27OCT2217700PE.NFO,21/10/2022,09:16:13,168.15,167.95,100,168.3,50,2750,461050
NIFTY27OCT2217700PE.NFO,21/10/2022,09:16:14,170.2,170.6,50,170.85,100,4550,461050
NIFTY27OCT2217700PE.NFO,21/10/2022,09:16:15,169.9,169.35,100,169.65,50,4000,461050
NIFTY27OCT2217700PE.NFO,21/10/2022,09:16:16,171.15,170.55,50,171,550,4000,461050
NIFTY27OCT2217700PE.NFO,21/10/2022,09:16:18,171.6,171.55,50,172,400,950,461050
NIFTY27OCT2217700PE.NFO,21/10/2022,09:16:19,172.15,172.1,100,172.45,100,3000,461050
NIFTY27OCT2217700PE.NFO,21/10/2022,09:16:20,174.35,173.85,50,174.2,100,3300,461050
NIFTY27OCT2217700PE.NFO,21/10/2022,09:16:21,174.4,174.2,50,174.55,100,1000,461050
NIFTY27OCT2217700PE.NFO,21/10/2022,09:16:22,173.65,173.2,300,173.5,50,850,461050
NIFTY27OCT2217700PE.NFO,21/10/2022,09:16:23,172.45,172.15,100,172.45,50,250,461050
NIFTY27OCT2217700PE.NFO,21/10/2022,09:16:24,171.3,171.3,100,171.55,50,2350,461050
NIFTY27OCT2217700PE.NFO,21/10/2022,09:16:25,171.45,171.25,50,171.6,500,1050,461050
NIFTY27OCT2217700PE.NFO,21/10/2022,09:16:26,172.6,171.75,150,172.25,100,900,461050
NIFTY27OCT2217700PE.NFO,21/10/2022,09:16:27,173.05,173.05,100,173.2,200,850,461050
NIFTY27OCT2217700PE.NFO,21/10/2022,09:16:28,173.5,172.8,100,173.1,200,1600,461050
NIFTY27OCT2217700PE.NFO,21/10/2022,09:16:29,173.4,173.3,100,173.75,50,850,461050
NIFTY27OCT2217700PE.NFO,21/10/2022,09:16:30,174.05,174,300,174.35,100,1550,461050
NIFTY27OCT2217700PE.NFO,21/10/2022,09:16:31,174.95,175.05,100,175.45,100,6450,461050
NIFTY27OCT2217700PE.NFO,21/10/2022,09:16:32,174.85,174.7,300,175.1,50,3050,461050
NIFTY27OCT2217700PE.NFO,21/10/2022,09:16:33,176.55,175.9,100,176.25,100,2150,461050
NIFTY27OCT2217700PE.NFO,21/10/2022,09:16:34,173.75,173.35,100,173.7,200,3000,461050
NIFTY27OCT2217700PE.NFO,21/10/2022,09:16:35,173.95,173.65,100,173.9,50,2100,461050
NIFTY27OCT2217700PE.NFO,21/10/2022,09:16:36,174,174.05,100,174.35,400,850,461050
NIFTY27OCT2217700PE.NFO,21/10/2022,09:16:37,174.5,174.2,50,174.6,950,650,461050
NIFTY27OCT2217700PE.NFO,21/10/2022,09:16:38,174.75,174.65,50,174.85,500,1800,461050
NIFTY27OCT2217700PE.NFO,21/10/2022,09:16:39,175.8,175.05,100,175.6,50,9100,461050
NIFTY27OCT2217700PE.NFO,21/10/2022,09:16:40,175.6,175.45,50,175.8,100,4650,461050
NIFTY27OCT2217700PE.NFO,21/10/2022,09:16:41,176.3,176.2,200,176.65,100,3100,461050
NIFTY27OCT2217700PE.NFO,21/10/2022,09:16:42,175.25,174.85,100,175.25,50,5550,461050
NIFTY27OCT2217700PE.NFO,21/10/2022,09:16:43,174.4,174,150,174.1,50,750,461050
NIFTY27OCT2217700PE.NFO,21/10/2022,09:16:44,173.8,173.85,100,174.15,50,1650,461050
NIFTY27OCT2217700PE.NFO,21/10/2022,09:16:45,173.85,173.15,50,173.65,50,4750,461050
NIFTY27OCT2217700PE.NFO,21/10/2022,09:16:46,173.75,173.5,100,173.75,1500,1100,461050
NIFTY27OCT2217700PE.NFO,21/10/2022,09:16:47,174.8,174.7,200,174.95,100,3650,461050
NIFTY27OCT2217700PE.NFO,21/10/2022,09:16:48,174.55,173.85,100,174.3,100,1100,461050
NIFTY27OCT2217700PE.NFO,21/10/2022,09:16:49,173,172.6,50,172.95,50,1200,461050
NIFTY27OCT2217700PE.NFO,21/10/2022,09:16:51,173.7,173.7,100,174,250,4250,461050
NIFTY27OCT2217700PE.NFO,21/10/2022,09:16:51,175,174.95,50,175.25,100,250,461050
NIFTY27OCT2217700PE.NFO,21/10/2022,09:16:52,175.1,174.6,50,175.3,150,2950,461050
NIFTY27OCT2217700PE.NFO,21/10/2022,09:16:53,175,174.75,50,175.15,50,550,461050
NIFTY27OCT2217700PE.NFO,21/10/2022,09:16:54,173.45,173.25,50,173.6,50,3200,461050
NIFTY27OCT2217700PE.NFO,21/10/2022,09:16:55,172.65,172.8,100,173.2,50,4800,461050
NIFTY27OCT2217700PE.NFO,21/10/2022,09:16:56,174.8,174.35,50,174.8,1700,1500,461050
NIFTY27OCT2217700PE.NFO,21/10/2022,09:16:57,174.65,174.35,50,174.85,100,2600,461050
NIFTY27OCT2217700PE.NFO,21/10/2022,09:16:58,174.1,173.85,50,174.3,300,4500,461050
NIFTY27OCT2217700PE.NFO,21/10/2022,09:16:59,174.05,173.7,100,173.95,100,1000,461050
NIFTY27OCT2217700PE.NFO,21/10/2022,09:17:00,174.35,174.1,50,174.4,150,5550,461050
NIFTY27OCT2217700PE.NFO,21/10/2022,09:17:01,173.65,173.3,100,173.6,50,1700,461050
NIFTY27OCT2217700PE.NFO,21/10/2022,09:17:02,173.65,173.2,500,173.5,200,1100,461050
NIFTY27OCT2217700PE.NFO,21/10/2022,09:17:04,172.4,172.5,100,172.85,100,6400,461050
NIFTY27OCT2217700PE.NFO,21/10/2022,09:17:05,173.8,173.45,50,173.8,450,2350,461050
NIFTY27OCT2217700PE.NFO,21/10/2022,09:17:06,172.65,172.75,100,173.2,250,1650,461050
NIFTY27OCT2217700PE.NFO,21/10/2022,09:17:07,172.4,172.4,150,172.75,50,2050,461050
NIFTY27OCT2217700PE.NFO,21/10/2022,09:17:08,171.6,171.5,100,171.8,100,3450,461050
NIFTY27OCT2217700PE.NFO,21/10/2022,09:17:10,171.35,171.15,100,171.5,100,700,461050
NIFTY27OCT2217700PE.NFO,21/10/2022,09:17:11,171.9,171.6,150,171.9,350,3150,461050
NIFTY27OCT2217700PE.NFO,21/10/2022,09:17:12,170.4,170.25,200,170.75,100,2150,461050
NIFTY27OCT2217700PE.NFO,21/10/2022,09:17:13,171.8,171.65,50,171.9,200,3950,461050
NIFTY27OCT2217700PE.NFO,21/10/2022,09:17:14,172.65,172.6,50,172.9,50,3000,461050
NIFTY27OCT2217700PE.NFO,21/10/2022,09:17:15,172.6,172.35,50,172.8,100,1800,461050
NIFTY27OCT2217700PE.NFO,21/10/2022,09:17:17,172.1,172.55,150,172.8,100,1200,461050
NIFTY27OCT2217700PE.NFO,21/10/2022,09:17:18,170.9,170.75,50,171.05,50,3200,461050
NIFTY27OCT2217700PE.NFO,21/10/2022,09:17:19,171.45,171.05,100,171.4,50,2700,461050
NIFTY27OCT2217700PE.NFO,21/10/2022,09:17:20,172.45,172.6,50,172.9,100,4100,461050
NIFTY27OCT2217700PE.NFO,21/10/2022,09:17:21,171.65,171.25,100,171.6,50,850,644550
NIFTY27OCT2217700PE.NFO,21/10/2022,09:17:22,171.35,171.65,100,171.95,350,700,644550
NIFTY27OCT2217700PE.NFO,21/10/2022,09:17:24,171.6,171.15,250,171.45,50,2450,644550
NIFTY27OCT2217700PE.NFO,21/10/2022,09:17:25,171.4,171.05,150,171.35,100,1950,644550
NIFTY27OCT2217700PE.NFO,21/10/2022,09:17:26,172,172.05,150,172.45,100,1100,644550
NIFTY27OCT2217700PE.NFO,21/10/2022,09:17:27,173,173,50,173.3,200,550,644550
NIFTY27OCT2217700PE.NFO,21/10/2022,09:17:28,172.7,172.55,300,172.85,100,4750,644550
NIFTY27OCT2217700PE.NFO,21/10/2022,09:17:29,172.7,172.2,100,172.55,50,1400,644550
NIFTY27OCT2217700PE.NFO,21/10/2022,09:17:30,173.5,173.55,400,173.85,50,1000,644550
NIFTY27OCT2217700PE.NFO,21/10/2022,09:17:32,173.45,173.25,150,173.55,100,750,644550
NIFTY27OCT2217700PE.NFO,21/10/2022,09:17:33,173.7,173.4,200,173.7,50,2900,644550
NIFTY27OCT2217700PE.NFO,21/10/2022,09:17:34,173.45,173.2,100,173.55,100,750,644550
NIFTY27OCT2217700PE.NFO,21/10/2022,09:17:35,173.2,173,100,173.25,200,1150,644550
NIFTY27OCT2217700PE.NFO,21/10/2022,09:17:36,173.3,173.15,100,173.45,100,250,644550
NIFTY27OCT2217700PE.NFO,21/10/2022,09:17:38,172.6,172.6,100,172.85,50,1600,644550
NIFTY27OCT2217700PE.NFO,21/10/2022,09:17:39,172,172,450,172.3,100,2000,644550
NIFTY27OCT2217700PE.NFO,21/10/2022,09:17:40,171.95,171.6,200,171.95,100,1650,644550
NIFTY27OCT2217700PE.NFO,21/10/2022,09:17:41,171.65,171.35,100,171.7,100,1650,644550
NIFTY27OCT2217700PE.NFO,21/10/2022,09:17:42,171.85,171.65,50,171.85,200,2200,644550
NIFTY27OCT2217700PE.NFO,21/10/2022,09:17:43,173.35,173.05,50,173.35,100,3750,644550
NIFTY27OCT2217700PE.NFO,21/10/2022,09:17:44,173.1,172.5,200,172.9,50,1100,644550
NIFTY27OCT2217700PE.NFO,21/10/2022,09:17:46,172.8,172.8,450,173.1,100,1100,644550
NIFTY27OCT2217700PE.NFO,21/10/2022,09:17:47,174,173.85,150,174.05,50,2700,644550
NIFTY27OCT2217700PE.NFO,21/10/2022,09:17:48,173.8,172.9,100,173.3,100,400,644550
NIFTY27OCT2217700PE.NFO,21/10/2022,09:17:49,173.15,173.1,150,173.35,50,3950,644550
NIFTY27OCT2217700PE.NFO,21/10/2022,09:17:50,174.1,173.9,50,174.25,200,1900,644550
NIFTY27OCT2217700PE.NFO,21/10/2022,09:17:51,173.45,173.35,150,173.7,450,1800,644550
NIFTY27OCT2217700PE.NFO,21/10/2022,09:17:52,173.85,173.55,100,173.85,50,4000,644550
NIFTY27OCT2217700PE.NFO,21/10/2022,09:17:53,173.8,173.9,50,174.25,100,2700,644550
NIFTY27OCT2217700PE.NFO,21/10/2022,09:17:54,174.05,174.15,50,174.5,100,3400,644550
NIFTY27OCT2217700PE.NFO,21/10/2022,09:17:55,175.4,175.15,150,175.6,300,7600,644550
NIFTY27OCT2217700PE.NFO,21/10/2022,09:17:56,175.85,175.6,50,175.95,50,3500,644550
NIFTY27OCT2217700PE.NFO,21/10/2022,09:17:58,175.4,175.1,150,175.5,50,2200,644550
NIFTY27OCT2217700PE.NFO,21/10/2022,09:17:59,173.9,174.05,150,174.35,50,2300,644550
NIFTY27OCT2217700PE.NFO,21/10/2022,09:18:00,175,175.15,50,175.2,50,2100,644550
NIFTY27OCT2217700PE.NFO,21/10/2022,09:18:01,174.85,174.45,400,174.75,100,4200,644550
NIFTY27OCT2217700PE.NFO,21/10/2022,09:18:02,175.55,175.85,50,175.95,50,3850,644550
NIFTY27OCT2217700PE.NFO,21/10/2022,09:18:03,176.8,176.8,50,177,2000,3200,644550
NIFTY27OCT2217700PE.NFO,21/10/2022,09:18:04,176.8,176.4,50,176.7,100,2950,644550
NIFTY27OCT2217700PE.NFO,21/10/2022,09:18:05,177.3,177.15,50,177.4,100,1500,644550
NIFTY27OCT2217700PE.NFO,21/10/2022,09:18:07,177.9,178.15,200,178.5,2500,1850,644550
NIFTY27OCT2217700PE.NFO,21/10/2022,09:18:08,178,177.95,100,178.3,100,4650,644550
NIFTY27OCT2217700PE.NFO,21/10/2022,09:18:09,176.25,176.25,100,176.65,150,6750,644550
NIFTY27OCT2217700PE.NFO,21/10/2022,09:18:11,177.5,177.35,50,177.7,100,14750,644550
NIFTY27OCT2217700PE.NFO,21/10/2022,09:18:12,177.25,177.1,750,177.45,100,2350,644550
NIFTY27OCT2217700PE.NFO,21/10/2022,09:18:13,177.9,177.3,250,177.55,50,800,644550
NIFTY27OCT2217700PE.NFO,21/10/2022,09:18:14,177.65,177.65,50,177.95,100,1450,644550
NIFTY27OCT2217700PE.NFO,21/10/2022,09:18:15,178.35,177.75,150,178.2,850,5300,644550
NIFTY27OCT2217700PE.NFO,21/10/2022,09:18:17,176.1,175.8,50,176.35,300,4950,644550
NIFTY27OCT2217700PE.NFO,21/10/2022,09:18:18,175.5,175.1,50,175.45,100,2200,644550
NIFTY27OCT2217700PE.NFO,21/10/2022,09:18:19,175,174.65,50,175,600,3750,644550
NIFTY27OCT2217700PE.NFO,21/10/2022,09:18:20,173.95,173.85,50,174.2,100,4000,644550
NIFTY27OCT2217700PE.NFO,21/10/2022,09:18:22,174.05,174.4,200,174.7,50,2750,644550
NIFTY27OCT2217700PE.NFO,21/10/2022,09:18:23,174.45,174.2,50,174.6,50,650,644550
NIFTY27OCT2217700PE.NFO,21/10/2022,09:18:24,174.45,174.45,50,174.7,250,950,644550
NIFTY27OCT2217700PE.NFO,21/10/2022,09:18:25,174,174.05,200,174.35,100,1850,644550
NIFTY27OCT2217700PE.NFO,21/10/2022,09:18:26,173.95,173.9,50,174.15,100,250,644550
NIFTY27OCT2217700PE.NFO,21/10/2022,09:18:28,173.55,173.55,400,173.9,300,1350,644550
NIFTY27OCT2217700PE.NFO,21/10/2022,09:18:29,173.3,173.6,150,173.9,600,2200,644550
NIFTY27OCT2217700PE.NFO,21/10/2022,09:18:30,173.6,173.35,150,173.6,750,1250,644550
NIFTY27OCT2217700PE.NFO,21/10/2022,09:18:31,172.9,172.95,100,173.25,100,700,644550
NIFTY27OCT2217700PE.NFO,21/10/2022,09:18:33,173.05,172.85,100,173.2,250,800,644550
NIFTY27OCT2217700PE.NFO,21/10/2022,09:18:34,172.9,172.9,450,173.2,100,1750,644550
NIFTY27OCT2217700PE.NFO,21/10/2022,09:18:35,172.7,172.4,250,172.7,50,2050,644550
NIFTY27OCT2217700PE.NFO,21/10/2022,09:18:37,172.55,172.3,50,172.65,100,850,644550
NIFTY27OCT2217700PE.NFO,21/10/2022,09:18:38,172.9,172.7,50,172.95,50,950,644550
NIFTY27OCT2217700PE.NFO,21/10/2022,09:18:40,173.3,172.95,100,173.3,200,1300,644550
NIFTY27OCT2217700PE.NFO,21/10/2022,09:18:42,173.25,173.35,50,173.7,200,750,644550
NIFTY27OCT2217700PE.NFO,21/10/2022,09:18:43,173.4,173.5,300,173.75,50,1300,644550
NIFTY27OCT2217700PE.NFO,21/10/2022,09:18:44,176.55,176.4,500,176.7,100,4150,644550
NIFTY27OCT2217700PE.NFO,21/10/2022,09:18:46,176.3,177.25,100,177.6,100,1700,644550
NIFTY27OCT2217700PE.NFO,21/10/2022,09:18:47,175.6,175.65,100,176,600,4700,644550
NIFTY27OCT2217700PE.NFO,21/10/2022,09:18:48,175,174.55,150,174.75,150,4250,644550
NIFTY27OCT2217700PE.NFO,21/10/2022,09:18:50,175.35,175.15,50,175.55,350,4300,644550
NIFTY27OCT2217700PE.NFO,21/10/2022,09:18:51,176.25,176,700,176.4,300,500,644550
NIFTY27OCT2217700PE.NFO,21/10/2022,09:18:52,176,175.7,100,176.05,250,1450,644550
NIFTY27OCT2217700PE.NFO,21/10/2022,09:18:53,176,175.5,200,175.9,200,3350,644550
NIFTY27OCT2217700PE.NFO,21/10/2022,09:18:54,175.75,175.75,50,176,100,400,644550
NIFTY27OCT2217700PE.NFO,21/10/2022,09:18:56,175.55,175.95,150,176.3,550,950,644550
NIFTY27OCT2217700PE.NFO,21/10/2022,09:18:57,176.25,176.25,50,176.55,100,1900,644550
NIFTY27OCT2217700PE.NFO,21/10/2022,09:18:58,174.4,174,100,174.3,100,3800,644550
NIFTY27OCT2217700PE.NFO,21/10/2022,09:18:59,174.85,174.15,250,174.55,50,700,644550
NIFTY27OCT2217700PE.NFO,21/10/2022,09:19:01,173.95,174.5,50,174.8,150,3950,644550
NIFTY27OCT2217700PE.NFO,21/10/2022,09:19:02,174.2,173.9,850,174.25,50,650,644550
NIFTY27OCT2217700PE.NFO,21/10/2022,09:19:03,174,173.95,300,174.3,100,1550,644550
NIFTY27OCT2217700PE.NFO,21/10/2022,09:19:05,173.35,173.6,300,173.75,100,1250,644550
NIFTY27OCT2217700PE.NFO,21/10/2022,09:19:06,173.95,173.75,150,174,50,2600,644550
NIFTY27OCT2217700PE.NFO,21/10/2022,09:19:07,173.2,173,100,173.35,150,3000,644550
NIFTY27OCT2217700PE.NFO,21/10/2022,09:19:09,173.1,173.15,150,173.4,50,4650,644550
NIFTY27OCT2217700PE.NFO,21/10/2022,09:19:10,173.4,173.25,100,173.55,100,1450,644550
NIFTY27OCT2217700PE.NFO,21/10/2022,09:19:11,173.6,173.55,50,173.75,50,350,644550
NIFTY27OCT2217700PE.NFO,21/10/2022,09:19:12,173.75,173.05,100,173.4,50,1050,644550
NIFTY27OCT2217700PE.NFO,21/10/2022,09:19:14,172.6,172.4,850,172.75,100,2250,644550
NIFTY27OCT2217700PE.NFO,21/10/2022,09:19:15,172.45,172.3,100,172.65,100,400,644550
NIFTY27OCT2217700PE.NFO,21/10/2022,09:19:16,172.4,172.4,100,172.55,50,1200,644550
NIFTY27OCT2217700PE.NFO,21/10/2022,09:19:18,172.05,172,2500,172.15,50,3850,644550
NIFTY27OCT2217700PE.NFO,21/10/2022,09:19:19,171,170.95,50,171.1,50,8700,644550
NIFTY27OCT2217700PE.NFO,21/10/2022,09:19:20,170.6,170.85,50,171.2,50,1050,644550
NIFTY27OCT2217700PE.NFO,21/10/2022,09:19:21,171.3,170.55,150,170.9,550,450,644550
NIFTY27OCT2217700PE.NFO,21/10/2022,09:19:22,170.7,170.4,100,170.75,50,3500,644550
NIFTY27OCT2217700PE.NFO,21/10/2022,09:19:23,170.85,170.5,100,170.9,200,150,644550
NIFTY27OCT2217700PE.NFO,21/10/2022,09:19:24,170.65,170.2,50,170.55,100,2950,644550
NIFTY27OCT2217700PE.NFO,21/10/2022,09:19:25,170.9,170.3,50,170.5,100,150,644550
NIFTY27OCT2217700PE.NFO,21/10/2022,09:19:27,170.35,170,10900,170.25,100,3150,644550
NIFTY27OCT2217700PE.NFO,21/10/2022,09:19:28,169.8,169.7,100,170,400,11600,644550
NIFTY27OCT2217700PE.NFO,21/10/2022,09:19:29,169.9,169.65,150,169.9,100,1900,644550
NIFTY27OCT2217700PE.NFO,21/10/2022,09:19:31,169,168.9,200,169.2,200,1550,644550
NIFTY27OCT2217700PE.NFO,21/10/2022,09:19:32,168.85,168.7,100,169,50,750,644550
NIFTY27OCT2217700PE.NFO,21/10/2022,09:19:33,168.8,168.65,100,168.8,200,700,644550
NIFTY27OCT2217700PE.NFO,21/10/2022,09:19:34,168.6,168.25,100,168.6,200,1150,644550
NIFTY27OCT2217700PE.NFO,21/10/2022,09:19:35,167.6,167.2,100,167.55,100,1450,644550
NIFTY27OCT2217700PE.NFO,21/10/2022,09:19:37,167.35,167.4,100,167.75,50,1800,644550
NIFTY27OCT2217700PE.NFO,21/10/2022,09:19:37,167,167.4,100,167.75,50,0,644550
NIFTY27OCT2217700PE.NFO,21/10/2022,09:19:38,167.65,167.4,100,167.75,150,650,644550
NIFTY27OCT2217700PE.NFO,21/10/2022,09:19:39,166.6,166.85,50,167.1,200,1000,644550
NIFTY27OCT2217700PE.NFO,21/10/2022,09:19:39,166.6,166.85,50,167.1,200,0,644550
NIFTY27OCT2217700PE.NFO,21/10/2022,09:19:41,168.35,168.2,50,168.4,850,2250,644550
NIFTY27OCT2217700PE.NFO,21/10/2022,09:19:42,167.7,167.25,150,167.5,200,700,644550
NIFTY27OCT2217700PE.NFO,21/10/2022,09:19:43,167.2,167.05,150,167.15,50,1650,644550
NIFTY27OCT2217700PE.NFO,21/10/2022,09:19:44,167.65,167.3,300,167.6,200,2900,644550
NIFTY27OCT2217700PE.NFO,21/10/2022,09:19:45,169.6,169.05,100,169.2,50,2900,644550
NIFTY27OCT2217700PE.NFO,21/10/2022,09:19:47,169.65,169.5,50,169.8,150,300,644550
NIFTY27OCT2217700PE.NFO,21/10/2022,09:19:48,170.2,170.05,50,170.35,150,2050,644550
NIFTY27OCT2217700PE.NFO,21/10/2022,09:19:49,170.5,170.3,50,170.55,50,450,644550
NIFTY27OCT2217700PE.NFO,21/10/2022,09:19:50,171.15,171.1,150,171.3,50,1100,644550
NIFTY27OCT2217700PE.NFO,21/10/2022,09:19:51,170.65,170.75,150,171,200,2050,644550
NIFTY27OCT2217700PE.NFO,21/10/2022,09:19:52,170.1,170,150,170.25,150,4000,644550
NIFTY27OCT2217700PE.NFO,21/10/2022,09:19:54,169.65,169.6,100,169.7,150,350,644550
NIFTY27OCT2217700PE.NFO,21/10/2022,09:19:55,169.7,169.5,150,169.8,200,950,644550
NIFTY27OCT2217700PE.NFO,21/10/2022,09:19:56,168.35,168.25,300,168.5,200,4400,644550
NIFTY27OCT2217700PE.NFO,21/10/2022,09:19:57,168.15,167.75,150,168,200,1150,644550
NIFTY27OCT2217700PE.NFO,21/10/2022,09:19:58,168.2,167.9,50,168.25,750,600,644550
NIFTY27OCT2217700PE.NFO,21/10/2022,09:19:59,167.55,167.35,100,167.7,800,150,644550
NIFTY27OCT2217700PE.NFO,21/10/2022,09:20:01,165.05,164.8,150,165.1,200,13650,644550
NIFTY27OCT2217700PE.NFO,21/10/2022,09:20:01,164.8,164.8,150,165.1,200,0,644550
NIFTY27OCT2217700PE.NFO,21/10/2022,09:20:02,165.35,165.4,150,165.6,200,6750,644550
NIFTY27OCT2217700PE.NFO,21/10/2022,09:20:03,164,164,50,164.3,300,7200,644550
NIFTY27OCT2217700PE.NFO,21/10/2022,09:20:03,163.95,164,50,164.3,300,0,644550
NIFTY27OCT2217700PE.NFO,21/10/2022,09:20:04,166.25,165.75,50,166.05,50,5550,644550
NIFTY27OCT2217700PE.NFO,21/10/2022,09:20:04,163.7,165.75,50,166.05,50,0,644550
NIFTY27OCT2217700PE.NFO,21/10/2022,09:20:05,165.9,165.75,100,166.05,50,5600,644550
NIFTY27OCT2217700PE.NFO,21/10/2022,09:20:06,166.3,166.15,150,166.35,350,3550,644550
NIFTY27OCT2217700PE.NFO,21/10/2022,09:20:08,165,165,100,165.1,50,850,644550
NIFTY27OCT2217700PE.NFO,21/10/2022,09:20:09,165,164.8,50,165.05,150,4400,644550
NIFTY27OCT2217700PE.NFO,21/10/2022,09:20:10,164.3,164.55,150,164.85,150,3450,644550
NIFTY27OCT2217700PE.NFO,21/10/2022,09:20:11,165.2,164.7,150,165,350,1900,644550
NIFTY27OCT2217700PE.NFO,21/10/2022,09:20:11,164.8,164.3,2700,164.55,50,550,644550
NIFTY27OCT2217700PE.NFO,21/10/2022,09:20:12,165.25,165.4,350,165.6,200,800,644550
NIFTY27OCT2217700PE.NFO,21/10/2022,09:20:13,165.75,165.6,100,165.75,50,3300,644550
NIFTY27OCT2217700PE.NFO,21/10/2022,09:20:14,165,164.85,50,165.15,50,2400,644550
NIFTY27OCT2217700PE.NFO,21/10/2022,09:20:15,164.25,164.1,50,164.2,50,3600,644550
NIFTY27OCT2217700PE.NFO,21/10/2022,09:20:16,165,164.55,300,165,500,3400,644550
NIFTY27OCT2217700PE.NFO,21/10/2022,09:20:17,165.5,165.25,150,165.55,200,400,644550
NIFTY27OCT2217700PE.NFO,21/10/2022,09:20:18,165.8,165.6,100,165.85,50,1150,644550
NIFTY27OCT2217700PE.NFO,21/10/2022,09:20:19,166,165.75,50,166.15,100,4600,644550
NIFTY27OCT2217700PE.NFO,21/10/2022,09:20:21,166.7,166.7,50,166.8,50,3150,644550
NIFTY27OCT2217700PE.NFO,21/10/2022,09:20:22,166,165.5,250,165.85,50,2450,756100
NIFTY27OCT2217700PE.NFO,21/10/2022,09:20:23,166,165.4,250,165.75,750,2450,756100
NIFTY27OCT2217700PE.NFO,21/10/2022,09:20:24,165.7,165.25,300,165.55,150,1500,756100
NIFTY27OCT2217700PE.NFO,21/10/2022,09:20:25,165.95,165.9,150,166.05,100,950,756100
NIFTY27OCT2217700PE.NFO,21/10/2022,09:20:25,165.5,165.55,350,165.9,150,3000,756100
NIFTY27OCT2217700PE.NFO,21/10/2022,09:20:27,167,166.85,50,167.15,50,1800,756100
NIFTY27OCT2217700PE.NFO,21/10/2022,09:20:28,166.75,166.4,100,166.6,100,2900,756100
NIFTY27OCT2217700PE.NFO,21/10/2022,09:20:29,166.9,166.7,150,167,200,1700,756100
NIFTY27OCT2217700PE.NFO,21/10/2022,09:20:30,166.15,166.05,50,166.2,50,1100,756100
NIFTY27OCT2217700PE.NFO,21/10/2022,09:20:31,166.6,166.9,50,167.2,200,350,756100
NIFTY27OCT2217700PE.NFO,21/10/2022,09:20:32,167,167.5,150,167.55,50,1650,756100
NIFTY27OCT2217700PE.NFO,21/10/2022,09:20:33,166.75,166.75,50,167.1,400,3400,756100
NIFTY27OCT2217700PE.NFO,21/10/2022,09:20:34,167.55,167.3,350,167.6,150,1850,756100
NIFTY27OCT2217700PE.NFO,21/10/2022,09:20:35,168.6,168.4,150,168.75,150,800,756100
NIFTY27OCT2217700PE.NFO,21/10/2022,09:20:37,167.2,167.1,100,167.45,150,3150,756100
NIFTY27OCT2217700PE.NFO,21/10/2022,09:20:37,166.45,166.45,100,166.75,50,750,756100
NIFTY27OCT2217700PE.NFO,21/10/2022,09:20:38,166.7,166.5,50,166.8,750,1700,756100
NIFTY27OCT2217700PE.NFO,21/10/2022,09:20:40,167.05,167.3,450,167.6,150,2700,756100
NIFTY27OCT2217700PE.NFO,21/10/2022,09:20:41,167.25,167.45,150,167.55,100,300,756100
NIFTY27OCT2217700PE.NFO,21/10/2022,09:20:42,166.8,166.45,50,166.8,50,800,756100
NIFTY27OCT2217700PE.NFO,21/10/2022,09:20:43,167,166.6,50,166.95,50,2300,756100
NIFTY27OCT2217700PE.NFO,21/10/2022,09:20:44,167.15,167.25,50,167.6,200,2450,756100
NIFTY27OCT2217700PE.NFO,21/10/2022,09:20:44,167.15,167.45,50,167.75,50,0,756100
NIFTY27OCT2217700PE.NFO,21/10/2022,09:20:45,166.65,166.45,50,166.65,100,1550,756100
NIFTY27OCT2217700PE.NFO,21/10/2022,09:20:47,166.15,165.85,150,166.1,50,2700,756100
NIFTY27OCT2217700PE.NFO,21/10/2022,09:20:48,167.2,167,150,167.3,1850,1800,756100
NIFTY27OCT2217700PE.NFO,21/10/2022,09:20:48,167.2,167,150,167.2,150,0,756100
NIFTY27OCT2217700PE.NFO,21/10/2022,09:20:49,167,166.65,200,167,200,150,756100
NIFTY27OCT2217700PE.NFO,21/10/2022,09:20:50,166.8,166.3,150,166.65,100,600,756100
NIFTY27OCT2217700PE.NFO,21/10/2022,09:20:52,166.95,166.9,150,167,50,1400,756100
NIFTY27OCT2217700PE.NFO,21/10/2022,09:20:53,167,166.85,50,167.15,50,850,756100
NIFTY27OCT2217700PE.NFO,21/10/2022,09:20:53,167,166.85,100,167.1,150,100,756100
NIFTY27OCT2217700PE.NFO,21/10/2022,09:20:55,166.65,166.6,100,166.9,50,950,756100
NIFTY27OCT2217700PE.NFO,21/10/2022,09:20:56,165.05,165.05,50,165.1,50,2450,756100
NIFTY27OCT2217700PE.NFO,21/10/2022,09:20:57,163.75,163.6,150,163.75,50,7200,756100
NIFTY27OCT2217700PE.NFO,21/10/2022,09:20:57,163.65,163.6,150,163.75,50,0,756100
NIFTY27OCT2217700PE.NFO,21/10/2022,09:20:58,163.7,163.7,100,163.9,200,750,756100
NIFTY27OCT2217700PE.NFO,21/10/2022,09:20:58,163.55,163.7,100,163.9,200,0,756100
NIFTY27OCT2217700PE.NFO,21/10/2022,09:20:59,164.45,164.65,50,164.95,100,2300,756100
NIFTY27OCT2217700PE.NFO,21/10/2022,09:21:00,165.2,164.6,50,164.9,450,1300,756100
NIFTY27OCT2217700PE.NFO,21/10/2022,09:21:01,164.35,163.75,100,164.1,200,4800,756100
NIFTY27OCT2217700PE.NFO,21/10/2022,09:21:02,163.65,163,1000,163.3,200,6550,756100
NIFTY27OCT2217700PE.NFO,21/10/2022,09:21:02,163,163,1000,163.3,200,0,756100
NIFTY27OCT2217700PE.NFO,21/10/2022,09:21:04,163.45,163.45,150,163.65,150,600,756100
NIFTY27OCT2217700PE.NFO,21/10/2022,09:21:05,163.85,163.75,150,163.9,150,2850,756100
NIFTY27OCT2217700PE.NFO,21/10/2022,09:21:06,163.4,163.45,50,163.7,350,200,756100
NIFTY27OCT2217700PE.NFO,21/10/2022,09:21:07,162.8,162.5,50,162.75,50,9950,756100
NIFTY27OCT2217700PE.NFO,21/10/2022,09:21:07,162.6,162.5,50,162.75,50,0,756100
NIFTY27OCT2217700PE.NFO,21/10/2022,09:21:07,162.75,162.8,500,163.05,100,1100,756100
NIFTY27OCT2217700PE.NFO,21/10/2022,09:21:07,162.4,162.8,500,163.05,100,0,756100
NIFTY27OCT2217700PE.NFO,21/10/2022,09:21:08,162.45,162.2,50,162.35,50,1400,756100
NIFTY27OCT2217700PE.NFO,21/10/2022,09:21:08,162.2,162.2,50,162.35,50,0,756100
NIFTY27OCT2217700PE.NFO,21/10/2022,09:21:10,162.1,162.05,150,162.15,50,8200,756100
NIFTY27OCT2217700PE.NFO,21/10/2022,09:21:10,162,162.05,150,162.15,50,0,756100
NIFTY27OCT2217700PE.NFO,21/10/2022,09:21:11,161.95,161.95,100,162.1,50,1700,756100
NIFTY27OCT2217700PE.NFO,21/10/2022,09:21:11,161.7,161.95,100,162.1,50,0,756100
NIFTY27OCT2217700PE.NFO,21/10/2022,09:21:12,161.45,161.3,150,161.6,550,900,756100
NIFTY27OCT2217700PE.NFO,21/10/2022,09:21:12,161.45,161.3,150,161.6,550,0,756100
NIFTY27OCT2217700PE.NFO,21/10/2022,09:21:13,160.9,160.85,50,161.1,550,3650,756100
NIFTY27OCT2217700PE.NFO,21/10/2022,09:21:13,160.9,160.85,50,161.1,550,0,756100
NIFTY27OCT2217700PE.NFO,21/10/2022,09:21:13,161.65,161.45,50,161.75,100,1250,756100
NIFTY27OCT2217700PE.NFO,21/10/2022,09:21:13,160.8,161.45,50,161.75,100,0,756100
NIFTY27OCT2217700PE.NFO,21/10/2022,09:21:15,161.5,161.3,100,161.65,50,1100,756100
NIFTY27OCT2217700PE.NFO,21/10/2022,09:21:16,161.4,160.75,150,161.1,550,700,756100
NIFTY27OCT2217700PE.NFO,21/10/2022,09:21:17,160.85,160.4,150,160.75,50,3250,756100
NIFTY27OCT2217700PE.NFO,21/10/2022,09:21:17,160.35,160.4,150,160.75,50,0,756100
NIFTY27OCT2217700PE.NFO,21/10/2022,09:21:17,160.9,160.65,150,161,450,650,756100
NIFTY27OCT2217700PE.NFO,21/10/2022,09:21:19,161.2,161.15,200,161.3,50,5850,756100
NIFTY27OCT2217700PE.NFO,21/10/2022,09:21:19,160.3,161.15,200,161.3,50,0,756100
NIFTY27OCT2217700PE.NFO,21/10/2022,09:21:20,160.7,160.8,100,161.05,50,400,756100
NIFTY27OCT2217700PE.NFO,21/10/2022,09:21:21,162.45,162.3,550,162.65,150,9500,756100
NIFTY27OCT2217700PE.NFO,21/10/2022,09:21:22,162.05,162.05,50,162.4,150,2150,756100
NIFTY27OCT2217700PE.NFO,21/10/2022,09:21:23,161.65,161.55,300,161.9,50,2650,756100
NIFTY27OCT2217700PE.NFO,21/10/2022,09:21:24,161.75,161.5,550,161.8,50,1400,756100
NIFTY27OCT2217700PE.NFO,21/10/2022,09:21:24,161.7,161.65,100,161.85,1600,600,756100
NIFTY27OCT2217700PE.NFO,21/10/2022,09:21:25,161.8,161.75,150,162.1,50,6600,756100
NIFTY27OCT2217700PE.NFO,21/10/2022,09:21:27,163,162.75,400,163.05,150,550,756100
NIFTY27OCT2217700PE.NFO,21/10/2022,09:21:28,162.5,162.1,150,162.2,50,1000,756100
NIFTY27OCT2217700PE.NFO,21/10/2022,09:21:29,161.75,161.7,100,161.8,50,4000,756100
NIFTY27OCT2217700PE.NFO,21/10/2022,09:21:30,161,160.85,150,161.2,50,6300,756100
NIFTY27OCT2217700PE.NFO,21/10/2022,09:21:30,160.9,160.85,50,161.15,100,3400,756100
NIFTY27OCT2217700PE.NFO,21/10/2022,09:21:32,161,160.5,150,160.8,450,1050,756100
NIFTY27OCT2217700PE.NFO,21/10/2022,09:21:33,160.6,160.3,350,160.6,750,950,756100
NIFTY27OCT2217700PE.NFO,21/10/2022,09:21:34,160.5,160.4,250,160.8,100,3600,756100
NIFTY27OCT2217700PE.NFO,21/10/2022,09:21:35,161.2,160.8,100,161.1,50,3450,756100
NIFTY27OCT2217700PE.NFO,21/10/2022,09:21:35,160.3,160.3,300,160.55,50,50,756100
NIFTY27OCT2217700PE.NFO,21/10/2022,09:21:36,161.4,161.1,50,161.45,100,3950,756100
NIFTY27OCT2217700PE.NFO,21/10/2022,09:21:36,160.25,161.1,50,161.45,100,0,756100
NIFTY27OCT2217700PE.NFO,21/10/2022,09:21:38,160.65,160.55,50,160.85,600,1000,756100
NIFTY27OCT2217700PE.NFO,21/10/2022,09:21:39,160.55,160.55,150,160.95,200,800,756100
NIFTY27OCT2217700PE.NFO,21/10/2022,09:21:40,160.8,161.25,150,161.55,100,450,756100
NIFTY27OCT2217700PE.NFO,21/10/2022,09:21:41,161.5,161.2,1000,161.5,150,1350,756100
NIFTY27OCT2217700PE.NFO,21/10/2022,09:21:42,161.85,161.2,950,161.5,200,2950,756100
NIFTY27OCT2217700PE.NFO,21/10/2022,09:21:42,161.2,161.2,850,161.4,50,100,756100
NIFTY27OCT2217700PE.NFO,21/10/2022,09:21:43,160.85,160.55,150,160.9,800,4950,756100
NIFTY27OCT2217700PE.NFO,21/10/2022,09:21:45,160.5,160.3,50,160.65,50,1050,756100
NIFTY27OCT2217700PE.NFO,21/10/2022,09:21:45,160.2,160.3,50,160.65,50,0,756100
NIFTY27OCT2217700PE.NFO,21/10/2022,09:21:46,161,161,50,161.3,600,2500,756100
NIFTY27OCT2217700PE.NFO,21/10/2022,09:21:47,161.35,161.35,50,161.45,1300,2500,756100
NIFTY27OCT2217700PE.NFO,21/10/2022,09:21:48,161.6,161,1800,161.35,50,2000,756100
NIFTY27OCT2217700PE.NFO,21/10/2022,09:21:48,161.05,161,1000,161.3,1800,50,756100
NIFTY27OCT2217700PE.NFO,21/10/2022,09:21:49,160.1,160.1,150,160.3,100,4150,756100
NIFTY27OCT2217700PE.NFO,21/10/2022,09:21:49,160.1,160.1,150,160.3,100,0,756100
NIFTY27OCT2217700PE.NFO,21/10/2022,09:21:51,160.1,160.1,100,160.25,100,6800,756100
NIFTY27OCT2217700PE.NFO,21/10/2022,09:21:51,160,160.1,100,160.25,100,0,756100
NIFTY27OCT2217700PE.NFO,21/10/2022,09:21:52,160.5,160.15,50,160.45,50,2100,756100
NIFTY27OCT2217700PE.NFO,21/10/2022,09:21:53,160.65,160.65,150,160.9,200,1500,756100
NIFTY27OCT2217700PE.NFO,21/10/2022,09:21:53,160.9,160.85,150,161.1,150,2900,756100
NIFTY27OCT2217700PE.NFO,21/10/2022,09:21:54,160.6,160.8,50,161.05,1100,1300,756100
NIFTY27OCT2217700PE.NFO,21/10/2022,09:21:56,160.7,160.55,100,160.85,150,1750,756100
NIFTY27OCT2217700PE.NFO,21/10/2022,09:21:57,160.6,160.75,100,160.9,100,3150,756100
NIFTY27OCT2217700PE.NFO,21/10/2022,09:21:58,160.2,159.9,100,160.15,250,14950,756100
NIFTY27OCT2217700PE.NFO,21/10/2022,09:21:58,159.45,159.9,100,160.15,250,0,756100
NIFTY27OCT2217700PE.NFO,21/10/2022,09:21:59,159,158.65,150,159,400,2050,756100
NIFTY27OCT2217700PE.NFO,21/10/2022,09:21:59,159,158.65,150,159,400,0,756100
NIFTY27OCT2217700PE.NFO,21/10/2022,09:22:00,159.05,158.7,150,159.05,100,5950,756100
NIFTY27OCT2217700PE.NFO,21/10/2022,09:22:00,158.65,158.7,150,159.05,100,0,756100
NIFTY27OCT2217700PE.NFO,21/10/2022,09:22:02,158.55,158.05,150,158.45,150,5800,756100
NIFTY27OCT2217700PE.NFO,21/10/2022,09:22:02,157.7,158.05,150,158.45,150,0,756100
NIFTY27OCT2217700PE.NFO,21/10/2022,09:22:03,157.5,157.6,300,157.95,50,4150,756100
NIFTY27OCT2217700PE.NFO,21/10/2022,09:22:03,157.5,157.6,300,157.95,50,0,756100
NIFTY27OCT2217700PE.NFO,21/10/2022,09:22:04,158.15,158.5,50,158.7,150,4450,756100
NIFTY27OCT2217700PE.NFO,21/10/2022,09:22:05,157.9,157.7,250,158.05,150,1250,756100
NIFTY27OCT2217700PE.NFO,21/10/2022,09:22:05,158,157.5,500,157.9,350,250,756100
NIFTY27OCT2217700PE.NFO,21/10/2022,09:22:07,158.55,158.3,550,158.7,200,8100,756100
NIFTY27OCT2217700PE.NFO,21/10/2022,09:22:08,158.05,158.1,150,158.35,50,2850,756100
NIFTY27OCT2217700PE.NFO,21/10/2022,09:22:09,158.75,158.65,50,158.8,200,1200,756100
NIFTY27OCT2217700PE.NFO,21/10/2022,09:22:10,158.35,158.35,150,158.65,50,950,756100
NIFTY27OCT2217700PE.NFO,21/10/2022,09:22:11,158.2,158,300,158.2,100,400,756100
NIFTY27OCT2217700PE.NFO,21/10/2022,09:22:12,157.6,157.75,150,157.95,200,1450,756100
NIFTY27OCT2217700PE.NFO,21/10/2022,09:22:13,158.05,157.85,150,158.05,50,3900,756100
NIFTY27OCT2217700PE.NFO,21/10/2022,09:22:14,157.9,157.65,150,157.9,50,6600,756100
NIFTY27OCT2217700PE.NFO,21/10/2022,09:22:15,158.2,158.2,150,158.55,500,3050,756100
NIFTY27OCT2217700PE.NFO,21/10/2022,09:22:15,157.35,158.2,150,158.55,500,0,756100
NIFTY27OCT2217700PE.NFO,21/10/2022,09:22:15,158.5,158.1,150,158.4,200,150,756100
NIFTY27OCT2217700PE.NFO,21/10/2022,09:22:17,158.5,158.15,50,158.3,250,3600,756100
NIFTY27OCT2217700PE.NFO,21/10/2022,09:22:18,157.45,157.25,150,157.5,150,1300,756100
NIFTY27OCT2217700PE.NFO,21/10/2022,09:22:18,157.3,157.25,150,157.5,150,0,756100
NIFTY27OCT2217700PE.NFO,21/10/2022,09:22:19,157.35,157.1,50,157.4,200,4200,756100
NIFTY27OCT2217700PE.NFO,21/10/2022,09:22:19,157.05,157.1,50,157.4,200,0,756100
NIFTY27OCT2217700PE.NFO,21/10/2022,09:22:20,157.2,157.2,1350,157.55,200,2900,756100
NIFTY27OCT2217700PE.NFO,21/10/2022,09:22:21,157.2,157.05,700,157.15,50,2200,756100
NIFTY27OCT2217700PE.NFO,21/10/2022,09:22:21,157.1,157.1,50,157.25,250,150,756100
NIFTY27OCT2217700PE.NFO,21/10/2022,09:22:23,157.15,157.2,400,157.4,200,3850,756100
NIFTY27OCT2217700PE.NFO,21/10/2022,09:22:23,157,157.2,400,157.4,200,0,756100
NIFTY27OCT2217700PE.NFO,21/10/2022,09:22:24,157.4,157.5,200,157.8,250,1650,756100
NIFTY27OCT2217700PE.NFO,21/10/2022,09:22:25,157.9,157.5,400,157.7,300,650,756100
NIFTY27OCT2217700PE.NFO,21/10/2022,09:22:26,156.7,156.45,250,156.8,450,7300,756100
NIFTY27OCT2217700PE.NFO,21/10/2022,09:22:26,156.35,156.45,250,156.8,450,0,756100
NIFTY27OCT2217700PE.NFO,21/10/2022,09:22:26,156.35,156.35,700,156.55,200,50,756100
NIFTY27OCT2217700PE.NFO,21/10/2022,09:22:28,156.95,156.6,200,157,750,5000,756100
NIFTY27OCT2217700PE.NFO,21/10/2022,09:22:29,157,157.15,350,157.4,200,4350,756100
NIFTY27OCT2217700PE.NFO,21/10/2022,09:22:30,157.5,156.85,150,157.2,200,10850,756100
NIFTY27OCT2217700PE.NFO,21/10/2022,09:22:31,157.25,157.2,150,157.45,150,4350,756100
NIFTY27OCT2217700PE.NFO,21/10/2022,09:22:32,157.2,157.05,50,157.3,150,450,756100
NIFTY27OCT2217700PE.NFO,21/10/2022,09:22:32,157,157.1,50,157.35,50,100,756100
NIFTY27OCT2217700PE.NFO,21/10/2022,09:22:34,157.15,157.2,150,157.3,100,2400,756100
NIFTY27OCT2217700PE.NFO,21/10/2022,09:22:35,157.8,157.65,150,157.85,150,1750,756100
NIFTY27OCT2217700PE.NFO,21/10/2022,09:22:36,157,157,50,157.3,50,850,756100
NIFTY27OCT2217700PE.NFO,21/10/2022,09:22:37,157.2,157.1,150,157.25,1800,2300,756100
NIFTY27OCT2217700PE.NFO,21/10/2022,09:22:38,157.05,157.1,200,157.45,100,2750,756100
NIFTY27OCT2217700PE.NFO,21/10/2022,09:22:39,157.05,157.3,50,157.6,250,0,756100
NIFTY27OCT2217700PE.NFO,21/10/2022,09:22:40,157,157,2150,157.25,50,450,756100
NIFTY27OCT2217700PE.NFO,21/10/2022,09:22:41,157,156.85,200,157.1,550,6250,756100
NIFTY27OCT2217700PE.NFO,21/10/2022,09:22:42,157.05,156.95,300,157.25,200,1650,756100
NIFTY27OCT2217700PE.NFO,21/10/2022,09:22:43,157.2,157,50,157.05,2000,2700,756100
NIFTY27OCT2217700PE.NFO,21/10/2022,09:22:43,157.2,157,50,157.05,2000,0,756100
NIFTY27OCT2217700PE.NFO,21/10/2022,09:22:45,156.7,156.4,200,156.7,50,450,756100
NIFTY27OCT2217700PE.NFO,21/10/2022,09:22:46,156.6,156.4,200,156.6,50,1900,756100
NIFTY27OCT2217700PE.NFO,21/10/2022,09:22:46,156.1,156.4,200,156.6,50,0,756100
NIFTY27OCT2217700PE.NFO,21/10/2022,09:22:47,156.65,156.25,100,156.6,200,12350,756100
NIFTY27OCT2217700PE.NFO,21/10/2022,09:22:47,155.95,156.25,100,156.6,200,0,756100
NIFTY27OCT2217700PE.NFO,21/10/2022,09:22:48,156.5,156,150,156.35,50,2900,756100
NIFTY27OCT2217700PE.NFO,21/10/2022,09:22:49,156.1,155.85,50,156.2,200,2850,756100
NIFTY27OCT2217700PE.NFO,21/10/2022,09:22:49,155.85,155.8,50,156.15,150,150,756100
NIFTY27OCT2217700PE.NFO,21/10/2022,09:22:49,155.85,155.8,50,156.15,150,0,756100
NIFTY27OCT2217700PE.NFO,21/10/2022,09:22:51,155.65,155.7,200,156.05,50,3900,756100
NIFTY27OCT2217700PE.NFO,21/10/2022,09:22:51,155.65,155.7,200,156.05,50,0,756100
NIFTY27OCT2217700PE.NFO,21/10/2022,09:22:52,155,155.2,250,155.5,100,7400,756100
NIFTY27OCT2217700PE.NFO,21/10/2022,09:22:52,155,155.2,250,155.5,100,0,756100
NIFTY27OCT2217700PE.NFO,21/10/2022,09:22:53,155.55,155.4,450,155.65,50,5450,756100
NIFTY27OCT2217700PE.NFO,21/10/2022,09:22:54,155.6,155.3,50,155.6,100,2400,756100
NIFTY27OCT2217700PE.NFO,21/10/2022,09:22:55,155.25,155.15,100,155.5,300,2450,756100
NIFTY27OCT2217700PE.NFO,21/10/2022,09:22:56,155.45,155.2,100,155.5,200,900,756100
NIFTY27OCT2217700PE.NFO,21/10/2022,09:22:57,155.2,155.3,50,155.45,550,3050,756100
NIFTY27OCT2217700PE.NFO,21/10/2022,09:22:58,155.4,155.45,50,155.75,200,1700,756100
NIFTY27OCT2217700PE.NFO,21/10/2022,09:22:59,156.5,156,700,156.3,100,3150,756100
NIFTY27OCT2217700PE.NFO,21/10/2022,09:23:01,156,155.5,50,155.9,100,7200,756100
NIFTY27OCT2217700PE.NFO,21/10/2022,09:23:02,155.45,155.4,100,155.6,200,1200,756100
NIFTY27OCT2217700PE.NFO,21/10/2022,09:23:03,155.5,155.1,200,155.4,50,3750,756100
NIFTY27OCT2217700PE.NFO,21/10/2022,09:23:04,155.25,155.25,150,155.55,100,3100,756100
NIFTY27OCT2217700PE.NFO,21/10/2022,09:23:05,155.2,155.35,50,155.65,200,200,756100
NIFTY27OCT2217700PE.NFO,21/10/2022,09:23:06,155.45,155.1,200,155.4,50,950,756100
NIFTY27OCT2217700PE.NFO,21/10/2022,09:23:07,155.45,154.95,200,155.25,100,6000,756100
NIFTY27OCT2217700PE.NFO,21/10/2022,09:23:08,156,155.95,450,156.35,300,6100,756100
NIFTY27OCT2217700PE.NFO,21/10/2022,09:23:09,156.3,155.5,50,155.85,200,50,756100
NIFTY27OCT2217700PE.NFO,21/10/2022,09:23:10,156.3,156.2,100,156.45,150,2650,756100
NIFTY27OCT2217700PE.NFO,21/10/2022,09:23:11,157.15,156.85,50,157.2,300,4550,756100
NIFTY27OCT2217700PE.NFO,21/10/2022,09:23:12,156.95,156.75,100,157.05,250,200,756100
NIFTY27OCT2217700PE.NFO,21/10/2022,09:23:13,157.25,157.1,50,157.3,50,900,756100
NIFTY27OCT2217700PE.NFO,21/10/2022,09:23:15,156.8,156.6,50,156.75,250,2050,756100
NIFTY27OCT2217700PE.NFO,21/10/2022,09:23:16,156.1,156,350,156.35,100,3000,756100
NIFTY27OCT2217700PE.NFO,21/10/2022,09:23:17,155.8,155.6,50,155.75,50,1600,756100
NIFTY27OCT2217700PE.NFO,21/10/2022,09:23:18,155.3,155.1,200,155.3,400,1950,756100
NIFTY27OCT2217700PE.NFO,21/10/2022,09:23:19,155.6,155.3,100,155.75,850,2750,756100
NIFTY27OCT2217700PE.NFO,21/10/2022,09:23:20,155.45,155.1,350,155.5,950,150,756100
NIFTY27OCT2217700PE.NFO,21/10/2022,09:23:21,155.1,154.85,100,155.15,750,4400,756100
NIFTY27OCT2217700PE.NFO,21/10/2022,09:23:21,154.6,154.85,100,155.15,750,0,756100
NIFTY27OCT2217700PE.NFO,21/10/2022,09:23:22,154.95,154.7,250,155,200,2650,945000
NIFTY27OCT2217700PE.NFO,21/10/2022,09:23:23,155.3,154.75,250,155.1,200,1100,945000
NIFTY27OCT2217700PE.NFO,21/10/2022,09:23:24,155.35,155.2,250,155.45,450,550,945000
NIFTY27OCT2217700PE.NFO,21/10/2022,09:23:24,155.05,155.1,100,155.3,200,400,945000
NIFTY27OCT2217700PE.NFO,21/10/2022,09:23:25,155.05,155.25,600,155.6,200,1950,945000
NIFTY27OCT2217700PE.NFO,21/10/2022,09:23:26,157.25,157.2,950,157.45,200,1650,945000
NIFTY27OCT2217700PE.NFO,21/10/2022,09:23:28,156.55,156.3,100,156.6,200,2850,945000
NIFTY27OCT2217700PE.NFO,21/10/2022,09:23:29,156.35,156.05,100,156.35,100,5500,945000
NIFTY27OCT2217700PE.NFO,21/10/2022,09:23:30,155.55,155.65,150,155.95,50,950,945000
NIFTY27OCT2217700PE.NFO,21/10/2022,09:23:31,155.5,155.45,850,155.8,50,200,945000
NIFTY27OCT2217700PE.NFO,21/10/2022,09:23:32,156.3,155.95,100,156.2,250,4300,945000
NIFTY27OCT2217700PE.NFO,21/10/2022,09:23:32,156.3,155.9,100,156.2,250,0,945000
NIFTY27OCT2217700PE.NFO,21/10/2022,09:23:34,156.5,156.15,350,156.5,150,1150,945000
NIFTY27OCT2217700PE.NFO,21/10/2022,09:23:35,157.15,156.9,300,157.2,200,1500,945000
NIFTY27OCT2217700PE.NFO,21/10/2022,09:23:36,157.4,156.7,100,157,200,650,945000
NIFTY27OCT2217700PE.NFO,21/10/2022,09:23:37,156.4,156.15,50,156.4,250,1600,945000
NIFTY27OCT2217700PE.NFO,21/10/2022,09:23:38,156.15,155.85,100,156.2,100,1450,945000
NIFTY27OCT2217700PE.NFO,21/10/2022,09:23:39,156.4,155.95,550,156.25,350,4850,945000
NIFTY27OCT2217700PE.NFO,21/10/2022,09:23:39,156.3,155.85,550,156.3,250,100,945000
NIFTY27OCT2217700PE.NFO,21/10/2022,09:23:41,155.55,155.45,400,155.8,50,2450,945000
NIFTY27OCT2217700PE.NFO,21/10/2022,09:23:42,156.65,156.8,200,157,600,3500,945000
NIFTY27OCT2217700PE.NFO,21/10/2022,09:23:43,157.1,156.95,250,157.2,250,1450,945000
NIFTY27OCT2217700PE.NFO,21/10/2022,09:23:44,158.1,157.65,250,157.95,50,3050,945000
NIFTY27OCT2217700PE.NFO,21/10/2022,09:23:45,157.65,157.4,550,157.85,800,650,945000
NIFTY27OCT2217700PE.NFO,21/10/2022,09:23:46,158.05,157.65,350,158,200,350,945000
NIFTY27OCT2217700PE.NFO,21/10/2022,09:23:47,157.9,157.7,250,157.9,100,1650,945000
NIFTY27OCT2217700PE.NFO,21/10/2022,09:23:47,157.9,157.4,250,157.7,200,50,945000
NIFTY27OCT2217700PE.NFO,21/10/2022,09:23:49,158,158,100,158.3,550,2150,945000
NIFTY27OCT2217700PE.NFO,21/10/2022,09:23:50,157.8,157.55,200,157.8,850,950,945000
NIFTY27OCT2217700PE.NFO,21/10/2022,09:23:51,158.3,157.85,100,158.3,1300,1850,945000
NIFTY27OCT2217700PE.NFO,21/10/2022,09:23:52,157.6,157.15,100,157.5,1150,1500,945000
NIFTY27OCT2217700PE.NFO,21/10/2022,09:23:53,157.25,157.05,250,157.3,100,150,945000
NIFTY27OCT2217700PE.NFO,21/10/2022,09:23:54,157.6,157.25,50,157.6,750,4500,945000
NIFTY27OCT2217700PE.NFO,21/10/2022,09:23:55,156.8,156.55,250,156.9,200,700,945000
NIFTY27OCT2217700PE.NFO,21/10/2022,09:23:56,157.2,157.05,150,157.25,250,600,945000
NIFTY27OCT2217700PE.NFO,21/10/2022,09:23:57,157.05,157,150,157.1,100,400,945000
NIFTY27OCT2217700PE.NFO,21/10/2022,09:23:58,157.2,157,100,157.35,450,500,945000
NIFTY27OCT2217700PE.NFO,21/10/2022,09:23:59,157.45,157.3,100,157.6,1350,500,945000
NIFTY27OCT2217700PE.NFO,21/10/2022,09:24:00,157,156.75,250,157.1,500,900,945000
NIFTY27OCT2217700PE.NFO,21/10/2022,09:24:01,157,156.8,1350,157.2,550,1450,945000
NIFTY27OCT2217700PE.NFO,21/10/2022,09:24:02,157.1,157.15,500,157.3,550,550,945000
NIFTY27OCT2217700PE.NFO,21/10/2022,09:24:03,157.4,157.2,250,157.5,550,750,945000
NIFTY27OCT2217700PE.NFO,21/10/2022,09:24:04,157.15,156.9,50,157.1,150,2700,945000
NIFTY27OCT2217700PE.NFO,21/10/2022,09:24:04,156.8,156.7,250,157.05,250,550,945000
NIFTY27OCT2217700PE.NFO,21/10/2022,09:24:06,156.3,156.2,50,156.4,550,2050,945000
NIFTY27OCT2217700PE.NFO,21/10/2022,09:24:07,156.45,156.2,100,156.5,700,800,945000
NIFTY27OCT2217700PE.NFO,21/10/2022,09:24:08,156.9,156.65,50,156.9,350,750,945000
NIFTY27OCT2217700PE.NFO,21/10/2022,09:24:09,156.6,156,750,156.3,550,2600,945000
NIFTY27OCT2217700PE.NFO,21/10/2022,09:24:10,156.5,156,700,156.3,200,3000,945000
NIFTY27OCT2217700PE.NFO,21/10/2022,09:24:11,156.45,156.15,500,156.5,500,950,945000
NIFTY27OCT2217700PE.NFO,21/10/2022,09:24:12,157.1,156.5,700,156.7,200,1900,945000
NIFTY27OCT2217700PE.NFO,21/10/2022,09:24:13,156.85,156.5,1900,156.8,1350,700,945000
NIFTY27OCT2217700PE.NFO,21/10/2022,09:24:13,156.55,156.5,1900,156.7,550,50,945000
NIFTY27OCT2217700PE.NFO,21/10/2022,09:24:15,156.3,156.15,50,156.4,200,2750,945000
NIFTY27OCT2217700PE.NFO,21/10/2022,09:24:16,156.65,156.3,350,156.6,200,5600,945000
NIFTY27OCT2217700PE.NFO,21/10/2022,09:24:17,157,156.7,400,156.95,700,2800,945000
NIFTY27OCT2217700PE.NFO,21/10/2022,09:24:18,156.1,156.05,50,156.25,150,1150,945000
NIFTY27OCT2217700PE.NFO,21/10/2022,09:24:19,156.4,156.1,400,156.45,50,250,945000
NIFTY27OCT2217700PE.NFO,21/10/2022,09:24:20,156.3,156.35,150,156.6,450,450,945000
NIFTY27OCT2217700PE.NFO,21/10/2022,09:24:21,156.35,156.2,350,156.45,100,3850,945000
NIFTY27OCT2217700PE.NFO,21/10/2022,09:24:22,156.15,156.1,150,156.3,200,100,945000
NIFTY27OCT2217700PE.NFO,21/10/2022,09:24:23,156.05,156,2550,156.25,50,500,945000
NIFTY27OCT2217700PE.NFO,21/10/2022,09:24:24,156,156,200,156.2,250,2350,945000
NIFTY27OCT2217700PE.NFO,21/10/2022,09:24:25,156.1,155.95,250,156.1,250,800,945000
NIFTY27OCT2217700PE.NFO,21/10/2022,09:24:26,155.95,156.05,350,156.3,200,3400,945000
NIFTY27OCT2217700PE.NFO,21/10/2022,09:24:27,156.25,156.25,250,156.6,850,3450,945000
NIFTY27OCT2217700PE.NFO,21/10/2022,09:24:28,156.85,156.6,250,156.95,650,150,945000
NIFTY27OCT2217700PE.NFO,21/10/2022,09:24:29,156.95,156.75,100,157,250,100,945000
NIFTY27OCT2217700PE.NFO,21/10/2022,09:24:30,156.9,156.3,350,156.55,50,2850,945000
NIFTY27OCT2217700PE.NFO,21/10/2022,09:24:31,156.8,156.5,2500,156.7,50,400,945000
NIFTY27OCT2217700PE.NFO,21/10/2022,09:24:32,156.75,156.65,150,156.9,200,1450,945000
NIFTY27OCT2217700PE.NFO,21/10/2022,09:24:33,156.95,156.95,50,157.15,300,1150,945000
NIFTY27OCT2217700PE.NFO,21/10/2022,09:24:34,157.4,157.15,450,157.45,50,500,945000
NIFTY27OCT2217700PE.NFO,21/10/2022,09:24:35,156.85,156.5,2400,156.7,350,1850,945000
NIFTY27OCT2217700PE.NFO,21/10/2022,09:24:36,155.8,155.7,2350,155.85,50,5000,945000
NIFTY27OCT2217700PE.NFO,21/10/2022,09:24:37,154.55,154.55,1300,154.7,500,14100,945000
NIFTY27OCT2217700PE.NFO,21/10/2022,09:24:37,154.55,154.55,1300,154.7,500,0,945000
NIFTY27OCT2217700PE.NFO,21/10/2022,09:24:38,154.4,154.35,300,154.65,350,6550,945000
NIFTY27OCT2217700PE.NFO,21/10/2022,09:24:38,154.05,154.35,300,154.65,350,0,945000
NIFTY27OCT2217700PE.NFO,21/10/2022,09:24:39,154.45,154.05,50,154.4,150,7600,945000
NIFTY27OCT2217700PE.NFO,21/10/2022,09:24:40,154,154.2,250,154.5,350,3650,945000
NIFTY27OCT2217700PE.NFO,21/10/2022,09:24:40,154,154.2,250,154.5,350,0,945000
NIFTY27OCT2217700PE.NFO,21/10/2022,09:24:41,154.15,154.05,100,154.35,550,1200,945000
NIFTY27OCT2217700PE.NFO,21/10/2022,09:24:42,154.25,154,1250,154.3,100,2850,945000
NIFTY27OCT2217700PE.NFO,21/10/2022,09:24:43,154.2,154.1,250,154.3,50,900,945000
NIFTY27OCT2217700PE.NFO,21/10/2022,09:24:44,153.6,153.65,500,153.95,1200,2400,945000
NIFTY27OCT2217700PE.NFO,21/10/2022,09:24:44,153.55,153.65,500,153.95,1200,0,945000
NIFTY27OCT2217700PE.NFO,21/10/2022,09:24:45,153.45,153.2,300,153.45,100,7950,945000
NIFTY27OCT2217700PE.NFO,21/10/2022,09:24:45,153.25,153.2,300,153.45,100,0,945000
NIFTY27OCT2217700PE.NFO,21/10/2022,09:24:46,154.05,153.7,100,154.05,100,5250,945000
NIFTY27OCT2217700PE.NFO,21/10/2022,09:24:47,153.7,153.7,100,153.95,100,3150,945000
NIFTY27OCT2217700PE.NFO,21/10/2022,09:24:48,155.35,155.1,150,155.4,200,4300,945000
NIFTY27OCT2217700PE.NFO,21/10/2022,09:24:49,156.1,156.1,200,156.45,300,3250,945000
NIFTY27OCT2217700PE.NFO,21/10/2022,09:24:50,156.7,156.45,650,156.8,500,1150,945000
NIFTY27OCT2217700PE.NFO,21/10/2022,09:24:51,156.2,156.4,50,156.7,550,3300,945000
NIFTY27OCT2217700PE.NFO,21/10/2022,09:24:52,156.8,156.5,100,156.8,600,9050,945000
NIFTY27OCT2217700PE.NFO,21/10/2022,09:24:53,156.8,156.8,300,156.9,50,750,945000
NIFTY27OCT2217700PE.NFO,21/10/2022,09:24:54,157,156.8,50,157.1,200,3900,945000
NIFTY27OCT2217700PE.NFO,21/10/2022,09:24:55,157.5,157.35,300,157.65,150,6700,945000
NIFTY27OCT2217700PE.NFO,21/10/2022,09:24:56,158.1,157.8,50,158.15,300,3050,945000
NIFTY27OCT2217700PE.NFO,21/10/2022,09:24:57,158.3,157.9,100,158.2,1050,900,945000
NIFTY27OCT2217700PE.NFO,21/10/2022,09:24:58,157.8,157.6,1050,158,200,650,945000
NIFTY27OCT2217700PE.NFO,21/10/2022,09:24:59,157.75,157.8,300,158,2000,2350,945000
NIFTY27OCT2217700PE.NFO,21/10/2022,09:25:00,155.9,155.8,300,156,450,8900,945000
NIFTY27OCT2217700PE.NFO,21/10/2022,09:25:01,155.7,155.25,100,155.7,900,4600,945000
NIFTY27OCT2217700PE.NFO,21/10/2022,09:25:02,156.05,155.85,150,156.1,750,6300,945000
NIFTY27OCT2217700PE.NFO,21/10/2022,09:25:03,156.7,156.4,100,156.7,250,1000,945000
NIFTY27OCT2217700PE.NFO,21/10/2022,09:25:04,156.5,156.3,50,156.65,150,2000,945000
NIFTY27OCT2217700PE.NFO,21/10/2022,09:25:05,157.2,157.1,250,157.4,500,2900,945000
NIFTY27OCT2217700PE.NFO,21/10/2022,09:25:06,156.7,156.7,2350,156.95,200,3300,945000
NIFTY27OCT2217700PE.NFO,21/10/2022,09:25:07,156.65,156,450,156.3,100,4050,945000
NIFTY27OCT2217700PE.NFO,21/10/2022,09:25:08,157,156.35,600,156.75,150,1750,945000
NIFTY27OCT2217700PE.NFO,21/10/2022,09:25:09,156.55,156.6,350,156.9,50,200,945000
NIFTY27OCT2217700PE.NFO,21/10/2022,09:25:10,155.9,155.75,150,156,250,5150,945000
NIFTY27OCT2217700PE.NFO,21/10/2022,09:25:11,156.15,156.2,300,156.55,150,4900,945000
NIFTY27OCT2217700PE.NFO,21/10/2022,09:25:12,156.5,156.8,150,157.1,150,550,945000
NIFTY27OCT2217700PE.NFO,21/10/2022,09:25:13,156.9,156.55,100,156.85,300,1400,945000
NIFTY27OCT2217700PE.NFO,21/10/2022,09:25:14,156.55,156.75,100,157,300,800,945000
NIFTY27OCT2217700PE.NFO,21/10/2022,09:25:15,157.35,157.2,1150,157.5,250,350,945000
NIFTY27OCT2217700PE.NFO,21/10/2022,09:25:16,156.45,156.75,1200,157.1,200,1050,945000
NIFTY27OCT2217700PE.NFO,21/10/2022,09:25:17,156.9,156.9,250,157.1,200,1200,945000
NIFTY27OCT2217700PE.NFO,21/10/2022,09:25:18,156.35,156.35,100,156.6,50,2100,945000
NIFTY27OCT2217700PE.NFO,21/10/2022,09:25:19,156.85,156.7,100,157,100,4300,945000
NIFTY27OCT2217700PE.NFO,21/10/2022,09:25:20,157.3,157.2,100,157.5,600,1500,945000
NIFTY27OCT2217700PE.NFO,21/10/2022,09:25:21,157.2,156.9,50,157.15,50,950,945000
NIFTY27OCT2217700PE.NFO,21/10/2022,09:25:22,157.1,157,950,157.35,150,2900,945000
NIFTY27OCT2217700PE.NFO,21/10/2022,09:25:23,157.15,157.15,50,157.4,50,3600,945000
NIFTY27OCT2217700PE.NFO,21/10/2022,09:25:24,156.9,156.95,100,157.15,50,500,945000
NIFTY27OCT2217700PE.NFO,21/10/2022,09:25:25,157,156.85,100,157.1,200,5650,945000
NIFTY27OCT2217700PE.NFO,21/10/2022,09:25:26,157.25,157,50,157.2,200,1300,945000
NIFTY27OCT2217700PE.NFO,21/10/2022,09:25:27,157.55,157.65,200,157.8,50,1600,945000
NIFTY27OCT2217700PE.NFO,21/10/2022,09:25:28,157.75,157.5,100,157.8,250,4000,945000
NIFTY27OCT2217700PE.NFO,21/10/2022,09:25:29,157.5,157.2,1150,157.3,200,300,945000
NIFTY27OCT2217700PE.NFO,21/10/2022,09:25:30,157,156.95,350,157.3,300,4500,945000
NIFTY27OCT2217700PE.NFO,21/10/2022,09:25:31,157.2,156.85,250,157.1,550,50,945000
NIFTY27OCT2217700PE.NFO,21/10/2022,09:25:32,157.35,157.4,150,157.65,50,3600,945000
NIFTY27OCT2217700PE.NFO,21/10/2022,09:25:33,156.95,157,250,157.15,100,3150,945000
NIFTY27OCT2217700PE.NFO,21/10/2022,09:25:34,157.7,157.7,200,157.8,400,950,945000
NIFTY27OCT2217700PE.NFO,21/10/2022,09:25:35,157.5,157,250,157.3,300,2350,945000
NIFTY27OCT2217700PE.NFO,21/10/2022,09:25:36,157.1,157.2,250,157.5,200,1250,945000
NIFTY27OCT2217700PE.NFO,21/10/2022,09:25:37,157.35,157.25,100,157.5,150,1300,945000
NIFTY27OCT2217700PE.NFO,21/10/2022,09:25:38,157.45,157.4,50,157.65,200,700,945000
NIFTY27OCT2217700PE.NFO,21/10/2022,09:25:39,157.75,157.45,450,157.75,100,450,945000
NIFTY27OCT2217700PE.NFO,21/10/2022,09:25:40,157.85,157.65,100,157.85,50,950,945000
NIFTY27OCT2217700PE.NFO,21/10/2022,09:25:41,158.8,158.5,100,158.8,700,4700,945000
NIFTY27OCT2217700PE.NFO,21/10/2022,09:25:42,158.05,157.8,100,158.05,50,900,945000
NIFTY27OCT2217700PE.NFO,21/10/2022,09:25:43,158.15,157.95,100,158.3,450,1000,945000
NIFTY27OCT2217700PE.NFO,21/10/2022,09:25:44,158.4,157.95,650,158.3,200,600,945000
NIFTY27OCT2217700PE.NFO,21/10/2022,09:25:45,158.1,157.7,700,158.05,50,1700,945000
NIFTY27OCT2217700PE.NFO,21/10/2022,09:25:46,157.9,157.9,150,158.15,150,3000,945000
NIFTY27OCT2217700PE.NFO,21/10/2022,09:25:47,158.2,158.05,400,158.35,100,6600,945000
NIFTY27OCT2217700PE.NFO,21/10/2022,09:25:48,157.4,157.45,250,157.75,50,250,945000
NIFTY27OCT2217700PE.NFO,21/10/2022,09:25:49,157.5,157.4,200,157.7,100,1200,945000
NIFTY27OCT2217700PE.NFO,21/10/2022,09:25:50,157.25,157.05,200,157.25,50,2400,945000
NIFTY27OCT2217700PE.NFO,21/10/2022,09:25:51,157.25,157,1900,157.3,500,50,945000
NIFTY27OCT2217700PE.NFO,21/10/2022,09:25:52,157.6,157.2,250,157.55,150,2950,945000
NIFTY27OCT2217700PE.NFO,21/10/2022,09:25:53,157,157.1,100,157.5,50,6250,945000
NIFTY27OCT2217700PE.NFO,21/10/2022,09:25:54,157.35,157,1450,157.25,50,250,945000
NIFTY27OCT2217700PE.NFO,21/10/2022,09:25:55,157.6,157.5,300,157.8,1000,1150,945000
NIFTY27OCT2217700PE.NFO,21/10/2022,09:25:56,157,157,1400,157.1,400,1100,945000
NIFTY27OCT2217700PE.NFO,21/10/2022,09:25:57,157.3,157.05,100,157.3,150,400,945000
NIFTY27OCT2217700PE.NFO,21/10/2022,09:25:58,157.2,156.85,250,157.2,1300,4650,945000
NIFTY27OCT2217700PE.NFO,21/10/2022,09:25:59,157.3,157.05,250,157.3,200,3250,945000
NIFTY27OCT2217700PE.NFO,21/10/2022,09:26:00,156.5,156.8,150,157,200,1050,945000
NIFTY27OCT2217700PE.NFO,21/10/2022,09:26:01,157,156.8,100,157.1,550,300,945000
NIFTY27OCT2217700PE.NFO,21/10/2022,09:26:02,156.6,156.3,500,156.6,200,950,945000
NIFTY27OCT2217700PE.NFO,21/10/2022,09:26:03,156.35,156.3,250,156.6,350,50,945000
NIFTY27OCT2217700PE.NFO,21/10/2022,09:26:04,156.7,156.6,100,156.9,550,550,945000
NIFTY27OCT2217700PE.NFO,21/10/2022,09:26:05,156.95,156.85,250,156.95,250,1100,945000
NIFTY27OCT2217700PE.NFO,21/10/2022,09:26:06,156.6,156.6,100,156.8,200,800,945000
NIFTY27OCT2217700PE.NFO,21/10/2022,09:26:07,156.9,156.7,150,156.9,450,600,945000
NIFTY27OCT2217700PE.NFO,21/10/2022,09:26:08,156.9,156.6,500,156.8,500,2100,945000
NIFTY27OCT2217700PE.NFO,21/10/2022,09:26:09,156.65,156.7,300,156.95,150,1550,945000
NIFTY27OCT2217700PE.NFO,21/10/2022,09:26:10,156.75,156.5,50,156.7,200,150,945000
NIFTY27OCT2217700PE.NFO,21/10/2022,09:26:11,156.7,156.8,150,157,1800,3650,945000
NIFTY27OCT2217700PE.NFO,21/10/2022,09:26:12,156.75,156.7,50,156.9,200,1650,945000
NIFTY27OCT2217700PE.NFO,21/10/2022,09:26:13,157.75,157.7,50,157.8,200,3000,945000
NIFTY27OCT2217700PE.NFO,21/10/2022,09:26:14,158.45,157.7,50,157.95,200,4850,945000
NIFTY27OCT2217700PE.NFO,21/10/2022,09:26:15,158.2,158.1,250,158.35,150,550,945000
NIFTY27OCT2217700PE.NFO,21/10/2022,09:26:16,158.2,157.6,200,157.85,100,0,945000
NIFTY27OCT2217700PE.NFO,21/10/2022,09:26:17,157.2,157,650,157.3,200,2600,945000
NIFTY27OCT2217700PE.NFO,21/10/2022,09:26:18,157.45,157.75,50,157.95,200,100,945000
NIFTY27OCT2217700PE.NFO,21/10/2022,09:26:19,158.5,158.3,300,158.6,150,1400,945000
NIFTY27OCT2217700PE.NFO,21/10/2022,09:26:20,158.3,158.4,450,158.75,150,1100,945000
NIFTY27OCT2217700PE.NFO,21/10/2022,09:26:21,157.7,157.7,200,158,50,450,945000
NIFTY27OCT2217700PE.NFO,21/10/2022,09:26:22,158.25,158.1,150,158.3,150,600,945000
NIFTY27OCT2217700PE.NFO,21/10/2022,09:26:23,158.6,158.65,100,158.9,350,1100,1057600
NIFTY27OCT2217700PE.NFO,21/10/2022,09:26:24,159,158.9,150,159,3850,2750,1057600
NIFTY27OCT2217700PE.NFO,21/10/2022,09:26:25,158.85,158.6,150,158.85,50,1250,1057600
NIFTY27OCT2217700PE.NFO,21/10/2022,09:26:26,159,158.85,100,159,3050,1750,1057600
NIFTY27OCT2217700PE.NFO,21/10/2022,09:26:28,159.45,159.2,600,159.5,350,4000,1057600
NIFTY27OCT2217700PE.NFO,21/10/2022,09:26:28,159.55,159.2,250,159.5,200,250,1057600
NIFTY27OCT2217700PE.NFO,21/10/2022,09:26:29,158.65,158.6,150,158.9,500,1250,1057600
NIFTY27OCT2217700PE.NFO,21/10/2022,09:26:30,159.3,159.3,50,159.6,100,2800,1057600
NIFTY27OCT2217700PE.NFO,21/10/2022,09:26:31,160.25,160,100,160.3,200,4550,1057600
NIFTY27OCT2217700PE.NFO,21/10/2022,09:26:32,160.35,160.05,100,160.35,50,2200,1057600
NIFTY27OCT2217700PE.NFO,21/10/2022,09:26:33,160.15,160.3,200,160.5,200,3200,1057600
NIFTY27OCT2217700PE.NFO,21/10/2022,09:26:34,160.2,160.2,200,160.55,200,1650,1057600
NIFTY27OCT2217700PE.NFO,21/10/2022,09:26:36,160.45,160.4,100,160.6,500,1000,1057600
NIFTY27OCT2217700PE.NFO,21/10/2022,09:26:36,160.2,160.2,100,160.55,150,1200,1057600
NIFTY27OCT2217700PE.NFO,21/10/2022,09:26:37,159.85,160,150,160.35,150,2450,1057600
NIFTY27OCT2217700PE.NFO,21/10/2022,09:26:38,159.65,159.65,50,160,1250,4250,1057600
NIFTY27OCT2217700PE.NFO,21/10/2022,09:26:39,159.65,159.2,100,159.55,150,2450,1057600
NIFTY27OCT2217700PE.NFO,21/10/2022,09:26:41,159.6,159.45,150,159.7,50,1100,1057600
NIFTY27OCT2217700PE.NFO,21/10/2022,09:26:41,159.6,159.25,250,159.6,1000,0,1057600
NIFTY27OCT2217700PE.NFO,21/10/2022,09:26:42,160,159.75,550,160,1350,750,1057600
NIFTY27OCT2217700PE.NFO,21/10/2022,09:26:43,159.6,159.35,150,159.55,50,150,1057600
NIFTY27OCT2217700PE.NFO,21/10/2022,09:26:44,159.1,159,750,159.2,200,2850,1057600
NIFTY27OCT2217700PE.NFO,21/10/2022,09:26:45,158.2,158.15,100,158.4,50,3400,1057600
NIFTY27OCT2217700PE.NFO,21/10/2022,09:26:46,158.25,157.85,100,158.1,200,2800,1057600
NIFTY27OCT2217700PE.NFO,21/10/2022,09:26:48,158.8,158.6,100,158.9,250,2550,1057600
NIFTY27OCT2217700PE.NFO,21/10/2022,09:26:48,158.5,157.9,100,158.1,450,850,1057600
NIFTY27OCT2217700PE.NFO,21/10/2022,09:26:49,158.2,158.1,800,158.4,550,350,1057600
NIFTY27OCT2217700PE.NFO,21/10/2022,09:26:50,158.8,158.65,150,158.8,100,1700,1057600
NIFTY27OCT2217700PE.NFO,21/10/2022,09:26:51,158.4,158.1,900,158.3,200,1350,1057600
NIFTY27OCT2217700PE.NFO,21/10/2022,09:26:53,158.5,158.15,150,158.45,450,1700,1057600
NIFTY27OCT2217700PE.NFO,21/10/2022,09:26:53,158.4,158.15,200,158.45,100,1000,1057600
NIFTY27OCT2217700PE.NFO,21/10/2022,09:26:54,158.5,158.3,200,158.65,100,650,1057600
NIFTY27OCT2217700PE.NFO,21/10/2022,09:26:55,158.65,158.55,150,158.85,150,450,1057600
NIFTY27OCT2217700PE.NFO,21/10/2022,09:26:56,159.5,159.4,50,159.6,50,2600,1057600
NIFTY27OCT2217700PE.NFO,21/10/2022,09:26:57,159.05,159.2,100,159.5,100,950,1057600
NIFTY27OCT2217700PE.NFO,21/10/2022,09:26:59,159.2,159.1,150,159.35,200,150,1057600
NIFTY27OCT2217700PE.NFO,21/10/2022,09:26:59,159.35,159.15,200,159.45,150,150,1057600
NIFTY27OCT2217700PE.NFO,21/10/2022,09:27:00,159.2,158.6,400,158.95,400,1550,1057600
NIFTY27OCT2217700PE.NFO,21/10/2022,09:27:01,159.55,159.2,150,159.4,250,1000,1057600
NIFTY27OCT2217700PE.NFO,21/10/2022,09:27:02,158.95,159.05,50,159.2,100,300,1057600
NIFTY27OCT2217700PE.NFO,21/10/2022,09:27:03,159.7,159.4,150,159.75,100,1100,1057600
NIFTY27OCT2217700PE.NFO,21/10/2022,09:27:05,159.8,159.25,150,159.5,100,1400,1057600
NIFTY27OCT2217700PE.NFO,21/10/2022,09:27:05,159.65,159.35,150,159.6,200,50,1057600
NIFTY27OCT2217700PE.NFO,21/10/2022,09:27:06,159.2,159.2,150,159.45,500,850,1057600
NIFTY27OCT2217700PE.NFO,21/10/2022,09:27:07,159.2,159.05,1900,159.35,200,1650,1057600
NIFTY27OCT2217700PE.NFO,21/10/2022,09:27:08,159.55,159.6,100,159.85,150,500,1057600
NIFTY27OCT2217700PE.NFO,21/10/2022,09:27:09,160,159.65,50,159.8,200,2200,1057600
NIFTY27OCT2217700PE.NFO,21/10/2022,09:27:10,159.5,159.2,50,159.4,200,450,1057600
NIFTY27OCT2217700PE.NFO,21/10/2022,09:27:12,158.35,158.2,300,158.5,950,5050,1057600
NIFTY27OCT2217700PE.NFO,21/10/2022,09:27:12,158.35,158,1750,158.25,250,0,1057600
NIFTY27OCT2217700PE.NFO,21/10/2022,09:27:13,157.6,157.4,150,157.65,350,5750,1057600
NIFTY27OCT2217700PE.NFO,21/10/2022,09:27:14,157.6,157.3,800,157.7,600,2650,1057600
NIFTY27OCT2217700PE.NFO,21/10/2022,09:27:15,157.6,157.3,100,157.6,50,1150,1057600
NIFTY27OCT2217700PE.NFO,21/10/2022,09:27:16,157.6,157.3,100,157.65,100,2450,1057600
NIFTY27OCT2217700PE.NFO,21/10/2022,09:27:17,157.3,157.15,100,157.5,1050,2150,1057600
NIFTY27OCT2217700PE.NFO,21/10/2022,09:27:19,157.05,156.85,50,157.05,150,4050,1057600
NIFTY27OCT2217700PE.NFO,21/10/2022,09:27:19,157.1,156.8,250,157.05,150,550,1057600
NIFTY27OCT2217700PE.NFO,21/10/2022,09:27:20,156.25,156.25,200,156.6,550,1600,1057600
NIFTY27OCT2217700PE.NFO,21/10/2022,09:27:21,156.35,156.3,100,156.55,200,1600,1057600
NIFTY27OCT2217700PE.NFO,21/10/2022,09:27:22,157,156.6,250,156.8,200,750,1057600
NIFTY27OCT2217700PE.NFO,21/10/2022,09:27:23,157,156.95,100,157.2,200,800,1057600
NIFTY27OCT2217700PE.NFO,21/10/2022,09:27:24,157.1,156.9,200,157.2,150,50,1057600
NIFTY27OCT2217700PE.NFO,21/10/2022,09:27:25,156.9,156.4,150,156.75,100,500,1057600
NIFTY27OCT2217700PE.NFO,21/10/2022,09:27:27,156.8,156.35,100,156.5,100,300,1057600
NIFTY27OCT2217700PE.NFO,21/10/2022,09:27:27,156.3,156.05,150,156.35,200,300,1057600
NIFTY27OCT2217700PE.NFO,21/10/2022,09:27:28,157,156.75,50,156.9,50,700,1057600
NIFTY27OCT2217700PE.NFO,21/10/2022,09:27:29,156.65,156.05,50,156.3,150,1600,1057600
NIFTY27OCT2217700PE.NFO,21/10/2022,09:27:31,156.75,156.65,150,156.75,650,350,1057600
NIFTY27OCT2217700PE.NFO,21/10/2022,09:27:31,156.75,156.65,150,156.75,650,0,1057600
NIFTY27OCT2217700PE.NFO,21/10/2022,09:27:32,156.3,156,3650,156.3,800,2200,1057600
NIFTY27OCT2217700PE.NFO,21/10/2022,09:27:33,155.9,155.75,450,156.1,850,4200,1057600
NIFTY27OCT2217700PE.NFO,21/10/2022,09:27:34,155.95,155.8,250,156,200,2400,1057600
NIFTY27OCT2217700PE.NFO,21/10/2022,09:27:35,155.95,155.7,350,156.05,200,2650,1057600
NIFTY27OCT2217700PE.NFO,21/10/2022,09:27:36,156.05,155.7,50,156,500,900,1057600
NIFTY27OCT2217700PE.NFO,21/10/2022,09:27:37,155.95,155.65,100,155.95,100,400,1057600
NIFTY27OCT2217700PE.NFO,21/10/2022,09:27:38,155.85,155.45,350,155.8,250,1900,1057600
NIFTY27OCT2217700PE.NFO,21/10/2022,09:27:39,155.7,155.4,400,155.7,200,1200,1057600
NIFTY27OCT2217700PE.NFO,21/10/2022,09:27:41,155.35,155.05,50,155.3,350,800,1057600
NIFTY27OCT2217700PE.NFO,21/10/2022,09:27:41,155.35,155.1,250,155.35,300,0,1057600
NIFTY27OCT2217700PE.NFO,21/10/2022,09:27:42,154.45,154.3,350,154.55,200,6550,1057600
NIFTY27OCT2217700PE.NFO,21/10/2022,09:27:43,154.45,154.3,100,154.5,400,1150,1057600
NIFTY27OCT2217700PE.NFO,21/10/2022,09:27:44,154.1,154.1,100,154.35,2750,3700,1057600
NIFTY27OCT2217700PE.NFO,21/10/2022,09:27:45,154.2,154,950,154.2,950,1700,1057600
NIFTY27OCT2217700PE.NFO,21/10/2022,09:27:47,154.45,154.4,150,154.7,550,3650,1057600
NIFTY27OCT2217700PE.NFO,21/10/2022,09:27:47,154.55,154.25,250,154.55,100,300,1057600
NIFTY27OCT2217700PE.NFO,21/10/2022,09:27:48,153.25,153.55,100,153.65,100,4000,1057600
NIFTY27OCT2217700PE.NFO,21/10/2022,09:27:49,153,152.95,700,153.15,50,4450,1057600
NIFTY27OCT2217700PE.NFO,21/10/2022,09:27:49,152.9,152.95,700,153.15,50,0,1057600
NIFTY27OCT2217700PE.NFO,21/10/2022,09:27:50,153.7,153.15,250,153.4,200,600,1057600
NIFTY27OCT2217700PE.NFO,21/10/2022,09:27:52,153.5,153.2,250,153.45,100,2250,1057600
NIFTY27OCT2217700PE.NFO,21/10/2022,09:27:52,153.15,153.05,200,153.35,50,50,1057600
NIFTY27OCT2217700PE.NFO,21/10/2022,09:27:53,153.35,152.8,100,153.15,200,2950,1057600
NIFTY27OCT2217700PE.NFO,21/10/2022,09:27:54,152.55,152.35,250,152.65,50,750,1057600
NIFTY27OCT2217700PE.NFO,21/10/2022,09:27:54,152.55,152.35,250,152.65,50,0,1057600
NIFTY27OCT2217700PE.NFO,21/10/2022,09:27:55,152.2,152.05,250,152.35,400,5300,1057600
NIFTY27OCT2217700PE.NFO,21/10/2022,09:27:55,151.85,152.05,250,152.35,400,0,1057600
NIFTY27OCT2217700PE.NFO,21/10/2022,09:27:56,152.1,152,1000,152.1,200,350,1057600
NIFTY27OCT2217700PE.NFO,21/10/2022,09:27:58,151.85,151.55,300,151.85,100,2300,1057600
NIFTY27OCT2217700PE.NFO,21/10/2022,09:27:58,151.6,151.55,300,151.85,100,0,1057600
NIFTY27OCT2217700PE.NFO,21/10/2022,09:27:59,151.55,151.15,50,151.35,350,2300,1057600
NIFTY27OCT2217700PE.NFO,21/10/2022,09:27:59,151.15,151.15,50,151.35,350,0,1057600
NIFTY27OCT2217700PE.NFO,21/10/2022,09:28:00,151.1,151.15,250,151.5,1750,550,1057600
NIFTY27OCT2217700PE.NFO,21/10/2022,09:28:00,151.1,151.15,250,151.5,1750,0,1057600
NIFTY27OCT2217700PE.NFO,21/10/2022,09:28:01,150.85,150.85,250,151.1,550,5000,1057600
NIFTY27OCT2217700PE.NFO,21/10/2022,09:28:01,150.85,150.85,250,151.1,550,0,1057600
NIFTY27OCT2217700PE.NFO,21/10/2022,09:28:02,150,150.05,250,150.3,200,6650,1057600
NIFTY27OCT2217700PE.NFO,21/10/2022,09:28:02,150,150.05,250,150.3,200,0,1057600
NIFTY27OCT2217700PE.NFO,21/10/2022,09:28:03,150.45,150.2,100,150.45,200,2750,1057600
NIFTY27OCT2217700PE.NFO,21/10/2022,09:28:04,150.75,150.3,250,150.55,200,3400,1057600
NIFTY27OCT2217700PE.NFO,21/10/2022,09:28:05,150.5,150.25,150,150.55,700,3100,1057600
NIFTY27OCT2217700PE.NFO,21/10/2022,09:28:07,150.6,150.45,200,150.7,350,1000,1057600
NIFTY27OCT2217700PE.NFO,21/10/2022,09:28:07,150.4,150.4,100,150.7,50,2250,1057600
NIFTY27OCT2217700PE.NFO,21/10/2022,09:28:08,150.9,150.5,300,150.8,300,2900,1057600
NIFTY27OCT2217700PE.NFO,21/10/2022,09:28:09,149.55,149.55,350,149.6,50,20100,1057600
NIFTY27OCT2217700PE.NFO,21/10/2022,09:28:09,149.5,149.55,350,149.6,50,0,1057600
NIFTY27OCT2217700PE.NFO,21/10/2022,09:28:11,150,149.75,500,150.05,150,7400,1057600
NIFTY27OCT2217700PE.NFO,21/10/2022,09:28:12,149.55,149.5,4100,149.75,150,5850,1057600
NIFTY27OCT2217700PE.NFO,21/10/2022,09:28:13,149.6,149.55,50,149.85,350,5300,1057600
NIFTY27OCT2217700PE.NFO,21/10/2022,09:28:13,150.35,149.9,200,150.25,250,800,1057600
NIFTY27OCT2217700PE.NFO,21/10/2022,09:28:14,150.95,150.75,100,151,200,4000,1057600
NIFTY27OCT2217700PE.NFO,21/10/2022,09:28:15,151.75,151.75,50,152,100,1600,1057600
NIFTY27OCT2217700PE.NFO,21/10/2022,09:28:17,151.3,151.05,350,151.4,350,900,1057600
NIFTY27OCT2217700PE.NFO,21/10/2022,09:28:18,151.75,151.75,100,152.05,150,3100,1057600
NIFTY27OCT2217700PE.NFO,21/10/2022,09:28:18,152,152,100,152.3,100,1150,1057600
NIFTY27OCT2217700PE.NFO,21/10/2022,09:28:19,153.1,152.6,100,152.9,200,1550,1057600
NIFTY27OCT2217700PE.NFO,21/10/2022,09:28:20,153.6,153.4,100,153.65,50,1900,1057600
NIFTY27OCT2217700PE.NFO,21/10/2022,09:28:21,153.95,153.65,100,154,200,2100,1057600
NIFTY27OCT2217700PE.NFO,21/10/2022,09:28:22,153.9,153.85,100,154.15,100,2050,1057600
NIFTY27OCT2217700PE.NFO,21/10/2022,09:28:23,153.8,153.75,300,154,800,3500,1057600
NIFTY27OCT2217700PE.NFO,21/10/2022,09:28:24,153.45,153.05,400,153.4,600,4200,1057600
NIFTY27OCT2217700PE.NFO,21/10/2022,09:28:26,153.6,153.55,150,153.85,100,3100,1057600
NIFTY27OCT2217700PE.NFO,21/10/2022,09:28:26,153.6,153.35,300,153.65,100,0,1057600
NIFTY27OCT2217700PE.NFO,21/10/2022,09:28:27,153.4,153.4,250,153.75,200,1100,1057600
NIFTY27OCT2217700PE.NFO,21/10/2022,09:28:28,153.3,153.35,250,153.6,1350,3500,1057600
NIFTY27OCT2217700PE.NFO,21/10/2022,09:28:29,153.35,153.3,2800,153.6,300,2800,1057600
NIFTY27OCT2217700PE.NFO,21/10/2022,09:28:30,153.7,153.4,100,153.75,100,700,1057600
NIFTY27OCT2217700PE.NFO,21/10/2022,09:28:31,153.45,153.4,100,153.7,50,1550,1057600
NIFTY27OCT2217700PE.NFO,21/10/2022,09:28:33,154.45,154.15,100,154.45,200,3500,1057600
NIFTY27OCT2217700PE.NFO,21/10/2022,09:28:34,154.4,153.9,100,154.2,200,6650,1057600
NIFTY27OCT2217700PE.NFO,21/10/2022,09:28:35,153.9,153.95,100,154.2,900,3000,1057600
NIFTY27OCT2217700PE.NFO,21/10/2022,09:28:36,154.8,154.75,150,155,3800,3500,1057600
NIFTY27OCT2217700PE.NFO,21/10/2022,09:28:37,154.35,154.4,50,154.7,300,400,1057600
NIFTY27OCT2217700PE.NFO,21/10/2022,09:28:38,154.2,154.2,100,154.5,200,2450,1057600
NIFTY27OCT2217700PE.NFO,21/10/2022,09:28:39,154.3,153.95,100,154.3,50,2700,1057600
NIFTY27OCT2217700PE.NFO,21/10/2022,09:28:40,154.3,154,50,154.3,300,900,1057600
NIFTY27OCT2217700PE.NFO,21/10/2022,09:28:41,153.95,153.6,400,153.85,50,1350,1057600
NIFTY27OCT2217700PE.NFO,21/10/2022,09:28:43,152.4,152.1,200,152.45,700,9100,1057600
NIFTY27OCT2217700PE.NFO,21/10/2022,09:28:44,152.55,152.45,50,152.8,50,3900,1057600
NIFTY27OCT2217700PE.NFO,21/10/2022,09:28:44,153.1,153.1,50,153.4,100,150,1057600
NIFTY27OCT2217700PE.NFO,21/10/2022,09:28:45,152.85,152.65,450,153,50,1500,1057600
NIFTY27OCT2217700PE.NFO,21/10/2022,09:28:47,153,152.65,50,152.95,100,1200,1057600
NIFTY27OCT2217700PE.NFO,21/10/2022,09:28:48,152.35,152.4,150,152.55,50,2550,1057600
NIFTY27OCT2217700PE.NFO,21/10/2022,09:28:48,152.55,152.55,250,152.85,100,50,1057600
NIFTY27OCT2217700PE.NFO,21/10/2022,09:28:49,152.9,152.75,100,153,200,800,1057600
NIFTY27OCT2217700PE.NFO,21/10/2022,09:28:50,152,151.75,200,152,300,900,1057600
NIFTY27OCT2217700PE.NFO,21/10/2022,09:28:52,152.35,152.55,50,152.75,150,750,1057600
NIFTY27OCT2217700PE.NFO,21/10/2022,09:28:53,152.7,152.85,50,152.95,50,750,1057600
NIFTY27OCT2217700PE.NFO,21/10/2022,09:28:53,152.95,152.9,50,153,250,50,1057600
NIFTY27OCT2217700PE.NFO,21/10/2022,09:28:54,152.55,152.5,300,152.85,50,400,1057600
NIFTY27OCT2217700PE.NFO,21/10/2022,09:28:55,151.75,151.75,150,151.95,100,3550,1057600
NIFTY27OCT2217700PE.NFO,21/10/2022,09:28:57,151.95,151.7,100,152.05,200,1000,1057600
NIFTY27OCT2217700PE.NFO,21/10/2022,09:28:58,151.6,151.65,100,151.95,50,350,1057600
NIFTY27OCT2217700PE.NFO,21/10/2022,09:28:59,152.05,152,500,152.35,200,650,1057600
NIFTY27OCT2217700PE.NFO,21/10/2022,09:28:59,152.15,152.15,100,152.45,350,50,1057600
NIFTY27OCT2217700PE.NFO,21/10/2022,09:29:00,151.95,151.9,150,152.05,50,500,1057600
NIFTY27OCT2217700PE.NFO,21/10/2022,09:29:01,151.85,151.65,200,151.85,50,1500,1057600
NIFTY27OCT2217700PE.NFO,21/10/2022,09:29:02,152.45,152.1,100,152.4,400,550,1057600
NIFTY27OCT2217700PE.NFO,21/10/2022,09:29:04,151.2,151.15,150,151.4,200,1250,1057600
NIFTY27OCT2217700PE.NFO,21/10/2022,09:29:05,152,151.85,200,152.1,200,3100,1057600
NIFTY27OCT2217700PE.NFO,21/10/2022,09:29:06,151.6,151.5,200,151.75,100,450,1057600
NIFTY27OCT2217700PE.NFO,21/10/2022,09:29:07,152,151.65,250,151.95,350,250,1057600
NIFTY27OCT2217700PE.NFO,21/10/2022,09:29:07,151.6,151.7,100,152,650,50,1057600
NIFTY27OCT2217700PE.NFO,21/10/2022,09:29:08,153,152.65,250,152.9,50,950,1057600
NIFTY27OCT2217700PE.NFO,21/10/2022,09:29:09,152.8,152.65,200,152.9,50,1750,1057600
NIFTY27OCT2217700PE.NFO,21/10/2022,09:29:10,152.85,152.8,150,153,150,700,1057600
NIFTY27OCT2217700PE.NFO,21/10/2022,09:29:12,152.2,151.95,50,152.25,50,450,1057600
NIFTY27OCT2217700PE.NFO,21/10/2022,09:29:13,151.75,151.85,150,152.1,50,1500,1057600
NIFTY27OCT2217700PE.NFO,21/10/2022,09:29:14,152.05,152.15,100,152.4,250,950,1057600
NIFTY27OCT2217700PE.NFO,21/10/2022,09:29:14,152.45,152.2,50,152.5,600,100,1057600
NIFTY27OCT2217700PE.NFO,21/10/2022,09:29:15,152.9,152.8,100,153.1,200,1800,1057600
NIFTY27OCT2217700PE.NFO,21/10/2022,09:29:17,152.6,152.25,550,152.55,50,2700,1057600
NIFTY27OCT2217700PE.NFO,21/10/2022,09:29:17,152.65,152.25,200,152.5,50,600,1057600
NIFTY27OCT2217700PE.NFO,21/10/2022,09:29:18,152.2,152.25,200,152.6,700,1150,1057600
NIFTY27OCT2217700PE.NFO,21/10/2022,09:29:20,152.6,152.2,200,152.5,200,400,1057600
NIFTY27OCT2217700PE.NFO,21/10/2022,09:29:21,152.45,152.05,50,152.35,50,200,1057600
NIFTY27OCT2217700PE.NFO,21/10/2022,09:29:22,152.55,152.35,100,152.7,550,1550,1057600
NIFTY27OCT2217700PE.NFO,21/10/2022,09:29:22,152.6,152.15,50,152.35,50,300,1143650
NIFTY27OCT2217700PE.NFO,21/10/2022,09:29:23,153.15,152.9,100,153.1,50,900,1143650
NIFTY27OCT2217700PE.NFO,21/10/2022,09:29:24,152.9,152.85,100,153,600,100,1143650
NIFTY27OCT2217700PE.NFO,21/10/2022,09:29:25,152.7,152.35,100,152.65,100,1400,1143650
NIFTY27OCT2217700PE.NFO,21/10/2022,09:29:26,152.85,152.5,500,152.85,100,1800,1143650
NIFTY27OCT2217700PE.NFO,21/10/2022,09:29:28,152.45,152.25,200,152.45,250,450,1143650
NIFTY27OCT2217700PE.NFO,21/10/2022,09:29:29,152.5,152.25,150,152.5,200,1150,1143650
NIFTY27OCT2217700PE.NFO,21/10/2022,09:29:30,152.8,152.3,200,152.65,700,650,1143650
NIFTY27OCT2217700PE.NFO,21/10/2022,09:29:31,152.4,152.15,50,152.4,200,1050,1143650
NIFTY27OCT2217700PE.NFO,21/10/2022,09:29:31,152.5,152.15,50,152.5,200,250,1143650
NIFTY27OCT2217700PE.NFO,21/10/2022,09:29:32,152.8,152.8,150,153,100,650,1143650
NIFTY27OCT2217700PE.NFO,21/10/2022,09:29:34,153.4,153.45,200,153.65,150,1550,1143650
NIFTY27OCT2217700PE.NFO,21/10/2022,09:29:35,153.8,153.5,250,153.8,300,300,1143650
NIFTY27OCT2217700PE.NFO,21/10/2022,09:29:36,152.9,152.75,150,153.05,150,1350,1143650
NIFTY27OCT2217700PE.NFO,21/10/2022,09:29:36,153.05,153.05,200,153.4,550,50,1143650
NIFTY27OCT2217700PE.NFO,21/10/2022,09:29:37,153.3,153.45,200,153.75,50,2700,1143650
NIFTY27OCT2217700PE.NFO,21/10/2022,09:29:39,152.8,152.9,150,153.15,150,1400,1143650
NIFTY27OCT2217700PE.NFO,21/10/2022,09:29:40,153.1,153.05,50,153.1,50,2700,1143650
NIFTY27OCT2217700PE.NFO,21/10/2022,09:29:41,152.8,152.75,250,153.05,150,700,1143650
NIFTY27OCT2217700PE.NFO,21/10/2022,09:29:41,152.8,152.85,150,153.2,250,50,1143650
NIFTY27OCT2217700PE.NFO,21/10/2022,09:29:42,153.25,153.1,300,153.45,150,600,1143650
NIFTY27OCT2217700PE.NFO,21/10/2022,09:29:43,153.2,152.8,150,153.15,400,900,1143650
NIFTY27OCT2217700PE.NFO,21/10/2022,09:29:44,153.3,153.05,50,153.3,250,1150,1143650
NIFTY27OCT2217700PE.NFO,21/10/2022,09:29:45,153.2,153.2,50,153.35,50,300,1143650
NIFTY27OCT2217700PE.NFO,21/10/2022,09:29:46,153.2,153.2,200,153.5,300,1200,1143650
NIFTY27OCT2217700PE.NFO,21/10/2022,09:29:47,153.35,153.2,150,153.5,200,750,1143650
NIFTY27OCT2217700PE.NFO,21/10/2022,09:29:48,153.25,153.2,100,153.55,50,1050,1143650
NIFTY27OCT2217700PE.NFO,21/10/2022,09:29:50,152.9,152.65,2500,152.95,50,3050,1143650
NIFTY27OCT2217700PE.NFO,21/10/2022,09:29:51,152.8,152.55,150,152.85,150,3650,1143650
NIFTY27OCT2217700PE.NFO,21/10/2022,09:29:51,152.6,152.65,100,152.95,1150,300,1143650
NIFTY27OCT2217700PE.NFO,21/10/2022,09:29:52,153.1,152.75,250,153.1,350,750,1143650
NIFTY27OCT2217700PE.NFO,21/10/2022,09:29:53,153.45,153.2,150,153.45,200,800,1143650
NIFTY27OCT2217700PE.NFO,21/10/2022,09:29:54,153.6,153.7,300,154,2000,850,1143650
NIFTY27OCT2217700PE.NFO,21/10/2022,09:29:55,153.7,153.65,50,153.95,150,2050,1143650
NIFTY27OCT2217700PE.NFO,21/10/2022,09:29:56,154.35,154.05,150,154.35,400,3150,1143650
NIFTY27OCT2217700PE.NFO,21/10/2022,09:29:57,154.65,154.6,700,154.8,150,3150,1143650
NIFTY27OCT2217700PE.NFO,21/10/2022,09:29:59,154.6,154.6,900,154.95,100,2600,1143650
NIFTY27OCT2217700PE.NFO,21/10/2022,09:30:00,153.9,153.85,150,154.1,200,2250,1143650
NIFTY27OCT2217700PE.NFO,21/10/2022,09:30:01,152.6,152.5,200,152.8,200,4150,1143650
NIFTY27OCT2217700PE.NFO,21/10/2022,09:30:02,152,152,1400,152.05,100,1400,1143650
NIFTY27OCT2217700PE.NFO,21/10/2022,09:30:03,152.5,152.6,200,152.8,50,4550,1143650
NIFTY27OCT2217700PE.NFO,21/10/2022,09:30:04,152.4,151.8,750,152,50,1550,1143650
NIFTY27OCT2217700PE.NFO,21/10/2022,09:30:06,151.8,151.7,250,151.95,350,1700,1143650
NIFTY27OCT2217700PE.NFO,21/10/2022,09:30:07,152.05,152.05,100,152.2,50,5300,1143650
NIFTY27OCT2217700PE.NFO,21/10/2022,09:30:08,152.35,152.75,50,152.8,50,350,1143650
NIFTY27OCT2217700PE.NFO,21/10/2022,09:30:09,152.2,152.05,100,152.35,150,600,1143650
NIFTY27OCT2217700PE.NFO,21/10/2022,09:30:10,152,151.65,150,152,200,100,1143650
NIFTY27OCT2217700PE.NFO,21/10/2022,09:30:10,151.95,151.6,400,151.9,200,100,1143650
NIFTY27OCT2217700PE.NFO,21/10/2022,09:30:11,151.9,152.3,50,152.35,350,150,1143650
NIFTY27OCT2217700PE.NFO,21/10/2022,09:30:12,152.95,152.55,550,152.85,300,3600,1143650
NIFTY27OCT2217700PE.NFO,21/10/2022,09:30:13,152.8,152.55,150,152.85,300,750,1143650
NIFTY27OCT2217700PE.NFO,21/10/2022,09:30:14,152.5,152.6,650,152.85,300,150,1143650
NIFTY27OCT2217700PE.NFO,21/10/2022,09:30:15,153.1,153.05,50,153.3,200,3950,1143650
NIFTY27OCT2217700PE.NFO,21/10/2022,09:30:17,152.85,153.2,150,153.5,200,1000,1143650
NIFTY27OCT2217700PE.NFO,21/10/2022,09:30:18,154,153.85,150,154.1,200,5600,1143650
NIFTY27OCT2217700PE.NFO,21/10/2022,09:30:19,154.3,154.2,200,154.5,550,250,1143650
NIFTY27OCT2217700PE.NFO,21/10/2022,09:30:19,154,154,200,154.3,200,500,1143650
NIFTY27OCT2217700PE.NFO,21/10/2022,09:30:20,154.85,154.85,50,154.95,2400,700,1143650
NIFTY27OCT2217700PE.NFO,21/10/2022,09:30:21,156.25,156.2,100,156.5,650,11900,1143650
NIFTY27OCT2217700PE.NFO,21/10/2022,09:30:22,154.8,154.55,100,154.85,50,1500,1143650
NIFTY27OCT2217700PE.NFO,21/10/2022,09:30:23,154.55,154.35,500,154.7,100,850,1143650
NIFTY27OCT2217700PE.NFO,21/10/2022,09:30:25,153.35,153.35,250,153.7,550,2950,1143650
NIFTY27OCT2217700PE.NFO,21/10/2022,09:30:26,153.6,153.6,100,153.9,300,4000,1143650
NIFTY27OCT2217700PE.NFO,21/10/2022,09:30:26,153.95,153.9,250,154.2,350,50,1143650
NIFTY27OCT2217700PE.NFO,21/10/2022,09:30:27,153.6,153.5,250,153.7,200,550,1143650
NIFTY27OCT2217700PE.NFO,21/10/2022,09:30:28,153.5,153.3,300,153.55,150,2650,1143650
NIFTY27OCT2217700PE.NFO,21/10/2022,09:30:30,154.1,153.85,50,154.15,350,4150,1143650
NIFTY27OCT2217700PE.NFO,21/10/2022,09:30:31,154.5,154.4,100,154.6,700,1300,1143650
NIFTY27OCT2217700PE.NFO,21/10/2022,09:30:31,154.9,154.7,150,154.9,700,150,1143650
NIFTY27OCT2217700PE.NFO,21/10/2022,09:30:32,155.6,155.3,250,155.6,100,1150,1143650
NIFTY27OCT2217700PE.NFO,21/10/2022,09:30:33,156.35,156.35,100,156.6,550,6150,1143650
NIFTY27OCT2217700PE.NFO,21/10/2022,09:30:34,156.5,156.5,200,156.7,200,2750,1143650
NIFTY27OCT2217700PE.NFO,21/10/2022,09:30:35,157,156.75,50,157,650,2000,1143650
NIFTY27OCT2217700PE.NFO,21/10/2022,09:30:37,156.6,156,50,156.25,50,4100,1143650
NIFTY27OCT2217700PE.NFO,21/10/2022,09:30:38,155.6,155.35,100,155.65,250,3200,1143650
NIFTY27OCT2217700PE.NFO,21/10/2022,09:30:39,156.1,155.95,200,156.3,50,2750,1143650
NIFTY27OCT2217700PE.NFO,21/10/2022,09:30:39,156.35,156.1,200,156.35,600,200,1143650
NIFTY27OCT2217700PE.NFO,21/10/2022,09:30:40,156.4,156.05,100,156.3,400,3250,1143650
NIFTY27OCT2217700PE.NFO,21/10/2022,09:30:41,156.2,156.15,200,156.45,150,1850,1143650
NIFTY27OCT2217700PE.NFO,21/10/2022,09:30:43,156.35,156.05,250,156.3,150,1250,1143650
NIFTY27OCT2217700PE.NFO,21/10/2022,09:30:44,155.65,155.7,300,156,550,3300,1143650
NIFTY27OCT2217700PE.NFO,21/10/2022,09:30:44,155.95,156.25,100,156.55,350,1050,1143650
NIFTY27OCT2217700PE.NFO,21/10/2022,09:30:45,156.9,156.5,250,156.85,150,500,1143650
NIFTY27OCT2217700PE.NFO,21/10/2022,09:30:46,155.7,155.6,100,155.8,500,4300,1143650
NIFTY27OCT2217700PE.NFO,21/10/2022,09:30:47,156.8,156.6,150,156.85,800,7700,1143650
NIFTY27OCT2217700PE.NFO,21/10/2022,09:30:49,156.65,156.65,100,156.9,650,4650,1143650
NIFTY27OCT2217700PE.NFO,21/10/2022,09:30:50,156.9,156.85,700,157,1150,1300,1143650
NIFTY27OCT2217700PE.NFO,21/10/2022,09:30:50,156.85,156.85,500,157,550,800,1143650
NIFTY27OCT2217700PE.NFO,21/10/2022,09:30:51,156,155.7,250,156,550,5300,1143650
NIFTY27OCT2217700PE.NFO,21/10/2022,09:30:52,157.4,157.1,50,157.45,200,3250,1143650
NIFTY27OCT2217700PE.NFO,21/10/2022,09:30:53,157.1,157.05,50,157.15,50,750,1143650
NIFTY27OCT2217700PE.NFO,21/10/2022,09:30:55,156.35,156.15,250,156.45,50,1950,1143650
NIFTY27OCT2217700PE.NFO,21/10/2022,09:30:56,156.7,156.4,450,156.7,500,2350,1143650
NIFTY27OCT2217700PE.NFO,21/10/2022,09:30:57,157.2,157.2,100,157.3,150,2100,1143650
NIFTY27OCT2217700PE.NFO,21/10/2022,09:30:58,156.8,156.7,200,156.8,350,2700,1143650
NIFTY27OCT2217700PE.NFO,21/10/2022,09:30:59,156.75,156.9,350,157.2,600,3650,1143650
NIFTY27OCT2217700PE.NFO,21/10/2022,09:30:59,156.85,156.8,350,157.1,150,250,1143650
NIFTY27OCT2217700PE.NFO,21/10/2022,09:31:00,157.6,157.55,50,157.75,50,4000,1143650
NIFTY27OCT2217700PE.NFO,21/10/2022,09:31:01,156.9,156.8,50,156.95,150,700,1143650
NIFTY27OCT2217700PE.NFO,21/10/2022,09:31:03,157.55,157.4,200,157.55,250,8400,1143650
NIFTY27OCT2217700PE.NFO,21/10/2022,09:31:04,157.2,156.9,400,157.15,200,1450,1143650
NIFTY27OCT2217700PE.NFO,21/10/2022,09:31:05,156.1,156,550,156.2,350,3400,1143650
NIFTY27OCT2217700PE.NFO,21/10/2022,09:31:05,156.15,156,500,156.25,200,150,1143650
NIFTY27OCT2217700PE.NFO,21/10/2022,09:31:06,156.3,156.4,150,156.7,650,2700,1143650
NIFTY27OCT2217700PE.NFO,21/10/2022,09:31:08,156.15,156.25,50,156.45,150,1750,1143650
NIFTY27OCT2217700PE.NFO,21/10/2022,09:31:09,156,155.65,400,156,1300,2550,1143650
NIFTY27OCT2217700PE.NFO,21/10/2022,09:31:10,156.95,156.95,50,157,2850,1650,1143650
NIFTY27OCT2217700PE.NFO,21/10/2022,09:31:11,157,157.05,150,157.35,300,3300,1143650
NIFTY27OCT2217700PE.NFO,21/10/2022,09:31:12,156.7,156.3,50,156.45,100,1200,1143650
NIFTY27OCT2217700PE.NFO,21/10/2022,09:31:12,156.7,156.3,50,156.45,50,0,1143650
NIFTY27OCT2217700PE.NFO,21/10/2022,09:31:13,157.5,157.3,150,157.55,200,3800,1143650
NIFTY27OCT2217700PE.NFO,21/10/2022,09:31:15,156.85,156.55,100,156.8,100,500,1143650
NIFTY27OCT2217700PE.NFO,21/10/2022,09:31:16,157.05,156.7,150,157,150,700,1143650
NIFTY27OCT2217700PE.NFO,21/10/2022,09:31:17,157.4,157.25,50,157.65,150,1350,1143650
NIFTY27OCT2217700PE.NFO,21/10/2022,09:31:18,158.45,158.35,100,158.5,50,8200,1143650
NIFTY27OCT2217700PE.NFO,21/10/2022,09:31:19,158.1,157.8,750,158.1,100,650,1143650
NIFTY27OCT2217700PE.NFO,21/10/2022,09:31:19,157.8,157.85,50,158,50,100,1143650
NIFTY27OCT2217700PE.NFO,21/10/2022,09:31:20,157.8,157.6,450,157.95,1150,1800,1143650
NIFTY27OCT2217700PE.NFO,21/10/2022,09:31:21,157.55,157.4,100,157.7,150,1100,1143650
NIFTY27OCT2217700PE.NFO,21/10/2022,09:31:23,157.5,157.5,650,157.8,250,850,1143650
NIFTY27OCT2217700PE.NFO,21/10/2022,09:31:24,157.1,156.7,800,157,50,2150,1143650
NIFTY27OCT2217700PE.NFO,21/10/2022,09:31:25,157.8,157.45,150,157.75,200,450,1143650
NIFTY27OCT2217700PE.NFO,21/10/2022,09:31:26,157.95,157.5,50,157.8,150,2950,1143650
NIFTY27OCT2217700PE.NFO,21/10/2022,09:31:27,157.7,157.5,350,157.8,200,1550,1143650
NIFTY27OCT2217700PE.NFO,21/10/2022,09:31:28,157.6,157.55,150,157.8,450,200,1143650
NIFTY27OCT2217700PE.NFO,21/10/2022,09:31:28,157.6,157.5,250,157.6,100,350,1143650
NIFTY27OCT2217700PE.NFO,21/10/2022,09:31:30,157.5,157.1,50,157.4,150,1600,1143650
NIFTY27OCT2217700PE.NFO,21/10/2022,09:31:31,157,157,1300,157.25,100,2800,1143650
NIFTY27OCT2217700PE.NFO,21/10/2022,09:31:32,157.25,157,1300,157.25,150,350,1143650
NIFTY27OCT2217700PE.NFO,21/10/2022,09:31:33,156.45,156.45,150,156.75,100,2950,1143650
NIFTY27OCT2217700PE.NFO,21/10/2022,09:31:34,157.15,156.8,200,157.1,200,900,1143650
NIFTY27OCT2217700PE.NFO,21/10/2022,09:31:35,156.8,156.55,350,156.9,350,2200,1143650
NIFTY27OCT2217700PE.NFO,21/10/2022,09:31:35,156.75,156.85,150,157.15,50,800,1143650
NIFTY27OCT2217700PE.NFO,21/10/2022,09:31:37,157.15,157,50,157.1,200,600,1143650
NIFTY27OCT2217700PE.NFO,21/10/2022,09:31:38,156.85,156.85,100,157.15,150,100,1143650
NIFTY27OCT2217700PE.NFO,21/10/2022,09:31:39,157.45,157.1,50,157.35,150,400,1143650
NIFTY27OCT2217700PE.NFO,21/10/2022,09:31:40,157.05,157.2,150,157.45,50,350,1143650
NIFTY27OCT2217700PE.NFO,21/10/2022,09:31:41,156.8,156.55,150,156.85,350,4050,1143650
NIFTY27OCT2217700PE.NFO,21/10/2022,09:31:41,156.45,156.15,550,156.45,150,100,1143650
NIFTY27OCT2217700PE.NFO,21/10/2022,09:31:42,156,155.7,300,156,150,3250,1143650
NIFTY27OCT2217700PE.NFO,21/10/2022,09:31:44,154.5,154.5,2350,154.55,150,4400,1143650
NIFTY27OCT2217700PE.NFO,21/10/2022,09:31:45,154.5,154.5,1400,154.55,50,1200,1143650
NIFTY27OCT2217700PE.NFO,21/10/2022,09:31:46,154,154,500,154.1,250,3150,1143650
NIFTY27OCT2217700PE.NFO,21/10/2022,09:31:47,153.35,153.35,400,153.7,250,4850,1143650
NIFTY27OCT2217700PE.NFO,21/10/2022,09:31:48,154,153.6,400,153.8,200,800,1143650
NIFTY27OCT2217700PE.NFO,21/10/2022,09:31:48,154,153.7,300,154,200,1300,1143650
NIFTY27OCT2217700PE.NFO,21/10/2022,09:31:49,153.85,153.85,250,154.1,200,200,1143650
NIFTY27OCT2217700PE.NFO,21/10/2022,09:31:51,153.4,153.45,150,153.7,200,700,1143650
NIFTY27OCT2217700PE.NFO,21/10/2022,09:31:52,153.4,153.15,50,153.4,150,1050,1143650
NIFTY27OCT2217700PE.NFO,21/10/2022,09:31:53,152.55,152.5,300,152.8,50,2550,1143650
NIFTY27OCT2217700PE.NFO,21/10/2022,09:31:53,152.85,152.6,700,152.9,200,1900,1143650
NIFTY27OCT2217700PE.NFO,21/10/2022,09:31:54,152.7,152.45,150,152.75,50,2400,1143650
NIFTY27OCT2217700PE.NFO,21/10/2022,09:31:55,152.1,152,700,152.2,200,300,1143650
NIFTY27OCT2217700PE.NFO,21/10/2022,09:31:57,151.55,151.5,300,151.7,200,1650,1143650
NIFTY27OCT2217700PE.NFO,21/10/2022,09:31:58,151.45,151.35,150,151.65,300,3550,1143650
NIFTY27OCT2217700PE.NFO,21/10/2022,09:31:59,151.45,151.2,950,151.6,350,2700,1143650
NIFTY27OCT2217700PE.NFO,21/10/2022,09:32:00,151.55,151.8,350,152.1,500,1100,1143650
NIFTY27OCT2217700PE.NFO,21/10/2022,09:32:00,152,151.8,150,152.05,350,150,1143650
NIFTY27OCT2217700PE.NFO,21/10/2022,09:32:02,153.8,153.6,750,153.95,350,8250,1143650
NIFTY27OCT2217700PE.NFO,21/10/2022,09:32:03,154.05,154.1,150,154.35,500,1750,1143650
NIFTY27OCT2217700PE.NFO,21/10/2022,09:32:04,155.3,155.15,150,155.35,150,1050,1143650
NIFTY27OCT2217700PE.NFO,21/10/2022,09:32:05,155,155.15,100,155.45,150,500,1143650
NIFTY27OCT2217700PE.NFO,21/10/2022,09:32:06,155.3,155.45,200,155.75,150,1250,1143650
NIFTY27OCT2217700PE.NFO,21/10/2022,09:32:07,154.7,154.55,600,154.85,150,3300,1143650
NIFTY27OCT2217700PE.NFO,21/10/2022,09:32:08,155.05,154.85,400,155.1,200,950,1143650
NIFTY27OCT2217700PE.NFO,21/10/2022,09:32:09,154.6,154.7,550,154.95,50,1900,1143650
NIFTY27OCT2217700PE.NFO,21/10/2022,09:32:09,154.6,154.55,250,154.8,150,0,1143650
NIFTY27OCT2217700PE.NFO,21/10/2022,09:32:11,154.05,154.05,200,154.35,150,2550,1143650
NIFTY27OCT2217700PE.NFO,21/10/2022,09:32:12,154.4,154.15,100,154.25,100,300,1143650
NIFTY27OCT2217700PE.NFO,21/10/2022,09:32:13,154.4,154.3,250,154.6,600,400,1143650
NIFTY27OCT2217700PE.NFO,21/10/2022,09:32:14,154.55,154.7,100,155,800,1600,1143650
NIFTY27OCT2217700PE.NFO,21/10/2022,09:32:15,155.95,155.8,300,156,2400,1150,1143650
NIFTY27OCT2217700PE.NFO,21/10/2022,09:32:15,156,155.65,50,155.9,200,50,1143650
NIFTY27OCT2217700PE.NFO,21/10/2022,09:32:16,156,155.95,400,156.15,100,4000,1143650
NIFTY27OCT2217700PE.NFO,21/10/2022,09:32:18,155.7,155.8,150,156.2,950,4350,1143650
NIFTY27OCT2217700PE.NFO,21/10/2022,09:32:19,156.45,156.5,200,156.8,200,1200,1143650
NIFTY27OCT2217700PE.NFO,21/10/2022,09:32:20,156.5,156.7,150,157,1850,3050,1143650
NIFTY27OCT2217700PE.NFO,21/10/2022,09:32:21,157.05,156.9,150,157.2,300,1400,1143650
NIFTY27OCT2217700PE.NFO,21/10/2022,09:32:22,157.65,157.3,300,157.65,250,2800,1143650
NIFTY27OCT2217700PE.NFO,21/10/2022,09:32:22,157.3,157.35,100,157.65,100,300,1143650
NIFTY27OCT2217700PE.NFO,21/10/2022,09:32:23,157.15,157.25,100,157.6,450,1650,1238850
NIFTY27OCT2217700PE.NFO,21/10/2022,09:32:24,157.5,157.45,250,157.75,200,650,1238850
NIFTY27OCT2217700PE.NFO,21/10/2022,09:32:25,158,158,150,158.3,150,4100,1238850
NIFTY27OCT2217700PE.NFO,21/10/2022,09:32:26,158.45,158.25,200,158.45,450,2000,1238850
NIFTY27OCT2217700PE.NFO,21/10/2022,09:32:28,158.45,158.2,50,158.45,100,500,1238850
NIFTY27OCT2217700PE.NFO,21/10/2022,09:32:29,158.55,158.3,50,158.55,100,5050,1238850
NIFTY27OCT2217700PE.NFO,21/10/2022,09:32:30,157.7,157.55,200,157.8,150,3850,1238850
NIFTY27OCT2217700PE.NFO,21/10/2022,09:32:31,157.05,156.85,50,157.05,100,2000,1238850
NIFTY27OCT2217700PE.NFO,21/10/2022,09:32:32,157.6,157,150,157.3,200,1850,1238850
NIFTY27OCT2217700PE.NFO,21/10/2022,09:32:33,156.8,156.5,450,156.8,300,4250,1238850
NIFTY27OCT2217700PE.NFO,21/10/2022,09:32:34,156.25,156.15,150,156.5,800,600,1238850
NIFTY27OCT2217700PE.NFO,21/10/2022,09:32:36,156.05,156,50,156.3,250,850,1238850
NIFTY27OCT2217700PE.NFO,21/10/2022,09:32:37,156.45,156.45,300,156.8,500,650,1238850
NIFTY27OCT2217700PE.NFO,21/10/2022,09:32:38,157.6,157.4,100,157.7,50,1100,1238850
NIFTY27OCT2217700PE.NFO,21/10/2022,09:32:39,156.9,156.8,50,157.05,250,2400,1238850
NIFTY27OCT2217700PE.NFO,21/10/2022,09:32:40,157.25,156.9,150,157.15,50,450,1238850
NIFTY27OCT2217700PE.NFO,21/10/2022,09:32:41,156.55,156.45,50,156.7,150,250,1238850
NIFTY27OCT2217700PE.NFO,21/10/2022,09:32:42,156,156,50,156.2,100,1200,1238850
NIFTY27OCT2217700PE.NFO,21/10/2022,09:32:42,156,156.05,300,156.4,200,0,1238850
NIFTY27OCT2217700PE.NFO,21/10/2022,09:32:43,156.15,155.9,100,156.2,200,300,1238850
NIFTY27OCT2217700PE.NFO,21/10/2022,09:32:44,156,155.55,50,155.85,100,900,1238850
NIFTY27OCT2217700PE.NFO,21/10/2022,09:32:46,155.85,155.75,100,156.1,200,500,1238850
NIFTY27OCT2217700PE.NFO,21/10/2022,09:32:47,156.25,155.85,150,156.15,150,700,1238850
NIFTY27OCT2217700PE.NFO,21/10/2022,09:32:48,155,155,250,155.3,300,2800,1238850
NIFTY27OCT2217700PE.NFO,21/10/2022,09:32:48,155,154.95,350,155.25,300,0,1238850
NIFTY27OCT2217700PE.NFO,21/10/2022,09:32:49,155.15,155,50,155.3,550,600,1238850
NIFTY27OCT2217700PE.NFO,21/10/2022,09:32:51,155.65,155.4,500,155.6,50,100,1238850
NIFTY27OCT2217700PE.NFO,21/10/2022,09:32:52,155.45,155.4,250,155.5,200,100,1238850
NIFTY27OCT2217700PE.NFO,21/10/2022,09:32:53,155.6,155.5,150,155.7,200,300,1238850
NIFTY27OCT2217700PE.NFO,21/10/2022,09:32:54,155.15,155,50,155.2,550,1500,1238850
NIFTY27OCT2217700PE.NFO,21/10/2022,09:32:55,155.15,155.05,1100,155.4,550,1050,1238850
NIFTY27OCT2217700PE.NFO,21/10/2022,09:32:56,156,155.85,150,156.1,250,1600,1238850
NIFTY27OCT2217700PE.NFO,21/10/2022,09:32:57,155.95,155.45,150,155.8,500,2500,1238850
NIFTY27OCT2217700PE.NFO,21/10/2022,09:32:57,155.95,155.3,50,155.6,150,0,1238850
NIFTY27OCT2217700PE.NFO,21/10/2022,09:32:58,155.7,155.6,50,155.85,50,150,1238850
NIFTY27OCT2217700PE.NFO,21/10/2022,09:33:00,155.3,155,100,155.1,800,950,1238850
NIFTY27OCT2217700PE.NFO,21/10/2022,09:33:01,156.45,156.15,50,156.35,150,850,1238850
NIFTY27OCT2217700PE.NFO,21/10/2022,09:33:02,156.25,156.1,50,156.35,150,250,1238850
NIFTY27OCT2217700PE.NFO,21/10/2022,09:33:02,156.3,156.1,50,156.15,150,550,1238850
NIFTY27OCT2217700PE.NFO,21/10/2022,09:33:04,156.55,156.55,50,156.85,150,4900,1238850
NIFTY27OCT2217700PE.NFO,21/10/2022,09:33:05,156,156,150,156.2,250,1850,1238850
NIFTY27OCT2217700PE.NFO,21/10/2022,09:33:06,157.1,156.75,150,157.05,250,2650,1238850
NIFTY27OCT2217700PE.NFO,21/10/2022,09:33:07,157.1,156.95,300,157.3,600,400,1238850
NIFTY27OCT2217700PE.NFO,21/10/2022,09:33:08,157.5,157.15,150,157.45,100,300,1238850
NIFTY27OCT2217700PE.NFO,21/10/2022,09:33:09,156.65,156.6,150,156.9,250,1000,1238850
NIFTY27OCT2217700PE.NFO,21/10/2022,09:33:10,156.55,156.6,150,156.95,350,750,1238850
NIFTY27OCT2217700PE.NFO,21/10/2022,09:33:10,157,156.7,150,157,250,850,1238850
NIFTY27OCT2217700PE.NFO,21/10/2022,09:33:12,156.5,156.3,1200,156.6,200,3500,1238850
NIFTY27OCT2217700PE.NFO,21/10/2022,09:33:13,157.15,156.9,300,157.2,600,100,1238850
NIFTY27OCT2217700PE.NFO,21/10/2022,09:33:14,157.25,157.4,200,157.5,1750,1300,1238850
NIFTY27OCT2217700PE.NFO,21/10/2022,09:33:15,157.95,157.5,500,157.8,150,2050,1238850
NIFTY27OCT2217700PE.NFO,21/10/2022,09:33:16,157.9,157.65,600,158,5250,300,1238850
NIFTY27OCT2217700PE.NFO,21/10/2022,09:33:17,157.3,157.25,50,157.5,500,1050,1238850
NIFTY27OCT2217700PE.NFO,21/10/2022,09:33:17,157.3,157.2,50,157.45,150,0,1238850
NIFTY27OCT2217700PE.NFO,21/10/2022,09:33:19,157.15,157,100,157.15,50,1250,1238850
NIFTY27OCT2217700PE.NFO,21/10/2022,09:33:20,156.7,156.35,50,156.7,200,3300,1238850
NIFTY27OCT2217700PE.NFO,21/10/2022,09:33:21,156.4,156.15,100,156.45,100,3300,1238850
NIFTY27OCT2217700PE.NFO,21/10/2022,09:33:22,156.2,156.25,50,156.55,200,1300,1238850
NIFTY27OCT2217700PE.NFO,21/10/2022,09:33:23,156.65,156.25,100,156.6,350,700,1238850
NIFTY27OCT2217700PE.NFO,21/10/2022,09:33:24,156.65,156.45,450,156.8,500,1300,1238850
NIFTY27OCT2217700PE.NFO,21/10/2022,09:33:25,156.4,156.2,100,156.35,200,250,1238850
NIFTY27OCT2217700PE.NFO,21/10/2022,09:33:25,156.4,156.2,100,156.4,600,0,1238850
NIFTY27OCT2217700PE.NFO,21/10/2022,09:33:27,156.4,156.35,50,156.6,200,450,1238850
NIFTY27OCT2217700PE.NFO,21/10/2022,09:33:28,156.95,156.5,250,156.8,200,800,1238850
NIFTY27OCT2217700PE.NFO,21/10/2022,09:33:29,156.7,156.85,50,157,100,300,1238850
NIFTY27OCT2217700PE.NFO,21/10/2022,09:33:30,157,156.9,50,157,50,150,1238850
NIFTY27OCT2217700PE.NFO,21/10/2022,09:33:31,156.7,156.5,150,156.8,850,2300,1238850
NIFTY27OCT2217700PE.NFO,21/10/2022,09:33:31,157,156.85,100,157.15,250,50,1238850
NIFTY27OCT2217700PE.NFO,21/10/2022,09:33:33,156.75,156.55,50,156.85,50,200,1238850
NIFTY27OCT2217700PE.NFO,21/10/2022,09:33:34,156.75,156.35,50,156.6,50,0,1238850
NIFTY27OCT2217700PE.NFO,21/10/2022,09:33:35,156.55,156,1750,156.1,200,1450,1238850
NIFTY27OCT2217700PE.NFO,21/10/2022,09:33:36,156.05,156.1,200,156.35,50,1950,1238850
NIFTY27OCT2217700PE.NFO,21/10/2022,09:33:37,156.3,156.4,50,156.65,100,2200,1238850
NIFTY27OCT2217700PE.NFO,21/10/2022,09:33:38,156.35,156,1750,156.3,250,200,1238850
NIFTY27OCT2217700PE.NFO,21/10/2022,09:33:38,156.35,156.1,50,156.3,250,0,1238850
NIFTY27OCT2217700PE.NFO,21/10/2022,09:33:40,156.35,156.35,1600,156.6,250,600,1238850
NIFTY27OCT2217700PE.NFO,21/10/2022,09:33:41,156.35,156.25,400,156.45,50,3450,1238850
NIFTY27OCT2217700PE.NFO,21/10/2022,09:33:42,156.75,156.65,150,156.95,150,4100,1238850
NIFTY27OCT2217700PE.NFO,21/10/2022,09:33:43,156.75,156.5,50,156.8,200,300,1238850
NIFTY27OCT2217700PE.NFO,21/10/2022,09:33:43,156.75,156.4,50,156.7,150,0,1238850
NIFTY27OCT2217700PE.NFO,21/10/2022,09:33:45,156.65,156.6,200,156.9,550,450,1238850
NIFTY27OCT2217700PE.NFO,21/10/2022,09:33:46,156.65,156.6,550,156.85,50,250,1238850
NIFTY27OCT2217700PE.NFO,21/10/2022,09:33:47,156.9,156.65,250,156.9,200,150,1238850
NIFTY27OCT2217700PE.NFO,21/10/2022,09:33:48,157,156.65,250,156.9,200,250,1238850
NIFTY27OCT2217700PE.NFO,21/10/2022,09:33:49,156.35,156.45,500,156.8,600,1800,1238850
NIFTY27OCT2217700PE.NFO,21/10/2022,09:33:50,156.75,156.75,250,156.95,50,300,1238850
NIFTY27OCT2217700PE.NFO,21/10/2022,09:33:51,156.2,156.25,100,156.55,100,3050,1238850
NIFTY27OCT2217700PE.NFO,21/10/2022,09:33:52,156.35,156.1,450,156.4,200,100,1238850
NIFTY27OCT2217700PE.NFO,21/10/2022,09:33:53,156.2,156.15,150,156.5,350,300,1238850
NIFTY27OCT2217700PE.NFO,21/10/2022,09:33:54,156.55,156.3,200,156.6,250,250,1238850
NIFTY27OCT2217700PE.NFO,21/10/2022,09:33:54,156.65,156.4,250,156.7,300,200,1238850
NIFTY27OCT2217700PE.NFO,21/10/2022,09:33:56,156.7,156.6,250,156.85,100,2950,1238850
NIFTY27OCT2217700PE.NFO,21/10/2022,09:33:57,156.65,156.55,150,156.8,100,50,1238850
NIFTY27OCT2217700PE.NFO,21/10/2022,09:33:58,157.55,157.7,300,158,3550,9850,1238850
NIFTY27OCT2217700PE.NFO,21/10/2022,09:33:58,158,157.5,50,157.8,150,50,1238850
NIFTY27OCT2217700PE.NFO,21/10/2022,09:34:00,157.6,157.55,650,157.85,50,3550,1238850
NIFTY27OCT2217700PE.NFO,21/10/2022,09:34:01,156.85,156.65,50,156.85,50,5600,1238850
NIFTY27OCT2217700PE.NFO,21/10/2022,09:34:02,157.35,157.1,150,157.45,550,50,1238850
NIFTY27OCT2217700PE.NFO,21/10/2022,09:34:03,157,156.85,150,157.2,150,300,1238850
NIFTY27OCT2217700PE.NFO,21/10/2022,09:34:04,156.65,156.4,300,156.7,50,850,1238850
NIFTY27OCT2217700PE.NFO,21/10/2022,09:34:05,157,157.05,250,157.3,50,1050,1238850
NIFTY27OCT2217700PE.NFO,21/10/2022,09:34:06,157.5,157.4,1600,157.75,150,450,1238850
NIFTY27OCT2217700PE.NFO,21/10/2022,09:34:07,157.5,157.45,150,157.75,50,350,1238850
NIFTY27OCT2217700PE.NFO,21/10/2022,09:34:08,157.8,157.3,600,157.55,50,800,1238850
NIFTY27OCT2217700PE.NFO,21/10/2022,09:34:08,157.8,157.45,200,157.8,250,0,1238850
NIFTY27OCT2217700PE.NFO,21/10/2022,09:34:09,157.95,157.65,100,157.95,300,2350,1238850
NIFTY27OCT2217700PE.NFO,21/10/2022,09:34:11,157.2,157.3,200,157.55,50,2100,1238850
NIFTY27OCT2217700PE.NFO,21/10/2022,09:34:12,157.8,157.6,50,157.8,50,150,1238850
NIFTY27OCT2217700PE.NFO,21/10/2022,09:34:13,157.75,157.55,100,157.8,100,50,1238850
NIFTY27OCT2217700PE.NFO,21/10/2022,09:34:14,157.55,157.5,1000,157.85,1350,1850,1238850
NIFTY27OCT2217700PE.NFO,21/10/2022,09:34:15,157.9,157.8,200,157.95,50,1550,1238850
NIFTY27OCT2217700PE.NFO,21/10/2022,09:34:16,157.5,157.45,50,157.75,50,1800,1238850
NIFTY27OCT2217700PE.NFO,21/10/2022,09:34:16,157.5,157.45,50,157.7,150,0,1238850
NIFTY27OCT2217700PE.NFO,21/10/2022,09:34:17,157.8,157.75,50,157.8,900,150,1238850
NIFTY27OCT2217700PE.NFO,21/10/2022,09:34:18,157.75,157.3,1200,157.55,50,300,1238850
NIFTY27OCT2217700PE.NFO,21/10/2022,09:34:20,157.3,157.1,150,157.35,100,900,1238850
NIFTY27OCT2217700PE.NFO,21/10/2022,09:34:21,157.05,157.1,50,157.25,150,600,1238850
NIFTY27OCT2217700PE.NFO,21/10/2022,09:34:22,157.15,156.95,50,157.1,50,1650,1238850
NIFTY27OCT2217700PE.NFO,21/10/2022,09:34:23,157.25,156.95,150,157.3,1350,600,1238850
NIFTY27OCT2217700PE.NFO,21/10/2022,09:34:24,157.15,157.1,100,157.3,1050,50,1238850
NIFTY27OCT2217700PE.NFO,21/10/2022,09:34:25,157,157.05,150,157.25,50,750,1238850
NIFTY27OCT2217700PE.NFO,21/10/2022,09:34:25,157.15,157.1,500,157.45,150,1200,1238850
NIFTY27OCT2217700PE.NFO,21/10/2022,09:34:27,157.4,157.1,200,157.35,50,500,1238850
NIFTY27OCT2217700PE.NFO,21/10/2022,09:34:28,157.35,157,550,157.25,50,50,1238850
NIFTY27OCT2217700PE.NFO,21/10/2022,09:34:29,156.85,156.9,50,157.15,50,1150,1238850
NIFTY27OCT2217700PE.NFO,21/10/2022,09:34:30,157,156.75,150,157.05,50,2800,1238850
NIFTY27OCT2217700PE.NFO,21/10/2022,09:34:31,157.1,156.9,100,157.15,50,250,1238850
NIFTY27OCT2217700PE.NFO,21/10/2022,09:34:32,157.1,156.95,50,157.05,50,0,1238850
NIFTY27OCT2217700PE.NFO,21/10/2022,09:34:33,156.85,156.7,50,156.95,200,350,1238850
NIFTY27OCT2217700PE.NFO,21/10/2022,09:34:34,156.85,156.6,250,156.95,100,100,1238850
NIFTY27OCT2217700PE.NFO,21/10/2022,09:34:35,157.15,157.1,50,157.25,250,3550,1238850
NIFTY27OCT2217700PE.NFO,21/10/2022,09:34:36,157.25,156.9,500,157.2,300,1350,1238850
NIFTY27OCT2217700PE.NFO,21/10/2022,09:34:37,157.4,157,200,157.25,150,800,1238850
NIFTY27OCT2217700PE.NFO,21/10/2022,09:34:38,157,157.05,100,157.4,650,2600,1238850
NIFTY27OCT2217700PE.NFO,21/10/2022,09:34:39,157.35,157.15,100,157.45,50,400,1238850
NIFTY27OCT2217700PE.NFO,21/10/2022,09:34:39,157.35,157.15,50,157.4,150,0,1238850
NIFTY27OCT2217700PE.NFO,21/10/2022,09:34:41,157.35,157.35,150,157.45,50,650,1238850
NIFTY27OCT2217700PE.NFO,21/10/2022,09:34:42,157.15,157.3,250,157.55,50,250,1238850
NIFTY27OCT2217700PE.NFO,21/10/2022,09:34:43,157.45,157.1,200,157.4,100,1400,1238850
