Ticker,Date,Time,LTP,BuyPrice,BuyQty,SellPrice,SellQty,LTQ,OpenInterest
NIFTY27OCT2217700CE.NFO,21/10/2022,09:15:00,71.5,78.9,50,80.9,400,3600,2748400
NIFTY27OCT2217700CE.NFO,21/10/2022,09:15:00,71.5,78.9,50,80.9,400,0,2748400
NIFTY27OCT2217700CE.NFO,21/10/2022,09:15:00,81.25,78.9,50,80.9,400,0,2748400
NIFTY27OCT2217700CE.NFO,21/10/2022,09:15:00,71.5,78.9,50,80.9,400,0,2748400
NIFTY27OCT2217700CE.NFO,21/10/2022,09:15:02,79.6,79.2,400,80,100,16000,2748400
NIFTY27OCT2217700CE.NFO,21/10/2022,09:15:03,80.45,80.45,400,80.95,350,28250,2748400
NIFTY27OCT2217700CE.NFO,21/10/2022,09:15:03,83.35,80.45,400,80.95,350,0,2748400
NIFTY27OCT2217700CE.NFO,21/10/2022,09:15:04,79.9,79.3,450,79.9,200,36050,2748400
NIFTY27OCT2217700CE.NFO,21/10/2022,09:15:04,83.5,79.3,450,79.9,200,0,2748400
NIFTY27OCT2217700CE.NFO,21/10/2022,09:15:06,75.85,75.65,50,76.1,400,42100,2748400
NIFTY27OCT2217700CE.NFO,21/10/2022,09:15:07,76.35,75.8,400,76.35,100,30900,2748400
NIFTY27OCT2217700CE.NFO,21/10/2022,09:15:09,76.5,76.5,50,76.6,100,27250,2748400
NIFTY27OCT2217700CE.NFO,21/10/2022,09:15:10,75.9,75.6,200,75.95,250,60900,2748400
NIFTY27OCT2217700CE.NFO,21/10/2022,09:15:12,76.15,76.15,50,76.2,50,35900,2748400
NIFTY27OCT2217700CE.NFO,21/10/2022,09:15:13,77.15,76.85,50,77.15,400,28600,2748400
NIFTY27OCT2217700CE.NFO,21/10/2022,09:15:14,76.75,76.55,150,76.7,50,31850,2748400
NIFTY27OCT2217700CE.NFO,21/10/2022,09:15:15,76.6,76.4,50,76.6,150,64250,2748400
NIFTY27OCT2217700CE.NFO,21/10/2022,09:15:17,77.05,77.1,450,77.35,250,27300,2748400
NIFTY27OCT2217700CE.NFO,21/10/2022,09:15:18,78.35,78.35,50,78.55,50,39450,2748400
NIFTY27OCT2217700CE.NFO,21/10/2022,09:15:19,80,79.7,100,80,6600,32250,2748400
NIFTY27OCT2217700CE.NFO,21/10/2022,09:15:21,80.15,80.15,200,80.4,250,35700,2748400
NIFTY27OCT2217700CE.NFO,21/10/2022,09:15:22,80.7,80.7,450,80.9,100,37750,2748400
NIFTY27OCT2217700CE.NFO,21/10/2022,09:15:23,80.4,80.4,12150,80.65,50,27200,2748400
NIFTY27OCT2217700CE.NFO,21/10/2022,09:15:25,81,80.95,250,81.2,150,35500,2748400
NIFTY27OCT2217700CE.NFO,21/10/2022,09:15:26,80.4,80.4,850,80.6,550,32250,2748400
NIFTY27OCT2217700CE.NFO,21/10/2022,09:15:27,80.8,80.7,550,81.1,1100,35050,2748400
NIFTY27OCT2217700CE.NFO,21/10/2022,09:15:29,79.85,79.75,300,80.15,650,48350,2748400
NIFTY27OCT2217700CE.NFO,21/10/2022,09:15:30,78.5,78.15,50,78.5,100,43050,2748400
NIFTY27OCT2217700CE.NFO,21/10/2022,09:15:32,78.2,77.85,50,78.15,100,35850,2748400
NIFTY27OCT2217700CE.NFO,21/10/2022,09:15:33,77.35,77.1,50,77.35,100,10100,2748400
NIFTY27OCT2217700CE.NFO,21/10/2022,09:15:34,77.5,77.15,50,77.45,200,23250,2748400
NIFTY27OCT2217700CE.NFO,21/10/2022,09:15:36,78,77.65,150,78,12050,13600,2748400
NIFTY27OCT2217700CE.NFO,21/10/2022,09:15:37,77.5,77.2,1250,77.55,50,23150,2748400
NIFTY27OCT2217700CE.NFO,21/10/2022,09:15:38,77.65,77.6,50,77.9,200,19550,2748400
NIFTY27OCT2217700CE.NFO,21/10/2022,09:15:40,76.15,76.15,200,76.4,250,22100,2748400
NIFTY27OCT2217700CE.NFO,21/10/2022,09:15:41,76.45,76.45,600,76.7,100,28450,2748400
NIFTY27OCT2217700CE.NFO,21/10/2022,09:15:42,76.6,76.3,50,76.6,200,19100,2748400
NIFTY27OCT2217700CE.NFO,21/10/2022,09:15:44,75.75,75.6,50,75.85,600,27450,2748400
NIFTY27OCT2217700CE.NFO,21/10/2022,09:15:45,75.7,75.5,50,75.75,900,20650,2748400
NIFTY27OCT2217700CE.NFO,21/10/2022,09:15:46,75,75,24250,75.35,400,29600,2748400
NIFTY27OCT2217700CE.NFO,21/10/2022,09:15:48,75.4,75.2,100,75.45,750,36600,2748400
NIFTY27OCT2217700CE.NFO,21/10/2022,09:15:49,75.1,74.95,50,75.1,900,18600,2748400
NIFTY27OCT2217700CE.NFO,21/10/2022,09:15:50,75.3,75.3,300,75.4,200,19050,2748400
NIFTY27OCT2217700CE.NFO,21/10/2022,09:15:52,75.9,75.75,200,75.9,750,18550,2748400
NIFTY27OCT2217700CE.NFO,21/10/2022,09:15:53,76.35,76.35,350,76.6,2250,47950,2748400
NIFTY27OCT2217700CE.NFO,21/10/2022,09:15:54,76.55,76.15,300,76.55,200,29950,2748400
NIFTY27OCT2217700CE.NFO,21/10/2022,09:15:56,75.75,75.45,950,75.8,600,35650,2748400
NIFTY27OCT2217700CE.NFO,21/10/2022,09:15:57,75.9,75.65,200,75.85,200,19450,2748400
NIFTY27OCT2217700CE.NFO,21/10/2022,09:15:58,76,76,3200,76.25,100,25300,2748400
NIFTY27OCT2217700CE.NFO,21/10/2022,09:15:59,76.85,76.9,400,76.95,100,22850,2748400
NIFTY27OCT2217700CE.NFO,21/10/2022,09:16:01,77.6,77.6,150,77.8,250,32450,2748400
NIFTY27OCT2217700CE.NFO,21/10/2022,09:16:02,78.1,77.95,200,78.15,400,48700,2748400
NIFTY27OCT2217700CE.NFO,21/10/2022,09:16:03,78.4,78.25,200,78.45,50,20950,2748400
NIFTY27OCT2217700CE.NFO,21/10/2022,09:16:05,78.85,78.75,1200,78.95,350,21550,2748400
NIFTY27OCT2217700CE.NFO,21/10/2022,09:16:06,79.8,79.65,200,79.75,200,28550,2748400
NIFTY27OCT2217700CE.NFO,21/10/2022,09:16:07,79.85,79.85,50,79.95,50,17800,2748400
NIFTY27OCT2217700CE.NFO,21/10/2022,09:16:09,80.1,80.05,200,80.1,50,30400,2748400
NIFTY27OCT2217700CE.NFO,21/10/2022,09:16:10,81.35,81.15,100,81.35,100,31100,2748400
NIFTY27OCT2217700CE.NFO,21/10/2022,09:16:11,81.55,81.2,200,81.4,200,30750,2748400
NIFTY27OCT2217700CE.NFO,21/10/2022,09:16:12,81.65,81.5,200,81.7,200,20150,2748400
NIFTY27OCT2217700CE.NFO,21/10/2022,09:16:14,80.55,80.45,200,80.6,200,34100,2748400
NIFTY27OCT2217700CE.NFO,21/10/2022,09:16:15,80.95,80.75,200,80.95,150,43800,2748400
NIFTY27OCT2217700CE.NFO,21/10/2022,09:16:17,80.75,80.7,900,80.9,150,19050,2748400
NIFTY27OCT2217700CE.NFO,21/10/2022,09:16:18,80.25,80.1,100,80.25,300,28500,2748400
NIFTY27OCT2217700CE.NFO,21/10/2022,09:16:19,79.95,79.75,1550,79.9,300,19550,2748400
NIFTY27OCT2217700CE.NFO,21/10/2022,09:16:21,79.8,79.7,150,79.85,50,24300,2748400
NIFTY27OCT2217700CE.NFO,21/10/2022,09:16:22,79.55,79.45,150,79.55,50,15050,2748400
NIFTY27OCT2217700CE.NFO,21/10/2022,09:16:23,79.9,79.9,250,80,1350,17850,2748400
NIFTY27OCT2217700CE.NFO,21/10/2022,09:16:24,80.7,80.75,200,80.8,100,17550,2748400
NIFTY27OCT2217700CE.NFO,21/10/2022,09:16:26,80.75,80.7,300,80.9,350,12950,2748400
NIFTY27OCT2217700CE.NFO,21/10/2022,09:16:27,80.1,80,200,80.1,100,21800,2748400
NIFTY27OCT2217700CE.NFO,21/10/2022,09:16:28,80.6,80.4,350,80.6,100,18800,2748400
NIFTY27OCT2217700CE.NFO,21/10/2022,09:16:30,79.85,79.6,350,79.8,200,14400,2748400
NIFTY27OCT2217700CE.NFO,21/10/2022,09:16:31,79.2,79.05,200,79.25,250,23900,2748400
NIFTY27OCT2217700CE.NFO,21/10/2022,09:16:32,78.65,78.6,1000,78.75,500,19400,2748400
NIFTY27OCT2217700CE.NFO,21/10/2022,09:16:34,78.75,78.8,50,78.95,350,22150,2748400
NIFTY27OCT2217700CE.NFO,21/10/2022,09:16:35,79,79.05,200,79.2,200,18900,2748400
NIFTY27OCT2217700CE.NFO,21/10/2022,09:16:37,78.75,78.7,200,78.8,50,8350,2748400
NIFTY27OCT2217700CE.NFO,21/10/2022,09:16:38,78.8,78.7,150,78.8,100,10000,2748400
NIFTY27OCT2217700CE.NFO,21/10/2022,09:16:39,78.85,78.85,50,78.95,200,20600,2748400
NIFTY27OCT2217700CE.NFO,21/10/2022,09:16:41,77.95,77.8,300,77.9,100,15000,2748400
NIFTY27OCT2217700CE.NFO,21/10/2022,09:16:42,78,78,1850,78.1,100,15850,2748400
NIFTY27OCT2217700CE.NFO,21/10/2022,09:16:43,78.8,78.7,1000,78.9,200,10800,2748400
NIFTY27OCT2217700CE.NFO,21/10/2022,09:16:45,78.7,78.55,350,78.75,250,16500,2748400
NIFTY27OCT2217700CE.NFO,21/10/2022,09:16:46,79.1,79.05,150,79.15,100,4200,2748400
NIFTY27OCT2217700CE.NFO,21/10/2022,09:16:47,77.95,77.8,100,77.95,50,20600,2748400
NIFTY27OCT2217700CE.NFO,21/10/2022,09:16:49,79,79.05,50,79.2,500,8300,2748400
NIFTY27OCT2217700CE.NFO,21/10/2022,09:16:50,79.5,79.25,200,79.4,450,13850,2748400
NIFTY27OCT2217700CE.NFO,21/10/2022,09:16:51,78.25,78.05,100,78.25,50,20350,2748400
NIFTY27OCT2217700CE.NFO,21/10/2022,09:16:53,78.45,78.35,200,78.5,150,21350,2748400
NIFTY27OCT2217700CE.NFO,21/10/2022,09:16:54,79.05,79.05,500,79.2,50,18000,2748400
NIFTY27OCT2217700CE.NFO,21/10/2022,09:16:55,79.4,79.35,100,79.5,250,19450,2748400
NIFTY27OCT2217700CE.NFO,21/10/2022,09:16:57,78.7,78.6,100,78.8,900,11450,2748400
NIFTY27OCT2217700CE.NFO,21/10/2022,09:16:58,78.9,78.9,150,78.95,50,9750,2748400
NIFTY27OCT2217700CE.NFO,21/10/2022,09:16:59,78.65,78.7,250,78.9,9250,9500,2748400
NIFTY27OCT2217700CE.NFO,21/10/2022,09:17:01,77.75,77.75,50,77.85,100,18150,2748400
NIFTY27OCT2217700CE.NFO,21/10/2022,09:17:02,78,77.85,450,78,3300,13150,2748400
NIFTY27OCT2217700CE.NFO,21/10/2022,09:17:03,78.35,78.35,250,78.4,1350,18300,2748400
NIFTY27OCT2217700CE.NFO,21/10/2022,09:17:05,77.95,77.75,50,77.85,100,20650,2748400
NIFTY27OCT2217700CE.NFO,21/10/2022,09:17:06,78.35,78.3,50,78.4,50,8200,2748400
NIFTY27OCT2217700CE.NFO,21/10/2022,09:17:08,78.4,78.35,200,78.55,250,14250,2748400
NIFTY27OCT2217700CE.NFO,21/10/2022,09:17:09,78.75,78.55,300,78.75,250,18300,2748400
NIFTY27OCT2217700CE.NFO,21/10/2022,09:17:10,78.55,78.5,250,78.65,50,18800,2748400
NIFTY27OCT2217700CE.NFO,21/10/2022,09:17:11,78.45,78.45,150,78.65,350,4650,2748400
NIFTY27OCT2217700CE.NFO,21/10/2022,09:17:13,78.4,78.4,150,78.6,200,11650,2748400
NIFTY27OCT2217700CE.NFO,21/10/2022,09:17:14,77.6,77.5,150,77.6,50,14300,2748400
NIFTY27OCT2217700CE.NFO,21/10/2022,09:17:16,77.6,77.55,200,77.65,300,12000,2748400
NIFTY27OCT2217700CE.NFO,21/10/2022,09:17:17,77.25,77.15,450,77.3,1800,8800,2748400
NIFTY27OCT2217700CE.NFO,21/10/2022,09:17:18,77.45,77.55,100,77.7,50,10300,2748400
NIFTY27OCT2217700CE.NFO,21/10/2022,09:17:20,77.45,77.25,300,77.45,100,9550,2748400
NIFTY27OCT2217700CE.NFO,21/10/2022,09:17:21,76.95,76.8,100,77,1100,26800,2748400
NIFTY27OCT2217700CE.NFO,21/10/2022,09:17:22,77,77,300,77.15,50,10800,3175150
NIFTY27OCT2217700CE.NFO,21/10/2022,09:17:23,77.25,77.1,250,77.3,750,19350,3175150
NIFTY27OCT2217700CE.NFO,21/10/2022,09:17:25,77.4,77.2,50,77.3,100,19750,3175150
NIFTY27OCT2217700CE.NFO,21/10/2022,09:17:26,76.75,76.6,250,76.75,1400,23550,3175150
NIFTY27OCT2217700CE.NFO,21/10/2022,09:17:27,76,76,6300,76.15,1600,10550,3175150
NIFTY27OCT2217700CE.NFO,21/10/2022,09:17:29,76.7,76.7,200,76.85,250,28200,3175150
NIFTY27OCT2217700CE.NFO,21/10/2022,09:17:30,76.5,76.5,550,76.55,300,15000,3175150
NIFTY27OCT2217700CE.NFO,21/10/2022,09:17:31,76.05,76.05,200,76.2,150,5300,3175150
NIFTY27OCT2217700CE.NFO,21/10/2022,09:17:33,76.1,76,2950,76.1,200,10150,3175150
NIFTY27OCT2217700CE.NFO,21/10/2022,09:17:34,76.1,76.1,1850,76.25,200,15350,3175150
NIFTY27OCT2217700CE.NFO,21/10/2022,09:17:36,75.95,75.8,950,75.95,150,15300,3175150
NIFTY27OCT2217700CE.NFO,21/10/2022,09:17:37,76.4,76.3,50,76.45,250,6000,3175150
NIFTY27OCT2217700CE.NFO,21/10/2022,09:17:38,76.5,76.35,950,76.5,200,6950,3175150
NIFTY27OCT2217700CE.NFO,21/10/2022,09:17:40,76.65,76.55,750,76.75,250,10500,3175150
NIFTY27OCT2217700CE.NFO,21/10/2022,09:17:41,76.8,76.75,400,76.95,250,15850,3175150
NIFTY27OCT2217700CE.NFO,21/10/2022,09:17:42,76.95,76.8,150,76.95,100,6050,3175150
NIFTY27OCT2217700CE.NFO,21/10/2022,09:17:44,76.3,76.2,250,76.3,200,8050,3175150
NIFTY27OCT2217700CE.NFO,21/10/2022,09:17:45,76.05,76,50,76.05,550,12000,3175150
NIFTY27OCT2217700CE.NFO,21/10/2022,09:17:46,75.75,75.7,200,75.75,50,8050,3175150
NIFTY27OCT2217700CE.NFO,21/10/2022,09:17:48,75.85,75.85,250,75.95,500,8450,3175150
NIFTY27OCT2217700CE.NFO,21/10/2022,09:17:49,76,76.05,850,76.25,250,31800,3175150
NIFTY27OCT2217700CE.NFO,21/10/2022,09:17:50,75.35,75.4,150,75.55,100,7900,3175150
NIFTY27OCT2217700CE.NFO,21/10/2022,09:17:52,75.55,75.6,150,75.75,700,11850,3175150
NIFTY27OCT2217700CE.NFO,21/10/2022,09:17:53,75.45,75.25,100,75.45,450,9600,3175150
NIFTY27OCT2217700CE.NFO,21/10/2022,09:17:54,75.1,75.05,50,75.15,550,11950,3175150
NIFTY27OCT2217700CE.NFO,21/10/2022,09:17:56,74.35,74.4,300,74.65,800,58900,3175150
NIFTY27OCT2217700CE.NFO,21/10/2022,09:17:57,74.3,74.3,150,74.45,150,11300,3175150
NIFTY27OCT2217700CE.NFO,21/10/2022,09:17:59,75.4,75.4,250,75.5,500,18150,3175150
NIFTY27OCT2217700CE.NFO,21/10/2022,09:18:00,75.4,75.4,1300,75.6,200,10250,3175150
NIFTY27OCT2217700CE.NFO,21/10/2022,09:18:02,74.65,74.65,800,74.75,50,16400,3175150
NIFTY27OCT2217700CE.NFO,21/10/2022,09:18:03,74.6,74.55,150,74.6,50,14000,3175150
NIFTY27OCT2217700CE.NFO,21/10/2022,09:18:04,74,74,50,74.1,150,25000,3175150
NIFTY27OCT2217700CE.NFO,21/10/2022,09:18:06,73.45,73.45,900,73.6,50,12450,3175150
NIFTY27OCT2217700CE.NFO,21/10/2022,09:18:07,73.15,73.1,300,73.2,1000,34250,3175150
NIFTY27OCT2217700CE.NFO,21/10/2022,09:18:09,73.8,73.75,100,73.85,600,20250,3175150
NIFTY27OCT2217700CE.NFO,21/10/2022,09:18:11,73.4,73.45,350,73.6,1300,18150,3175150
NIFTY27OCT2217700CE.NFO,21/10/2022,09:18:12,73.15,73.25,250,73.4,350,8400,3175150
NIFTY27OCT2217700CE.NFO,21/10/2022,09:18:14,72.75,72.5,200,72.65,350,16600,3175150
NIFTY27OCT2217700CE.NFO,21/10/2022,09:18:16,73.15,73.1,400,73.2,1450,12150,3175150
NIFTY27OCT2217700CE.NFO,21/10/2022,09:18:17,74.4,74.25,100,74.4,850,68150,3175150
NIFTY27OCT2217700CE.NFO,21/10/2022,09:18:19,74.9,74.8,350,75,3650,11100,3175150
NIFTY27OCT2217700CE.NFO,21/10/2022,09:18:21,75.35,75.2,100,75.35,350,17450,3175150
NIFTY27OCT2217700CE.NFO,21/10/2022,09:18:22,74.85,74.65,2800,74.85,1450,14750,3175150
NIFTY27OCT2217700CE.NFO,21/10/2022,09:18:24,75.05,74.95,100,75.05,100,14200,3175150
NIFTY27OCT2217700CE.NFO,21/10/2022,09:18:26,75.4,75.15,300,75.3,250,9450,3175150
NIFTY27OCT2217700CE.NFO,21/10/2022,09:18:27,75.65,75.5,350,75.7,2350,10150,3175150
NIFTY27OCT2217700CE.NFO,21/10/2022,09:18:29,75.65,75.5,1550,75.6,200,10000,3175150
NIFTY27OCT2217700CE.NFO,21/10/2022,09:18:31,75.8,75.65,450,75.8,750,7900,3175150
NIFTY27OCT2217700CE.NFO,21/10/2022,09:18:32,75.75,75.55,600,75.75,150,7500,3175150
NIFTY27OCT2217700CE.NFO,21/10/2022,09:18:34,75.7,75.6,650,75.75,350,9150,3175150
NIFTY27OCT2217700CE.NFO,21/10/2022,09:18:36,75.85,75.8,1800,75.95,50,20100,3175150
NIFTY27OCT2217700CE.NFO,21/10/2022,09:18:37,75.85,75.7,450,75.85,350,8350,3175150
NIFTY27OCT2217700CE.NFO,21/10/2022,09:18:39,75.6,75.5,50,75.6,100,7200,3175150
NIFTY27OCT2217700CE.NFO,21/10/2022,09:18:41,75.35,75.2,850,75.35,150,10950,3175150
NIFTY27OCT2217700CE.NFO,21/10/2022,09:18:42,74.9,74.9,500,75,500,13250,3175150
NIFTY27OCT2217700CE.NFO,21/10/2022,09:18:44,73.8,73.75,300,73.85,100,13700,3175150
NIFTY27OCT2217700CE.NFO,21/10/2022,09:18:45,73.6,73.2,350,73.35,300,31000,3175150
NIFTY27OCT2217700CE.NFO,21/10/2022,09:18:47,73.95,73.9,100,74.05,300,21700,3175150
NIFTY27OCT2217700CE.NFO,21/10/2022,09:18:49,74.45,74.15,350,74.3,150,15700,3175150
NIFTY27OCT2217700CE.NFO,21/10/2022,09:18:50,74.05,73.8,800,73.95,50,8550,3175150
NIFTY27OCT2217700CE.NFO,21/10/2022,09:18:52,73.95,73.95,300,74.1,250,5350,3175150
NIFTY27OCT2217700CE.NFO,21/10/2022,09:18:54,73.7,73.7,400,73.8,50,5200,3175150
NIFTY27OCT2217700CE.NFO,21/10/2022,09:18:55,74.1,74.1,150,74.25,50,8400,3175150
NIFTY27OCT2217700CE.NFO,21/10/2022,09:18:57,73.9,73.9,150,74.05,200,4950,3175150
NIFTY27OCT2217700CE.NFO,21/10/2022,09:18:59,74.75,74.55,1250,74.75,200,15400,3175150
NIFTY27OCT2217700CE.NFO,21/10/2022,09:19:00,74.85,74.85,300,75,50,23400,3175150
NIFTY27OCT2217700CE.NFO,21/10/2022,09:19:02,74.45,74.25,500,74.45,550,12950,3175150
NIFTY27OCT2217700CE.NFO,21/10/2022,09:19:04,74.65,74.55,200,74.7,50,6100,3175150
NIFTY27OCT2217700CE.NFO,21/10/2022,09:19:05,74.4,74.3,50,74.45,50,9200,3175150
NIFTY27OCT2217700CE.NFO,21/10/2022,09:19:07,75.2,75.15,600,75.35,300,32500,3175150
NIFTY27OCT2217700CE.NFO,21/10/2022,09:19:09,75,74.9,150,75.05,450,16150,3175150
NIFTY27OCT2217700CE.NFO,21/10/2022,09:19:10,74.6,74.65,350,74.8,400,12900,3175150
NIFTY27OCT2217700CE.NFO,21/10/2022,09:19:12,74.8,74.65,100,74.8,50,16900,3175150
NIFTY27OCT2217700CE.NFO,21/10/2022,09:19:14,75.75,75.65,150,75.8,750,60150,3175150
NIFTY27OCT2217700CE.NFO,21/10/2022,09:19:15,75.95,76.05,150,76.2,900,40600,3175150
NIFTY27OCT2217700CE.NFO,21/10/2022,09:19:17,75.85,75.85,350,76,350,14500,3175150
NIFTY27OCT2217700CE.NFO,21/10/2022,09:19:19,76.55,76.3,400,76.5,750,11700,3175150
NIFTY27OCT2217700CE.NFO,21/10/2022,09:19:21,76.05,75.95,350,76.1,150,17900,3175150
NIFTY27OCT2217700CE.NFO,21/10/2022,09:19:22,76.25,76.25,550,76.4,400,11350,3175150
NIFTY27OCT2217700CE.NFO,21/10/2022,09:19:24,76.25,76.25,350,76.35,150,10400,3175150
NIFTY27OCT2217700CE.NFO,21/10/2022,09:19:26,76.4,76.4,1150,76.55,100,11300,3175150
NIFTY27OCT2217700CE.NFO,21/10/2022,09:19:27,76.9,76.8,550,76.95,350,8600,3175150
NIFTY27OCT2217700CE.NFO,21/10/2022,09:19:29,76.4,76.45,100,76.5,100,8600,3175150
NIFTY27OCT2217700CE.NFO,21/10/2022,09:19:31,77.4,77.3,100,77.4,50,18400,3175150
NIFTY27OCT2217700CE.NFO,21/10/2022,09:19:32,77.6,77.4,150,77.55,150,12500,3175150
NIFTY27OCT2217700CE.NFO,21/10/2022,09:19:34,77.45,77.3,50,77.45,450,15600,3175150
NIFTY27OCT2217700CE.NFO,21/10/2022,09:19:36,78.3,78.3,50,78.45,500,22200,3175150
NIFTY27OCT2217700CE.NFO,21/10/2022,09:19:37,78.6,78.4,800,78.6,850,12900,3175150
NIFTY27OCT2217700CE.NFO,21/10/2022,09:19:39,78.85,78.8,200,78.95,1000,15050,3175150
NIFTY27OCT2217700CE.NFO,21/10/2022,09:19:41,78.3,78.2,300,78.35,150,14250,3175150
NIFTY27OCT2217700CE.NFO,21/10/2022,09:19:42,78.9,78.7,200,78.85,50,15300,3175150
NIFTY27OCT2217700CE.NFO,21/10/2022,09:19:44,78.8,78.6,350,78.75,150,16650,3175150
NIFTY27OCT2217700CE.NFO,21/10/2022,09:19:46,78.2,78.15,350,78.2,50,20300,3175150
NIFTY27OCT2217700CE.NFO,21/10/2022,09:19:47,77.95,77.8,150,77.95,350,10000,3175150
NIFTY27OCT2217700CE.NFO,21/10/2022,09:19:49,77.8,77.6,1700,77.8,300,14050,3175150
NIFTY27OCT2217700CE.NFO,21/10/2022,09:19:51,77.05,77.05,750,77.25,150,16650,3175150
NIFTY27OCT2217700CE.NFO,21/10/2022,09:19:52,77.35,77.2,750,77.35,50,10400,3175150
NIFTY27OCT2217700CE.NFO,21/10/2022,09:19:54,77.5,77.3,950,77.45,100,7000,3175150
NIFTY27OCT2217700CE.NFO,21/10/2022,09:19:56,78.05,77.9,200,78.05,400,13450,3175150
NIFTY27OCT2217700CE.NFO,21/10/2022,09:19:57,78.4,78.4,100,78.55,150,7650,3175150
NIFTY27OCT2217700CE.NFO,21/10/2022,09:19:59,78.65,78.6,550,78.75,100,6000,3175150
NIFTY27OCT2217700CE.NFO,21/10/2022,09:20:01,79.65,79.65,100,79.8,150,47400,3175150
NIFTY27OCT2217700CE.NFO,21/10/2022,09:20:02,79.15,79.1,300,79.25,350,21000,3175150
NIFTY27OCT2217700CE.NFO,21/10/2022,09:20:04,79.2,79.2,350,79.4,100,21950,3175150
NIFTY27OCT2217700CE.NFO,21/10/2022,09:20:05,79,78.85,100,79,50,38050,3175150
NIFTY27OCT2217700CE.NFO,21/10/2022,09:20:07,79,78.95,50,79,750,11050,3175150
NIFTY27OCT2217700CE.NFO,21/10/2022,09:20:09,79.1,79.1,250,79.25,50,16000,3175150
NIFTY27OCT2217700CE.NFO,21/10/2022,09:20:10,79.15,78.9,750,79.1,450,12200,3175150
NIFTY27OCT2217700CE.NFO,21/10/2022,09:20:12,79.15,79,100,79.15,400,9800,3175150
NIFTY27OCT2217700CE.NFO,21/10/2022,09:20:13,79.05,79.05,100,79.2,850,11300,3175150
NIFTY27OCT2217700CE.NFO,21/10/2022,09:20:15,79.75,79.65,250,79.8,1250,12750,3175150
NIFTY27OCT2217700CE.NFO,21/10/2022,09:20:17,79.65,79.6,50,79.7,500,12400,3175150
NIFTY27OCT2217700CE.NFO,21/10/2022,09:20:18,79.1,79.25,150,79.4,550,41700,3175150
NIFTY27OCT2217700CE.NFO,21/10/2022,09:20:19,78.95,78.8,50,78.95,450,13550,3175150
NIFTY27OCT2217700CE.NFO,21/10/2022,09:20:21,78.45,78.3,950,78.5,200,25150,3175150
NIFTY27OCT2217700CE.NFO,21/10/2022,09:20:22,78.75,78.75,50,78.8,350,43400,3488750
NIFTY27OCT2217700CE.NFO,21/10/2022,09:20:24,78.8,78.8,200,78.9,600,6550,3488750
NIFTY27OCT2217700CE.NFO,21/10/2022,09:20:25,78.7,78.6,100,78.7,50,7100,3488750
NIFTY27OCT2217700CE.NFO,21/10/2022,09:20:27,78.6,78.6,450,78.8,4300,11000,3488750
NIFTY27OCT2217700CE.NFO,21/10/2022,09:20:28,78.8,78.65,50,78.75,400,22950,3488750
NIFTY27OCT2217700CE.NFO,21/10/2022,09:20:30,78.55,78.35,150,78.55,450,16900,3488750
NIFTY27OCT2217700CE.NFO,21/10/2022,09:20:31,77.9,77.85,50,77.9,100,11400,3488750
NIFTY27OCT2217700CE.NFO,21/10/2022,09:20:33,77.75,77.75,100,78,1100,24600,3488750
NIFTY27OCT2217700CE.NFO,21/10/2022,09:20:34,77.95,77.8,1500,78,100,13750,3488750
NIFTY27OCT2217700CE.NFO,21/10/2022,09:20:36,77.45,77.45,600,77.65,100,26900,3488750
NIFTY27OCT2217700CE.NFO,21/10/2022,09:20:37,78.4,78.25,200,78.4,400,4850,3488750
NIFTY27OCT2217700CE.NFO,21/10/2022,09:20:39,78,77.85,200,78,50,12400,3488750
NIFTY27OCT2217700CE.NFO,21/10/2022,09:20:40,77.85,77.7,1850,77.95,650,30350,3488750
NIFTY27OCT2217700CE.NFO,21/10/2022,09:20:42,78,77.85,400,78,1100,7700,3488750
NIFTY27OCT2217700CE.NFO,21/10/2022,09:20:43,78,77.95,200,78.05,50,6350,3488750
NIFTY27OCT2217700CE.NFO,21/10/2022,09:20:44,77.7,77.65,300,77.8,500,5200,3488750
NIFTY27OCT2217700CE.NFO,21/10/2022,09:20:46,78.35,78.25,250,78.35,450,8350,3488750
NIFTY27OCT2217700CE.NFO,21/10/2022,09:20:47,78.2,78.2,2350,78.35,350,4400,3488750
NIFTY27OCT2217700CE.NFO,21/10/2022,09:20:48,78,78,1750,78.15,50,6450,3488750
NIFTY27OCT2217700CE.NFO,21/10/2022,09:20:49,78.05,77.95,50,78.1,150,3550,3488750
NIFTY27OCT2217700CE.NFO,21/10/2022,09:20:50,78.3,78.3,500,78.5,1000,2850,3488750
NIFTY27OCT2217700CE.NFO,21/10/2022,09:20:52,77.9,78,50,78.05,100,7100,3488750
NIFTY27OCT2217700CE.NFO,21/10/2022,09:20:53,77.9,77.85,550,78,500,4250,3488750
NIFTY27OCT2217700CE.NFO,21/10/2022,09:20:54,78.1,77.9,500,78.05,100,2950,3488750
NIFTY27OCT2217700CE.NFO,21/10/2022,09:20:56,79.45,79.25,700,79.4,300,40050,3488750
NIFTY27OCT2217700CE.NFO,21/10/2022,09:20:58,79.9,79.65,100,79.8,50,28400,3488750
NIFTY27OCT2217700CE.NFO,21/10/2022,09:20:59,79.1,79.05,200,79.15,350,18200,3488750
NIFTY27OCT2217700CE.NFO,21/10/2022,09:21:01,79.5,79.3,200,79.5,250,11850,3488750
NIFTY27OCT2217700CE.NFO,21/10/2022,09:21:02,79.6,79.6,300,79.75,250,39350,3488750
NIFTY27OCT2217700CE.NFO,21/10/2022,09:21:03,79.65,79.6,200,79.75,150,11150,3488750
NIFTY27OCT2217700CE.NFO,21/10/2022,09:21:05,79.6,79.4,800,79.45,500,12450,3488750
NIFTY27OCT2217700CE.NFO,21/10/2022,09:21:06,79.95,79.8,200,79.95,300,10900,3488750
NIFTY27OCT2217700CE.NFO,21/10/2022,09:21:07,80.25,80.25,100,80.4,200,25250,3488750
NIFTY27OCT2217700CE.NFO,21/10/2022,09:21:09,80.95,80.8,600,81,4300,20250,3488750
NIFTY27OCT2217700CE.NFO,21/10/2022,09:21:11,80.9,80.75,250,80.9,350,26150,3488750
NIFTY27OCT2217700CE.NFO,21/10/2022,09:21:12,81.25,81.2,150,81.4,200,18300,3488750
NIFTY27OCT2217700CE.NFO,21/10/2022,09:21:13,81.3,81.25,450,81.4,250,13800,3488750
NIFTY27OCT2217700CE.NFO,21/10/2022,09:21:15,81.2,81.1,800,81.2,50,30750,3488750
NIFTY27OCT2217700CE.NFO,21/10/2022,09:21:16,81.45,81.2,150,81.3,50,13350,3488750
NIFTY27OCT2217700CE.NFO,21/10/2022,09:21:18,81.4,81.45,50,81.65,700,19000,3488750
NIFTY27OCT2217700CE.NFO,21/10/2022,09:21:19,81.55,81.45,250,81.7,1050,17100,3488750
NIFTY27OCT2217700CE.NFO,21/10/2022,09:21:20,81.8,81.65,550,81.8,200,7950,3488750
NIFTY27OCT2217700CE.NFO,21/10/2022,09:21:22,81.2,81.05,100,81.25,1600,41250,3488750
NIFTY27OCT2217700CE.NFO,21/10/2022,09:21:23,81.2,81.05,450,81.25,1550,13350,3488750
NIFTY27OCT2217700CE.NFO,21/10/2022,09:21:25,81,80.8,1250,81,700,11650,3488750
NIFTY27OCT2217700CE.NFO,21/10/2022,09:21:26,80.45,80.25,300,80.45,1150,15000,3488750
NIFTY27OCT2217700CE.NFO,21/10/2022,09:21:27,80.55,80.45,150,80.6,50,9000,3488750
NIFTY27OCT2217700CE.NFO,21/10/2022,09:21:28,81.1,81,200,81.15,700,12750,3488750
NIFTY27OCT2217700CE.NFO,21/10/2022,09:21:30,81.7,81.55,200,81.65,50,9400,3488750
NIFTY27OCT2217700CE.NFO,21/10/2022,09:21:31,81.55,81.55,1300,81.75,700,11150,3488750
NIFTY27OCT2217700CE.NFO,21/10/2022,09:21:32,81.65,81.7,900,81.9,900,8200,3488750
NIFTY27OCT2217700CE.NFO,21/10/2022,09:21:34,81.55,81.5,400,81.55,50,21350,3488750
NIFTY27OCT2217700CE.NFO,21/10/2022,09:21:35,81.35,81.3,2700,81.5,500,13750,3488750
NIFTY27OCT2217700CE.NFO,21/10/2022,09:21:36,81.1,81.1,50,81.2,450,14350,3488750
NIFTY27OCT2217700CE.NFO,21/10/2022,09:21:38,81.65,81.5,2600,81.65,100,11250,3488750
NIFTY27OCT2217700CE.NFO,21/10/2022,09:21:39,81.4,81.35,200,81.55,150,12650,3488750
NIFTY27OCT2217700CE.NFO,21/10/2022,09:21:40,81.2,81.15,350,81.35,800,11450,3488750
NIFTY27OCT2217700CE.NFO,21/10/2022,09:21:42,81.05,80.9,50,81.05,900,22900,3488750
NIFTY27OCT2217700CE.NFO,21/10/2022,09:21:43,81.65,81.55,300,81.6,50,6950,3488750
NIFTY27OCT2217700CE.NFO,21/10/2022,09:21:44,81.4,81.35,150,81.5,500,9350,3488750
NIFTY27OCT2217700CE.NFO,21/10/2022,09:21:45,81.6,81.55,700,81.75,750,6600,3488750
NIFTY27OCT2217700CE.NFO,21/10/2022,09:21:46,81.6,81.4,800,81.6,2900,7300,3488750
NIFTY27OCT2217700CE.NFO,21/10/2022,09:21:47,81.3,81.1,100,81.25,150,9550,3488750
NIFTY27OCT2217700CE.NFO,21/10/2022,09:21:49,81.35,81.25,150,81.4,1250,4750,3488750
NIFTY27OCT2217700CE.NFO,21/10/2022,09:21:50,81.65,81.65,200,81.85,1350,30950,3488750
NIFTY27OCT2217700CE.NFO,21/10/2022,09:21:51,81.85,81.65,350,81.85,1500,10650,3488750
NIFTY27OCT2217700CE.NFO,21/10/2022,09:21:52,82.1,82,700,82.15,250,11100,3488750
NIFTY27OCT2217700CE.NFO,21/10/2022,09:21:53,81.75,81.5,300,81.65,50,12950,3488750
NIFTY27OCT2217700CE.NFO,21/10/2022,09:21:54,81.9,81.9,400,82,100,8250,3488750
NIFTY27OCT2217700CE.NFO,21/10/2022,09:21:56,81.9,81.8,150,81.9,50,5350,3488750
NIFTY27OCT2217700CE.NFO,21/10/2022,09:21:57,81.7,81.75,650,81.9,300,10500,3488750
NIFTY27OCT2217700CE.NFO,21/10/2022,09:21:59,82.6,82.55,200,82.7,500,18600,3488750
NIFTY27OCT2217700CE.NFO,21/10/2022,09:22:00,83.1,82.9,100,83.1,450,29050,3488750
NIFTY27OCT2217700CE.NFO,21/10/2022,09:22:02,82.95,82.9,1350,83.05,50,23550,3488750
NIFTY27OCT2217700CE.NFO,21/10/2022,09:22:03,83.35,83.15,1400,83.35,550,16850,3488750
NIFTY27OCT2217700CE.NFO,21/10/2022,09:22:05,82.6,82.7,350,82.85,300,14200,3488750
NIFTY27OCT2217700CE.NFO,21/10/2022,09:22:06,83.1,83,150,83.1,500,15500,3488750
NIFTY27OCT2217700CE.NFO,21/10/2022,09:22:08,83.3,83.3,100,83.45,350,18100,3488750
NIFTY27OCT2217700CE.NFO,21/10/2022,09:22:09,83.1,82.9,750,83.1,800,15100,3488750
NIFTY27OCT2217700CE.NFO,21/10/2022,09:22:09,83.65,82.9,750,83.1,800,0,3488750
NIFTY27OCT2217700CE.NFO,21/10/2022,09:22:10,83.1,82.95,950,83.15,650,8400,3488750
NIFTY27OCT2217700CE.NFO,21/10/2022,09:22:12,83,83,200,83.1,400,10600,3488750
NIFTY27OCT2217700CE.NFO,21/10/2022,09:22:13,82.9,82.85,500,83,300,6450,3488750
NIFTY27OCT2217700CE.NFO,21/10/2022,09:22:14,83.45,83.25,550,83.4,900,14000,3488750
NIFTY27OCT2217700CE.NFO,21/10/2022,09:22:14,83.7,83.25,550,83.4,900,0,3488750
NIFTY27OCT2217700CE.NFO,21/10/2022,09:22:16,82.9,82.85,300,82.95,200,20150,3488750
NIFTY27OCT2217700CE.NFO,21/10/2022,09:22:17,83.1,83.05,100,83.25,300,8100,3488750
NIFTY27OCT2217700CE.NFO,21/10/2022,09:22:19,83.4,83.4,650,83.55,50,12400,3488750
NIFTY27OCT2217700CE.NFO,21/10/2022,09:22:20,83.4,83.3,50,83.4,100,14600,3488750
NIFTY27OCT2217700CE.NFO,21/10/2022,09:22:21,83.45,83.3,150,83.45,200,8550,3488750
NIFTY27OCT2217700CE.NFO,21/10/2022,09:22:23,83.4,83.25,1250,83.4,50,7800,3488750
NIFTY27OCT2217700CE.NFO,21/10/2022,09:22:24,82.8,82.8,100,82.95,900,20750,3488750
NIFTY27OCT2217700CE.NFO,21/10/2022,09:22:25,83.55,83.55,50,83.75,350,13750,3488750
NIFTY27OCT2217700CE.NFO,21/10/2022,09:22:25,83.8,83.55,50,83.75,350,0,3488750
NIFTY27OCT2217700CE.NFO,21/10/2022,09:22:27,83.8,83.65,700,83.8,50,13800,3488750
NIFTY27OCT2217700CE.NFO,21/10/2022,09:22:27,84,83.65,700,83.8,50,0,3488750
NIFTY27OCT2217700CE.NFO,21/10/2022,09:22:28,83.35,83.4,150,83.5,50,12300,3488750
NIFTY27OCT2217700CE.NFO,21/10/2022,09:22:29,83.4,83.25,350,83.4,500,11150,3488750
NIFTY27OCT2217700CE.NFO,21/10/2022,09:22:30,83.5,83.55,1550,83.7,50,5350,3488750
NIFTY27OCT2217700CE.NFO,21/10/2022,09:22:32,83.7,83.7,1900,83.9,1150,31900,3488750
NIFTY27OCT2217700CE.NFO,21/10/2022,09:22:33,83.65,83.4,450,83.6,150,27250,3488750
NIFTY27OCT2217700CE.NFO,21/10/2022,09:22:34,83.65,83.45,150,83.65,250,24650,3488750
NIFTY27OCT2217700CE.NFO,21/10/2022,09:22:35,83.3,83.3,850,83.4,200,20150,3488750
NIFTY27OCT2217700CE.NFO,21/10/2022,09:22:37,83.85,83.85,200,84,2350,31050,3488750
NIFTY27OCT2217700CE.NFO,21/10/2022,09:22:37,84.3,83.85,200,84,2350,0,3488750
NIFTY27OCT2217700CE.NFO,21/10/2022,09:22:38,83.55,83.45,800,83.55,50,7800,3488750
NIFTY27OCT2217700CE.NFO,21/10/2022,09:22:39,83.6,83.4,1050,83.6,300,7100,3488750
NIFTY27OCT2217700CE.NFO,21/10/2022,09:22:40,83.8,83.8,50,83.95,150,5950,3488750
NIFTY27OCT2217700CE.NFO,21/10/2022,09:22:41,83.85,83.7,100,83.85,400,2300,3488750
NIFTY27OCT2217700CE.NFO,21/10/2022,09:22:43,83.8,83.7,650,83.9,150,5100,3488750
NIFTY27OCT2217700CE.NFO,21/10/2022,09:22:44,84,84,900,84.1,100,9950,3488750
NIFTY27OCT2217700CE.NFO,21/10/2022,09:22:45,84.5,84.3,250,84.5,1450,19050,3488750
NIFTY27OCT2217700CE.NFO,21/10/2022,09:22:45,84.5,84.3,250,84.5,1450,0,3488750
NIFTY27OCT2217700CE.NFO,21/10/2022,09:22:47,84.5,84.35,2300,84.5,250,13700,3488750
NIFTY27OCT2217700CE.NFO,21/10/2022,09:22:47,84.8,84.35,2300,84.5,250,0,3488750
NIFTY27OCT2217700CE.NFO,21/10/2022,09:22:48,84.55,84.35,1000,84.6,800,10900,3488750
NIFTY27OCT2217700CE.NFO,21/10/2022,09:22:50,84.8,84.6,300,84.8,200,11900,3488750
NIFTY27OCT2217700CE.NFO,21/10/2022,09:22:50,84.9,84.6,300,84.8,200,0,3488750
NIFTY27OCT2217700CE.NFO,21/10/2022,09:22:51,85.55,85.4,200,85.55,100,81550,3488750
NIFTY27OCT2217700CE.NFO,21/10/2022,09:22:51,85.8,85.4,200,85.55,100,0,3488750
NIFTY27OCT2217700CE.NFO,21/10/2022,09:22:53,85.4,85.4,150,85.6,100,15050,3488750
NIFTY27OCT2217700CE.NFO,21/10/2022,09:22:54,85.85,85.6,50,85.8,600,23950,3488750
NIFTY27OCT2217700CE.NFO,21/10/2022,09:22:54,85.9,85.6,50,85.8,600,0,3488750
NIFTY27OCT2217700CE.NFO,21/10/2022,09:22:56,85.6,85.7,50,85.85,150,16250,3488750
NIFTY27OCT2217700CE.NFO,21/10/2022,09:22:56,85.95,85.7,50,85.85,150,0,3488750
NIFTY27OCT2217700CE.NFO,21/10/2022,09:22:57,84.75,84.75,300,84.95,1300,16400,3488750
NIFTY27OCT2217700CE.NFO,21/10/2022,09:22:59,84.65,84.65,150,84.85,400,19350,3488750
NIFTY27OCT2217700CE.NFO,21/10/2022,09:23:00,84.3,84.1,100,84.25,350,19950,3488750
NIFTY27OCT2217700CE.NFO,21/10/2022,09:23:01,85.1,85.1,2450,85.3,400,13250,3488750
NIFTY27OCT2217700CE.NFO,21/10/2022,09:23:03,85.5,85.35,100,85.45,250,8150,3488750
NIFTY27OCT2217700CE.NFO,21/10/2022,09:23:04,85.75,85.45,400,85.65,700,14900,3488750
NIFTY27OCT2217700CE.NFO,21/10/2022,09:23:05,85.4,85.4,350,85.6,200,7900,3488750
NIFTY27OCT2217700CE.NFO,21/10/2022,09:23:07,85.55,85.55,1000,85.7,50,16050,3488750
NIFTY27OCT2217700CE.NFO,21/10/2022,09:23:08,84.9,84.9,50,85.05,250,18100,3488750
NIFTY27OCT2217700CE.NFO,21/10/2022,09:23:09,84.8,84.75,2250,84.95,350,7350,3488750
NIFTY27OCT2217700CE.NFO,21/10/2022,09:23:11,84,84,4600,84.15,1850,35750,3488750
NIFTY27OCT2217700CE.NFO,21/10/2022,09:23:12,83.9,83.9,950,84.1,950,16900,3488750
NIFTY27OCT2217700CE.NFO,21/10/2022,09:23:13,84,83.95,1150,84,450,31050,3488750
NIFTY27OCT2217700CE.NFO,21/10/2022,09:23:14,83.75,83.65,1050,83.85,200,9150,3488750
NIFTY27OCT2217700CE.NFO,21/10/2022,09:23:15,84.45,84.55,150,84.7,700,8650,3488750
NIFTY27OCT2217700CE.NFO,21/10/2022,09:23:17,84.9,84.9,600,85,1550,4950,3488750
NIFTY27OCT2217700CE.NFO,21/10/2022,09:23:18,85.35,85.35,200,85.5,250,6950,3488750
NIFTY27OCT2217700CE.NFO,21/10/2022,09:23:19,85,84.9,100,85.1,500,6300,3488750
NIFTY27OCT2217700CE.NFO,21/10/2022,09:23:20,85.1,85.05,1000,85.25,600,6750,3488750
NIFTY27OCT2217700CE.NFO,21/10/2022,09:23:22,85.1,85.05,100,85.2,100,8350,3712550
NIFTY27OCT2217700CE.NFO,21/10/2022,09:23:23,85.15,85.15,500,85.25,850,14350,3712550
NIFTY27OCT2217700CE.NFO,21/10/2022,09:23:24,85.15,84.95,1700,85.15,950,6050,3712550
NIFTY27OCT2217700CE.NFO,21/10/2022,09:23:25,85.05,84.85,1000,85,150,1200,3712550
NIFTY27OCT2217700CE.NFO,21/10/2022,09:23:26,84.05,84.1,50,84.3,3200,7550,3712550
NIFTY27OCT2217700CE.NFO,21/10/2022,09:23:27,84.25,84.05,1600,84.25,150,13850,3712550
NIFTY27OCT2217700CE.NFO,21/10/2022,09:23:29,84.35,84.3,3250,84.55,1850,38600,3712550
NIFTY27OCT2217700CE.NFO,21/10/2022,09:23:30,84.75,84.55,300,84.75,200,9000,3712550
NIFTY27OCT2217700CE.NFO,21/10/2022,09:23:31,84.7,84.7,150,84.9,2850,2050,3712550
NIFTY27OCT2217700CE.NFO,21/10/2022,09:23:32,84.2,84.05,1450,84.2,400,34750,3712550
NIFTY27OCT2217700CE.NFO,21/10/2022,09:23:33,84,83.8,4400,84,350,16800,3712550
NIFTY27OCT2217700CE.NFO,21/10/2022,09:23:35,83.55,83.55,150,83.75,200,8600,3712550
NIFTY27OCT2217700CE.NFO,21/10/2022,09:23:36,83.55,83.35,1300,83.55,1150,12850,3712550
NIFTY27OCT2217700CE.NFO,21/10/2022,09:23:37,83.9,83.9,200,84.1,1000,7600,3712550
NIFTY27OCT2217700CE.NFO,21/10/2022,09:23:38,84.05,84.05,200,84.25,1050,7500,3712550
NIFTY27OCT2217700CE.NFO,21/10/2022,09:23:39,84.05,84.05,350,84.25,1250,8100,3712550
NIFTY27OCT2217700CE.NFO,21/10/2022,09:23:41,84.6,84.45,550,84.65,1250,4300,3712550
NIFTY27OCT2217700CE.NFO,21/10/2022,09:23:41,84.3,84.25,300,84.45,2150,450,3712550
NIFTY27OCT2217700CE.NFO,21/10/2022,09:23:42,83.85,83.65,100,83.8,200,4000,3712550
NIFTY27OCT2217700CE.NFO,21/10/2022,09:23:43,83.75,83.5,150,83.6,100,7450,3712550
NIFTY27OCT2217700CE.NFO,21/10/2022,09:23:44,83.1,83.1,600,83.3,150,16000,3712550
NIFTY27OCT2217700CE.NFO,21/10/2022,09:23:46,83.2,83.2,100,83.35,450,13000,3712550
NIFTY27OCT2217700CE.NFO,21/10/2022,09:23:47,83.1,83.05,1850,83.25,700,3700,3712550
NIFTY27OCT2217700CE.NFO,21/10/2022,09:23:48,83.4,83.4,950,83.6,1000,6800,3712550
NIFTY27OCT2217700CE.NFO,21/10/2022,09:23:50,82.85,82.85,300,83,50,19900,3712550
NIFTY27OCT2217700CE.NFO,21/10/2022,09:23:51,83.25,83.1,350,83.3,900,4850,3712550
NIFTY27OCT2217700CE.NFO,21/10/2022,09:23:52,83.5,83.45,100,83.6,700,7850,3712550
NIFTY27OCT2217700CE.NFO,21/10/2022,09:23:53,83.45,83.25,50,83.45,1100,7500,3712550
NIFTY27OCT2217700CE.NFO,21/10/2022,09:23:54,83.2,83.25,800,83.4,150,2500,3712550
NIFTY27OCT2217700CE.NFO,21/10/2022,09:23:56,83.65,83.85,100,83.9,50,7850,3712550
NIFTY27OCT2217700CE.NFO,21/10/2022,09:23:57,83.6,83.4,1350,83.6,1200,3300,3712550
NIFTY27OCT2217700CE.NFO,21/10/2022,09:23:58,83.85,83.8,3300,84,1750,12000,3712550
NIFTY27OCT2217700CE.NFO,21/10/2022,09:23:59,83.95,83.75,1050,83.95,1200,3800,3712550
NIFTY27OCT2217700CE.NFO,21/10/2022,09:24:00,83.9,83.9,450,84,300,4450,3712550
NIFTY27OCT2217700CE.NFO,21/10/2022,09:24:01,84,84.1,50,84.25,150,6450,3712550
NIFTY27OCT2217700CE.NFO,21/10/2022,09:24:02,84,84,1350,84.2,800,5050,3712550
NIFTY27OCT2217700CE.NFO,21/10/2022,09:24:03,84,84,900,84.1,200,6000,3712550
NIFTY27OCT2217700CE.NFO,21/10/2022,09:24:05,84.25,84.3,300,84.45,200,6600,3712550
NIFTY27OCT2217700CE.NFO,21/10/2022,09:24:05,84.5,84.4,400,84.5,200,2250,3712550
NIFTY27OCT2217700CE.NFO,21/10/2022,09:24:06,84.7,84.5,100,84.7,750,6950,3712550
NIFTY27OCT2217700CE.NFO,21/10/2022,09:24:07,84.6,84.35,750,84.55,250,5000,3712550
NIFTY27OCT2217700CE.NFO,21/10/2022,09:24:08,84,84,9850,84.2,850,2550,3712550
NIFTY27OCT2217700CE.NFO,21/10/2022,09:24:10,84.3,84.3,250,84.45,150,2650,3712550
NIFTY27OCT2217700CE.NFO,21/10/2022,09:24:11,84.5,84.3,700,84.5,400,4600,3712550
NIFTY27OCT2217700CE.NFO,21/10/2022,09:24:11,84.25,84.25,300,84.45,400,3800,3712550
NIFTY27OCT2217700CE.NFO,21/10/2022,09:24:13,84,84.05,150,84.2,50,12050,3712550
NIFTY27OCT2217700CE.NFO,21/10/2022,09:24:14,84.4,84.2,350,84.4,450,1750,3712550
NIFTY27OCT2217700CE.NFO,21/10/2022,09:24:14,84.5,84.25,750,84.5,550,2100,3712550
NIFTY27OCT2217700CE.NFO,21/10/2022,09:24:15,84.1,84.15,150,84.25,200,7700,3712550
NIFTY27OCT2217700CE.NFO,21/10/2022,09:24:16,83.6,83.6,1250,83.8,800,31200,3712550
NIFTY27OCT2217700CE.NFO,21/10/2022,09:24:18,83.8,83.75,500,83.8,100,6400,3712550
NIFTY27OCT2217700CE.NFO,21/10/2022,09:24:19,84.15,84,50,84.15,350,3700,3712550
NIFTY27OCT2217700CE.NFO,21/10/2022,09:24:20,83.8,83.75,550,83.85,100,7350,3712550
NIFTY27OCT2217700CE.NFO,21/10/2022,09:24:21,84,83.9,200,84.1,1900,8000,3712550
NIFTY27OCT2217700CE.NFO,21/10/2022,09:24:22,83.95,83.85,250,83.95,150,6350,3712550
NIFTY27OCT2217700CE.NFO,21/10/2022,09:24:23,84.1,83.9,1300,84.1,600,3700,3712550
NIFTY27OCT2217700CE.NFO,21/10/2022,09:24:24,84.1,84,50,84.1,150,4500,3712550
NIFTY27OCT2217700CE.NFO,21/10/2022,09:24:25,84.15,84,950,84.15,450,4050,3712550
NIFTY27OCT2217700CE.NFO,21/10/2022,09:24:27,83.75,83.5,1750,83.7,300,7100,3712550
NIFTY27OCT2217700CE.NFO,21/10/2022,09:24:28,83.7,83.6,300,83.75,100,1650,3712550
NIFTY27OCT2217700CE.NFO,21/10/2022,09:24:29,83.55,83.55,100,83.65,50,5700,3712550
NIFTY27OCT2217700CE.NFO,21/10/2022,09:24:30,83.85,83.85,300,83.9,800,4350,3712550
NIFTY27OCT2217700CE.NFO,21/10/2022,09:24:31,83.95,83.85,250,83.95,100,3250,3712550
NIFTY27OCT2217700CE.NFO,21/10/2022,09:24:32,83.95,83.8,50,83.95,200,7650,3712550
NIFTY27OCT2217700CE.NFO,21/10/2022,09:24:34,83.4,83.3,100,83.45,150,33400,3712550
NIFTY27OCT2217700CE.NFO,21/10/2022,09:24:35,84.2,84.25,50,84.3,50,10950,3712550
NIFTY27OCT2217700CE.NFO,21/10/2022,09:24:37,85.4,85.25,50,85.4,50,40250,3712550
NIFTY27OCT2217700CE.NFO,21/10/2022,09:24:38,85.55,85.55,600,85.8,1200,12400,3712550
NIFTY27OCT2217700CE.NFO,21/10/2022,09:24:39,85.8,85.55,700,85.75,550,16550,3712550
NIFTY27OCT2217700CE.NFO,21/10/2022,09:24:40,85.55,85.55,400,85.8,2050,11500,3712550
NIFTY27OCT2217700CE.NFO,21/10/2022,09:24:42,85.75,85.55,150,85.75,100,7000,3712550
NIFTY27OCT2217700CE.NFO,21/10/2022,09:24:43,85.8,85.7,800,85.9,1200,9200,3712550
NIFTY27OCT2217700CE.NFO,21/10/2022,09:24:45,85.6,85.6,100,85.75,50,15650,3712550
NIFTY27OCT2217700CE.NFO,21/10/2022,09:24:45,86,85.6,100,85.75,50,0,3712550
NIFTY27OCT2217700CE.NFO,21/10/2022,09:24:46,85.5,85.35,850,85.5,50,12750,3712550
NIFTY27OCT2217700CE.NFO,21/10/2022,09:24:47,85.55,85.55,300,85.75,550,6200,3712550
NIFTY27OCT2217700CE.NFO,21/10/2022,09:24:49,84.65,84.7,200,84.85,350,14900,3712550
NIFTY27OCT2217700CE.NFO,21/10/2022,09:24:50,84.35,84.15,200,84.35,550,10200,3712550
NIFTY27OCT2217700CE.NFO,21/10/2022,09:24:51,84.65,84.4,800,84.55,150,7850,3712550
NIFTY27OCT2217700CE.NFO,21/10/2022,09:24:53,84.15,84.05,450,84.2,150,9200,3712550
NIFTY27OCT2217700CE.NFO,21/10/2022,09:24:54,84,84,50,84.05,300,14650,3712550
NIFTY27OCT2217700CE.NFO,21/10/2022,09:24:55,83.65,83.6,550,83.75,900,6700,3712550
NIFTY27OCT2217700CE.NFO,21/10/2022,09:24:57,83.65,83.6,700,83.7,350,11550,3712550
NIFTY27OCT2217700CE.NFO,21/10/2022,09:24:58,83.85,83.7,900,83.85,350,8400,3712550
NIFTY27OCT2217700CE.NFO,21/10/2022,09:24:59,83.85,83.75,450,83.85,250,6300,3712550
NIFTY27OCT2217700CE.NFO,21/10/2022,09:25:00,85.2,85,2200,85.2,950,16100,3712550
NIFTY27OCT2217700CE.NFO,21/10/2022,09:25:02,85.2,85.2,150,85.3,350,21450,3712550
NIFTY27OCT2217700CE.NFO,21/10/2022,09:25:03,84.65,84.45,250,84.6,2900,7850,3712550
NIFTY27OCT2217700CE.NFO,21/10/2022,09:25:04,84.15,84.05,50,84.15,250,7050,3712550
NIFTY27OCT2217700CE.NFO,21/10/2022,09:25:05,84,83.8,100,84,750,9000,3712550
NIFTY27OCT2217700CE.NFO,21/10/2022,09:25:06,84.3,84.15,300,84.3,200,6650,3712550
NIFTY27OCT2217700CE.NFO,21/10/2022,09:25:08,84.15,84.05,200,84.15,50,7750,3712550
NIFTY27OCT2217700CE.NFO,21/10/2022,09:25:09,84.1,84.05,450,84.15,100,3850,3712550
NIFTY27OCT2217700CE.NFO,21/10/2022,09:25:10,84.75,84.65,100,84.75,100,7950,3712550
NIFTY27OCT2217700CE.NFO,21/10/2022,09:25:11,84.4,84.3,100,84.45,100,4800,3712550
NIFTY27OCT2217700CE.NFO,21/10/2022,09:25:13,84.4,84.25,600,84.4,100,6550,3712550
NIFTY27OCT2217700CE.NFO,21/10/2022,09:25:14,84.45,84.45,450,84.65,400,9850,3712550
NIFTY27OCT2217700CE.NFO,21/10/2022,09:25:15,84.55,84.35,650,84.5,50,2700,3712550
NIFTY27OCT2217700CE.NFO,21/10/2022,09:25:17,84.15,84.2,550,84.35,100,3600,3712550
NIFTY27OCT2217700CE.NFO,21/10/2022,09:25:18,84.45,84.35,50,84.5,100,7400,3712550
NIFTY27OCT2217700CE.NFO,21/10/2022,09:25:19,84.05,84,500,84.15,200,3050,3712550
NIFTY27OCT2217700CE.NFO,21/10/2022,09:25:20,84.1,84,50,84.15,250,6200,3712550
NIFTY27OCT2217700CE.NFO,21/10/2022,09:25:21,84.1,84.1,600,84.15,50,4700,3712550
NIFTY27OCT2217700CE.NFO,21/10/2022,09:25:22,84.05,83.8,1850,84,400,3800,3712550
NIFTY27OCT2217700CE.NFO,21/10/2022,09:25:24,83.95,84,200,84.15,200,6100,3712550
NIFTY27OCT2217700CE.NFO,21/10/2022,09:25:25,84,84.1,1900,84.25,100,3750,3712550
NIFTY27OCT2217700CE.NFO,21/10/2022,09:25:26,84.2,84.05,1450,84.25,50,3550,3712550
NIFTY27OCT2217700CE.NFO,21/10/2022,09:25:26,83.9,83.9,150,84.05,650,700,3712550
NIFTY27OCT2217700CE.NFO,21/10/2022,09:25:27,83.45,83.5,150,83.65,150,6600,3712550
NIFTY27OCT2217700CE.NFO,21/10/2022,09:25:28,83.7,83.55,450,83.7,100,4900,3712550
NIFTY27OCT2217700CE.NFO,21/10/2022,09:25:29,84,83.85,50,83.9,50,3700,3712550
NIFTY27OCT2217700CE.NFO,21/10/2022,09:25:31,84,83.75,250,83.95,250,8000,3712550
NIFTY27OCT2217700CE.NFO,21/10/2022,09:25:32,83.5,83.4,350,83.55,200,850,3712550
NIFTY27OCT2217700CE.NFO,21/10/2022,09:25:33,83.7,83.7,150,83.8,400,4800,3712550
NIFTY27OCT2217700CE.NFO,21/10/2022,09:25:34,83.45,83.35,350,83.4,50,4600,3712550
NIFTY27OCT2217700CE.NFO,21/10/2022,09:25:35,83.7,83.55,200,83.7,1200,3750,3712550
NIFTY27OCT2217700CE.NFO,21/10/2022,09:25:37,83.5,83.45,350,83.6,1000,1800,3712550
NIFTY27OCT2217700CE.NFO,21/10/2022,09:25:38,83.35,83.35,50,83.45,250,5250,3712550
NIFTY27OCT2217700CE.NFO,21/10/2022,09:25:39,83.2,83.2,450,83.3,850,6600,3712550
NIFTY27OCT2217700CE.NFO,21/10/2022,09:25:39,83.3,83.25,450,83.3,150,1550,3712550
NIFTY27OCT2217700CE.NFO,21/10/2022,09:25:40,83.25,83.15,150,83.25,100,3550,3712550
NIFTY27OCT2217700CE.NFO,21/10/2022,09:25:41,82.55,82.45,1300,82.65,850,31600,3712550
NIFTY27OCT2217700CE.NFO,21/10/2022,09:25:43,83.1,83.1,250,83.3,500,30400,3712550
NIFTY27OCT2217700CE.NFO,21/10/2022,09:25:44,82.9,82.8,50,83,4900,13200,3712550
NIFTY27OCT2217700CE.NFO,21/10/2022,09:25:45,83.25,83.1,100,83.25,550,6950,3712550
NIFTY27OCT2217700CE.NFO,21/10/2022,09:25:47,82.5,82.45,150,82.65,1400,8300,3712550
NIFTY27OCT2217700CE.NFO,21/10/2022,09:25:48,82.8,82.8,300,82.95,400,23550,3712550
NIFTY27OCT2217700CE.NFO,21/10/2022,09:25:49,83.1,83.1,150,83.25,100,14000,3712550
NIFTY27OCT2217700CE.NFO,21/10/2022,09:25:50,83.6,83.5,700,83.65,50,10600,3712550
NIFTY27OCT2217700CE.NFO,21/10/2022,09:25:52,83,83,200,83.15,100,9700,3712550
NIFTY27OCT2217700CE.NFO,21/10/2022,09:25:53,82.95,82.9,1100,83.1,2600,2050,3712550
NIFTY27OCT2217700CE.NFO,21/10/2022,09:25:54,83.35,83.35,250,83.5,100,4900,3712550
NIFTY27OCT2217700CE.NFO,21/10/2022,09:25:55,83.05,83,600,83.15,200,5200,3712550
NIFTY27OCT2217700CE.NFO,21/10/2022,09:25:56,83.4,83.3,200,83.4,400,8100,3712550
NIFTY27OCT2217700CE.NFO,21/10/2022,09:25:58,83.45,83.45,450,83.65,1550,9250,3712550
NIFTY27OCT2217700CE.NFO,21/10/2022,09:25:59,83.55,83.55,150,83.75,1050,6150,3712550
NIFTY27OCT2217700CE.NFO,21/10/2022,09:26:00,83.3,83.3,50,83.4,50,5750,3712550
NIFTY27OCT2217700CE.NFO,21/10/2022,09:26:01,83.2,83.2,1100,83.4,600,3450,3712550
NIFTY27OCT2217700CE.NFO,21/10/2022,09:26:02,83.45,83.6,1450,83.8,600,6150,3712550
NIFTY27OCT2217700CE.NFO,21/10/2022,09:26:04,83.4,83.35,600,83.5,50,3750,3712550
NIFTY27OCT2217700CE.NFO,21/10/2022,09:26:05,83.35,83.1,1800,83.3,300,5950,3712550
NIFTY27OCT2217700CE.NFO,21/10/2022,09:26:06,83.05,83.05,200,83.15,50,2350,3712550
NIFTY27OCT2217700CE.NFO,21/10/2022,09:26:07,83.3,83.15,50,83.3,250,4100,3712550
NIFTY27OCT2217700CE.NFO,21/10/2022,09:26:09,83.3,83.25,800,83.4,150,5050,3712550
NIFTY27OCT2217700CE.NFO,21/10/2022,09:26:10,83.1,83.1,600,83.25,250,7800,3712550
NIFTY27OCT2217700CE.NFO,21/10/2022,09:26:11,83.25,83.25,50,83.3,50,4300,3712550
NIFTY27OCT2217700CE.NFO,21/10/2022,09:26:12,83.1,83.1,50,83.2,650,1600,3712550
NIFTY27OCT2217700CE.NFO,21/10/2022,09:26:13,83.15,82.95,600,83.15,450,6150,3712550
NIFTY27OCT2217700CE.NFO,21/10/2022,09:26:14,82.5,82.3,800,82.5,100,25900,3712550
NIFTY27OCT2217700CE.NFO,21/10/2022,09:26:15,82.05,82.05,1150,82.3,3400,3900,3712550
NIFTY27OCT2217700CE.NFO,21/10/2022,09:26:16,82.6,82.65,50,82.8,100,7250,3712550
NIFTY27OCT2217700CE.NFO,21/10/2022,09:26:17,82.55,82.65,150,82.85,250,5100,3712550
NIFTY27OCT2217700CE.NFO,21/10/2022,09:26:19,82.1,82.15,100,82.3,150,6900,3712550
NIFTY27OCT2217700CE.NFO,21/10/2022,09:26:20,82,81.9,400,82.1,250,9150,3712550
NIFTY27OCT2217700CE.NFO,21/10/2022,09:26:21,82.25,82.2,650,82.35,50,5500,3712550
NIFTY27OCT2217700CE.NFO,21/10/2022,09:26:22,81.75,81.65,1350,81.8,100,3450,3712550
NIFTY27OCT2217700CE.NFO,21/10/2022,09:26:23,81.75,81.65,350,81.8,50,13700,3798450
NIFTY27OCT2217700CE.NFO,21/10/2022,09:26:25,81.7,81.65,400,81.7,650,3400,3798450
NIFTY27OCT2217700CE.NFO,21/10/2022,09:26:26,81.4,81.2,500,81.4,1350,7400,3798450
NIFTY27OCT2217700CE.NFO,21/10/2022,09:26:27,81.1,81.05,1250,81.25,150,6750,3798450
NIFTY27OCT2217700CE.NFO,21/10/2022,09:26:28,81.1,81.2,200,81.3,500,14950,3798450
NIFTY27OCT2217700CE.NFO,21/10/2022,09:26:29,81.3,81.3,50,81.4,250,7500,3798450
NIFTY27OCT2217700CE.NFO,21/10/2022,09:26:30,81,80.75,400,80.95,1250,14350,3798450
NIFTY27OCT2217700CE.NFO,21/10/2022,09:26:32,80.5,80.35,100,80.5,1450,8050,3798450
NIFTY27OCT2217700CE.NFO,21/10/2022,09:26:33,80.35,80.3,800,80.55,600,4750,3798450
NIFTY27OCT2217700CE.NFO,21/10/2022,09:26:34,80.1,80.2,400,80.4,1450,25450,3798450
NIFTY27OCT2217700CE.NFO,21/10/2022,09:26:35,80.35,80.35,150,80.5,350,7450,3798450
NIFTY27OCT2217700CE.NFO,21/10/2022,09:26:37,80.75,80.65,50,80.8,650,9900,3798450
NIFTY27OCT2217700CE.NFO,21/10/2022,09:26:38,80.55,80.35,300,80.55,600,22400,3798450
NIFTY27OCT2217700CE.NFO,21/10/2022,09:26:39,80.9,80.8,50,80.9,100,5850,3798450
NIFTY27OCT2217700CE.NFO,21/10/2022,09:26:41,80.6,80.5,950,80.7,150,7150,3798450
NIFTY27OCT2217700CE.NFO,21/10/2022,09:26:42,80.45,80.45,300,80.6,200,6800,3798450
NIFTY27OCT2217700CE.NFO,21/10/2022,09:26:43,81.15,81.05,900,81.2,100,7050,3798450
NIFTY27OCT2217700CE.NFO,21/10/2022,09:26:44,81.4,81.35,50,81.4,50,7000,3798450
NIFTY27OCT2217700CE.NFO,21/10/2022,09:26:46,82,81.8,950,82,2250,11400,3798450
NIFTY27OCT2217700CE.NFO,21/10/2022,09:26:47,81.95,81.75,600,81.9,50,8200,3798450
NIFTY27OCT2217700CE.NFO,21/10/2022,09:26:48,82.1,82.1,550,82.25,200,6000,3798450
NIFTY27OCT2217700CE.NFO,21/10/2022,09:26:49,81.85,81.85,50,81.95,600,3400,3798450
NIFTY27OCT2217700CE.NFO,21/10/2022,09:26:51,82.1,82.05,550,82.2,600,9800,3798450
NIFTY27OCT2217700CE.NFO,21/10/2022,09:26:52,82.25,82.25,700,82.4,50,3250,3798450
NIFTY27OCT2217700CE.NFO,21/10/2022,09:26:53,82.2,82.15,250,82.35,800,4700,3798450
NIFTY27OCT2217700CE.NFO,21/10/2022,09:26:54,82.05,81.9,700,82.05,150,7300,3798450
NIFTY27OCT2217700CE.NFO,21/10/2022,09:26:55,82.05,81.9,950,82.1,2800,5100,3798450
NIFTY27OCT2217700CE.NFO,21/10/2022,09:26:56,81.45,81.35,450,81.5,100,6200,3798450
NIFTY27OCT2217700CE.NFO,21/10/2022,09:26:58,81.45,81.4,650,81.6,150,5950,3798450
NIFTY27OCT2217700CE.NFO,21/10/2022,09:26:59,81.65,81.6,100,81.75,1000,3850,3798450
NIFTY27OCT2217700CE.NFO,21/10/2022,09:27:00,81.6,81.75,250,81.9,500,1850,3798450
NIFTY27OCT2217700CE.NFO,21/10/2022,09:27:01,81.45,81.3,550,81.45,850,9600,3798450
NIFTY27OCT2217700CE.NFO,21/10/2022,09:27:02,81.75,81.4,400,81.6,3050,2800,3798450
NIFTY27OCT2217700CE.NFO,21/10/2022,09:27:03,80.95,80.95,150,81.15,1050,10150,3798450
NIFTY27OCT2217700CE.NFO,21/10/2022,09:27:04,81.15,81.1,250,81.2,400,2050,3798450
NIFTY27OCT2217700CE.NFO,21/10/2022,09:27:05,81.2,81.05,100,81.2,250,3100,3798450
NIFTY27OCT2217700CE.NFO,21/10/2022,09:27:07,81.55,81.3,1250,81.5,500,1750,3798450
NIFTY27OCT2217700CE.NFO,21/10/2022,09:27:08,81.7,81.45,250,81.6,1100,2100,3798450
NIFTY27OCT2217700CE.NFO,21/10/2022,09:27:09,81.15,81.1,150,81.25,100,1250,3798450
NIFTY27OCT2217700CE.NFO,21/10/2022,09:27:10,81,81,1050,81.15,500,10250,3798450
NIFTY27OCT2217700CE.NFO,21/10/2022,09:27:11,81.7,81.55,150,81.7,550,6900,3798450
NIFTY27OCT2217700CE.NFO,21/10/2022,09:27:13,82.55,82.6,150,82.7,1850,17300,3798450
NIFTY27OCT2217700CE.NFO,21/10/2022,09:27:14,82.65,82.6,200,82.7,1100,5650,3798450
NIFTY27OCT2217700CE.NFO,21/10/2022,09:27:15,82.7,82.5,2400,82.75,1250,4900,3798450
NIFTY27OCT2217700CE.NFO,21/10/2022,09:27:17,82.6,82.55,1200,82.75,150,5800,3798450
NIFTY27OCT2217700CE.NFO,21/10/2022,09:27:18,82.8,82.75,450,82.9,1950,8950,3798450
NIFTY27OCT2217700CE.NFO,21/10/2022,09:27:19,83,82.85,1500,83,4200,7500,3798450
NIFTY27OCT2217700CE.NFO,21/10/2022,09:27:20,83.35,83.35,150,83.5,200,13500,3798450
NIFTY27OCT2217700CE.NFO,21/10/2022,09:27:22,83.4,83.15,900,83.35,400,10000,3798450
NIFTY27OCT2217700CE.NFO,21/10/2022,09:27:24,83.15,82.9,100,83.1,3350,9800,3798450
NIFTY27OCT2217700CE.NFO,21/10/2022,09:27:25,83.45,83.15,50,83.35,150,6400,3798450
NIFTY27OCT2217700CE.NFO,21/10/2022,09:27:26,83.25,83.15,950,83.3,250,3150,3798450
NIFTY27OCT2217700CE.NFO,21/10/2022,09:27:27,83.55,83.45,950,83.6,1200,3300,3798450
NIFTY27OCT2217700CE.NFO,21/10/2022,09:27:29,83.25,83.15,1750,83.3,350,5000,3798450
NIFTY27OCT2217700CE.NFO,21/10/2022,09:27:30,83.55,83.4,750,83.55,450,3250,3798450
NIFTY27OCT2217700CE.NFO,21/10/2022,09:27:31,83.55,83.55,550,83.75,900,5200,3798450
NIFTY27OCT2217700CE.NFO,21/10/2022,09:27:33,83.65,83.65,1800,83.85,150,9500,3798450
NIFTY27OCT2217700CE.NFO,21/10/2022,09:27:34,83.7,83.7,1150,83.9,50,3300,3798450
NIFTY27OCT2217700CE.NFO,21/10/2022,09:27:35,83.8,83.6,750,83.8,600,2800,3798450
NIFTY27OCT2217700CE.NFO,21/10/2022,09:27:36,83.9,83.7,1100,83.9,4250,4250,3798450
NIFTY27OCT2217700CE.NFO,21/10/2022,09:27:36,83.7,83.8,100,83.95,1450,4100,3798450
NIFTY27OCT2217700CE.NFO,21/10/2022,09:27:37,83.8,83.85,550,84.05,350,12550,3798450
NIFTY27OCT2217700CE.NFO,21/10/2022,09:27:38,83.85,83.8,450,83.95,150,10000,3798450
NIFTY27OCT2217700CE.NFO,21/10/2022,09:27:40,84.2,84.15,50,84.2,50,10750,3798450
NIFTY27OCT2217700CE.NFO,21/10/2022,09:27:41,84.1,84.1,300,84.15,100,3000,3798450
NIFTY27OCT2217700CE.NFO,21/10/2022,09:27:42,84.5,84.35,600,84.5,2050,10000,3798450
NIFTY27OCT2217700CE.NFO,21/10/2022,09:27:43,84.5,84.35,1050,84.5,1250,4200,3798450
NIFTY27OCT2217700CE.NFO,21/10/2022,09:27:44,84.5,84.4,2000,84.5,1250,7000,3798450
NIFTY27OCT2217700CE.NFO,21/10/2022,09:27:45,84.6,84.6,2250,84.7,150,8100,3798450
NIFTY27OCT2217700CE.NFO,21/10/2022,09:27:46,84.55,84.4,50,84.55,150,7250,3798450
NIFTY27OCT2217700CE.NFO,21/10/2022,09:27:48,85.35,85.15,1800,85.3,150,48300,3798450
NIFTY27OCT2217700CE.NFO,21/10/2022,09:27:49,85.05,85.05,1300,85.25,50,9650,3798450
NIFTY27OCT2217700CE.NFO,21/10/2022,09:27:50,85.15,85.15,100,85.3,600,6850,3798450
NIFTY27OCT2217700CE.NFO,21/10/2022,09:27:51,85.25,85.1,50,85.25,100,9650,3798450
NIFTY27OCT2217700CE.NFO,21/10/2022,09:27:52,85.1,84.95,400,85.1,50,12250,3798450
NIFTY27OCT2217700CE.NFO,21/10/2022,09:27:53,85.45,85.15,100,85.3,200,6450,3798450
NIFTY27OCT2217700CE.NFO,21/10/2022,09:27:55,85.7,85.55,150,85.75,150,11750,3798450
NIFTY27OCT2217700CE.NFO,21/10/2022,09:27:56,85.65,85.65,350,85.85,300,6050,3798450
NIFTY27OCT2217700CE.NFO,21/10/2022,09:27:57,86,85.9,850,86,17300,16550,3798450
NIFTY27OCT2217700CE.NFO,21/10/2022,09:27:59,86.55,86.3,1200,86.5,200,23800,3798450
NIFTY27OCT2217700CE.NFO,21/10/2022,09:27:59,86.55,86.3,1200,86.5,200,0,3798450
NIFTY27OCT2217700CE.NFO,21/10/2022,09:28:00,86.75,86.5,250,86.7,1000,10650,3798450
NIFTY27OCT2217700CE.NFO,21/10/2022,09:28:00,86.8,86.5,250,86.7,1000,0,3798450
NIFTY27OCT2217700CE.NFO,21/10/2022,09:28:02,86.85,86.7,500,86.9,250,10400,3798450
NIFTY27OCT2217700CE.NFO,21/10/2022,09:28:02,86.85,86.7,500,86.9,250,0,3798450
NIFTY27OCT2217700CE.NFO,21/10/2022,09:28:03,86.8,86.75,450,86.8,150,21400,3798450
NIFTY27OCT2217700CE.NFO,21/10/2022,09:28:03,87,86.75,450,86.8,150,0,3798450
NIFTY27OCT2217700CE.NFO,21/10/2022,09:28:04,86.9,86.75,200,86.85,100,15600,3798450
NIFTY27OCT2217700CE.NFO,21/10/2022,09:28:04,87.05,86.75,200,86.85,100,0,3798450
NIFTY27OCT2217700CE.NFO,21/10/2022,09:28:06,87.1,86.9,700,87.15,50,19600,3798450
NIFTY27OCT2217700CE.NFO,21/10/2022,09:28:06,87.3,86.9,700,87.15,50,0,3798450
NIFTY27OCT2217700CE.NFO,21/10/2022,09:28:07,86.9,86.8,300,86.95,100,20800,3798450
NIFTY27OCT2217700CE.NFO,21/10/2022,09:28:08,86.75,86.8,1100,87,450,18450,3798450
NIFTY27OCT2217700CE.NFO,21/10/2022,09:28:10,87.6,87.35,1000,87.55,100,24700,3798450
NIFTY27OCT2217700CE.NFO,21/10/2022,09:28:10,87.8,87.35,1000,87.55,100,0,3798450
NIFTY27OCT2217700CE.NFO,21/10/2022,09:28:11,87.05,87.05,1150,87.25,250,28200,3798450
NIFTY27OCT2217700CE.NFO,21/10/2022,09:28:13,86.95,86.75,200,86.95,400,37650,3798450
NIFTY27OCT2217700CE.NFO,21/10/2022,09:28:14,86.3,86.3,100,86.45,50,10650,3798450
NIFTY27OCT2217700CE.NFO,21/10/2022,09:28:16,86,85.9,200,86,50,60150,3798450
NIFTY27OCT2217700CE.NFO,21/10/2022,09:28:17,86.05,85.85,300,85.95,150,14050,3798450
NIFTY27OCT2217700CE.NFO,21/10/2022,09:28:19,85.6,85.6,1850,85.7,400,25600,3798450
NIFTY27OCT2217700CE.NFO,21/10/2022,09:28:20,85.85,85.6,1800,85.85,1450,15900,3798450
NIFTY27OCT2217700CE.NFO,21/10/2022,09:28:21,85.55,85.55,300,85.7,50,18450,3798450
NIFTY27OCT2217700CE.NFO,21/10/2022,09:28:22,85.25,85.15,400,85.25,50,9500,3798450
NIFTY27OCT2217700CE.NFO,21/10/2022,09:28:24,85.3,85.15,200,85.3,300,11100,3798450
NIFTY27OCT2217700CE.NFO,21/10/2022,09:28:25,85.5,85.5,350,85.7,1800,11150,3798450
NIFTY27OCT2217700CE.NFO,21/10/2022,09:28:26,85.6,85.45,150,85.6,150,8000,3798450
NIFTY27OCT2217700CE.NFO,21/10/2022,09:28:27,85.15,85.1,350,85.25,100,5350,3798450
NIFTY27OCT2217700CE.NFO,21/10/2022,09:28:28,85.25,85.25,950,85.45,550,5100,3798450
NIFTY27OCT2217700CE.NFO,21/10/2022,09:28:29,85.1,85.15,1150,85.35,150,9700,3798450
NIFTY27OCT2217700CE.NFO,21/10/2022,09:28:30,85.25,85.25,2750,85.45,650,8700,3798450
NIFTY27OCT2217700CE.NFO,21/10/2022,09:28:31,85.15,85.1,900,85.3,900,14450,3798450
NIFTY27OCT2217700CE.NFO,21/10/2022,09:28:33,84.85,84.7,50,84.85,50,32800,3798450
NIFTY27OCT2217700CE.NFO,21/10/2022,09:28:34,84.9,84.9,400,85.1,1750,10900,3798450
NIFTY27OCT2217700CE.NFO,21/10/2022,09:28:36,84.2,84.2,350,84.4,1450,10450,3798450
NIFTY27OCT2217700CE.NFO,21/10/2022,09:28:37,84.85,84.6,650,84.7,100,2700,3798450
NIFTY27OCT2217700CE.NFO,21/10/2022,09:28:38,84.95,84.85,50,85,2400,5050,3798450
NIFTY27OCT2217700CE.NFO,21/10/2022,09:28:39,84.8,84.75,100,84.95,2600,6850,3798450
NIFTY27OCT2217700CE.NFO,21/10/2022,09:28:41,85.25,85.05,700,85.25,400,4450,3798450
NIFTY27OCT2217700CE.NFO,21/10/2022,09:28:42,85.3,85.35,950,85.55,900,14800,3798450
NIFTY27OCT2217700CE.NFO,21/10/2022,09:28:44,86.15,86.15,50,86.35,1750,12850,3798450
NIFTY27OCT2217700CE.NFO,21/10/2022,09:28:45,86.1,86.05,50,86.2,900,12550,3798450
NIFTY27OCT2217700CE.NFO,21/10/2022,09:28:46,86.1,86.05,250,86.25,1750,8250,3798450
NIFTY27OCT2217700CE.NFO,21/10/2022,09:28:48,86.3,86.2,50,86.3,50,20700,3798450
NIFTY27OCT2217700CE.NFO,21/10/2022,09:28:49,85.9,85.8,450,85.9,100,7600,3798450
NIFTY27OCT2217700CE.NFO,21/10/2022,09:28:50,86.5,86.35,550,86.5,50,7200,3798450
NIFTY27OCT2217700CE.NFO,21/10/2022,09:28:51,86.05,86,200,86.2,900,8100,3798450
NIFTY27OCT2217700CE.NFO,21/10/2022,09:28:53,85.95,85.85,1150,86.05,100,12600,3798450
NIFTY27OCT2217700CE.NFO,21/10/2022,09:28:54,86.05,86,100,86.2,1550,6600,3798450
NIFTY27OCT2217700CE.NFO,21/10/2022,09:28:55,86,86.1,300,86.25,50,12500,3798450
NIFTY27OCT2217700CE.NFO,21/10/2022,09:28:56,86.15,86.15,900,86.3,50,4900,3798450
NIFTY27OCT2217700CE.NFO,21/10/2022,09:28:57,86.3,86.3,850,86.4,1000,5650,3798450
NIFTY27OCT2217700CE.NFO,21/10/2022,09:28:59,86.2,86.1,200,86.3,900,8550,3798450
NIFTY27OCT2217700CE.NFO,21/10/2022,09:29:00,85.75,85.6,150,85.75,200,6150,3798450
NIFTY27OCT2217700CE.NFO,21/10/2022,09:29:01,85.95,85.8,850,85.95,100,12450,3798450
NIFTY27OCT2217700CE.NFO,21/10/2022,09:29:03,86.15,85.95,1400,86.15,1400,4800,3798450
NIFTY27OCT2217700CE.NFO,21/10/2022,09:29:04,86,85.85,50,86,50,4100,3798450
NIFTY27OCT2217700CE.NFO,21/10/2022,09:29:05,86.2,86.05,950,86.25,1100,4000,3798450
NIFTY27OCT2217700CE.NFO,21/10/2022,09:29:07,86,85.8,1000,86,750,5800,3798450
NIFTY27OCT2217700CE.NFO,21/10/2022,09:29:08,85.3,85.15,50,85.3,500,11400,3798450
NIFTY27OCT2217700CE.NFO,21/10/2022,09:29:09,85.3,85.2,700,85.4,1000,1600,3798450
NIFTY27OCT2217700CE.NFO,21/10/2022,09:29:10,85.35,85.2,1000,85.35,200,8450,3798450
NIFTY27OCT2217700CE.NFO,21/10/2022,09:29:11,85.5,85.35,950,85.55,1000,4900,3798450
NIFTY27OCT2217700CE.NFO,21/10/2022,09:29:12,85.9,85.75,300,85.9,150,4450,3798450
NIFTY27OCT2217700CE.NFO,21/10/2022,09:29:13,85.65,85.65,950,85.85,850,2100,3798450
NIFTY27OCT2217700CE.NFO,21/10/2022,09:29:15,85.2,85.25,150,85.45,2200,7250,3798450
NIFTY27OCT2217700CE.NFO,21/10/2022,09:29:16,85.6,85.45,500,85.6,150,4050,3798450
NIFTY27OCT2217700CE.NFO,21/10/2022,09:29:17,85.35,85.25,50,85.4,2400,4250,3798450
NIFTY27OCT2217700CE.NFO,21/10/2022,09:29:19,85.8,85.6,100,85.8,1600,7300,3798450
NIFTY27OCT2217700CE.NFO,21/10/2022,09:29:20,85.65,85.5,850,85.65,500,3800,3798450
NIFTY27OCT2217700CE.NFO,21/10/2022,09:29:21,85.8,85.6,500,85.8,250,1300,3798450
NIFTY27OCT2217700CE.NFO,21/10/2022,09:29:23,85.4,85.35,50,85.4,200,4750,3992550
NIFTY27OCT2217700CE.NFO,21/10/2022,09:29:24,85.4,85.25,50,85.4,450,7750,3992550
NIFTY27OCT2217700CE.NFO,21/10/2022,09:29:25,85.45,85.5,700,85.6,700,3750,3992550
NIFTY27OCT2217700CE.NFO,21/10/2022,09:29:26,85.1,85.15,100,85.3,300,5550,3992550
NIFTY27OCT2217700CE.NFO,21/10/2022,09:29:27,85.6,85.45,50,85.6,650,5050,3992550
NIFTY27OCT2217700CE.NFO,21/10/2022,09:29:28,85.7,85.55,500,85.75,750,4300,3992550
NIFTY27OCT2217700CE.NFO,21/10/2022,09:29:29,85.35,85.4,50,85.5,50,5300,3992550
NIFTY27OCT2217700CE.NFO,21/10/2022,09:29:31,85.75,85.5,150,85.65,500,2450,3992550
NIFTY27OCT2217700CE.NFO,21/10/2022,09:29:32,85.2,85.2,300,85.35,100,4050,3992550
NIFTY27OCT2217700CE.NFO,21/10/2022,09:29:33,85.05,84.95,900,85.05,50,36550,3992550
NIFTY27OCT2217700CE.NFO,21/10/2022,09:29:34,85,84.9,650,85,1900,10350,3992550
NIFTY27OCT2217700CE.NFO,21/10/2022,09:29:36,85.2,85.2,300,85.35,350,16700,3992550
NIFTY27OCT2217700CE.NFO,21/10/2022,09:29:37,84.8,84.8,4200,84.95,650,11150,3992550
NIFTY27OCT2217700CE.NFO,21/10/2022,09:29:38,85.05,85,50,85.05,50,6100,3992550
NIFTY27OCT2217700CE.NFO,21/10/2022,09:29:39,85,84.95,50,85,100,4950,3992550
NIFTY27OCT2217700CE.NFO,21/10/2022,09:29:40,85.1,85,1250,85.2,250,1850,3992550
NIFTY27OCT2217700CE.NFO,21/10/2022,09:29:40,85,85,650,85.05,50,1250,3992550
NIFTY27OCT2217700CE.NFO,21/10/2022,09:29:42,85.05,84.95,250,85,150,2850,3992550
NIFTY27OCT2217700CE.NFO,21/10/2022,09:29:43,85.2,85.2,50,85.3,50,7500,3992550
NIFTY27OCT2217700CE.NFO,21/10/2022,09:29:44,85.2,85.15,2200,85.3,50,7000,3992550
NIFTY27OCT2217700CE.NFO,21/10/2022,09:29:45,85.05,85.1,200,85.25,50,5150,3992550
NIFTY27OCT2217700CE.NFO,21/10/2022,09:29:46,85.35,85.1,250,85.2,50,4100,3992550
NIFTY27OCT2217700CE.NFO,21/10/2022,09:29:46,85.05,85.05,150,85.1,100,450,3992550
NIFTY27OCT2217700CE.NFO,21/10/2022,09:29:47,84.9,84.9,650,85,50,3500,3992550
NIFTY27OCT2217700CE.NFO,21/10/2022,09:29:48,84.85,84.85,750,84.9,450,1600,3992550
NIFTY27OCT2217700CE.NFO,21/10/2022,09:29:49,85.15,85.1,1100,85.2,50,4900,3992550
NIFTY27OCT2217700CE.NFO,21/10/2022,09:29:51,85.4,85.3,850,85.5,550,6450,3992550
NIFTY27OCT2217700CE.NFO,21/10/2022,09:29:52,85.1,85.05,600,85.15,250,4550,3992550
NIFTY27OCT2217700CE.NFO,21/10/2022,09:29:53,84.85,84.8,200,84.85,50,7800,3992550
NIFTY27OCT2217700CE.NFO,21/10/2022,09:29:54,84.35,84.35,200,84.5,100,6350,3992550
NIFTY27OCT2217700CE.NFO,21/10/2022,09:29:55,84.35,84.3,250,84.45,700,3000,3992550
NIFTY27OCT2217700CE.NFO,21/10/2022,09:29:56,84.3,84.1,1300,84.3,1050,9100,3992550
NIFTY27OCT2217700CE.NFO,21/10/2022,09:29:57,84,84,2200,84.1,650,10950,3992550
NIFTY27OCT2217700CE.NFO,21/10/2022,09:29:58,83.95,83.9,250,84.05,900,5900,3992550
NIFTY27OCT2217700CE.NFO,21/10/2022,09:29:59,83.9,83.7,150,83.85,100,6300,3992550
NIFTY27OCT2217700CE.NFO,21/10/2022,09:30:00,84.8,84.75,600,84.95,1000,8650,3992550
NIFTY27OCT2217700CE.NFO,21/10/2022,09:30:02,84.9,84.9,300,85,150,9200,3992550
NIFTY27OCT2217700CE.NFO,21/10/2022,09:30:03,84.7,84.7,350,84.9,700,7950,3992550
NIFTY27OCT2217700CE.NFO,21/10/2022,09:30:04,84.5,84.5,100,84.65,100,6250,3992550
NIFTY27OCT2217700CE.NFO,21/10/2022,09:30:05,84.9,84.75,750,84.9,100,4450,3992550
NIFTY27OCT2217700CE.NFO,21/10/2022,09:30:07,84.7,84.65,700,84.75,50,5550,3992550
NIFTY27OCT2217700CE.NFO,21/10/2022,09:30:08,84.45,84.25,450,84.45,700,3100,3992550
NIFTY27OCT2217700CE.NFO,21/10/2022,09:30:09,85.2,85,400,85.2,1800,8250,3992550
NIFTY27OCT2217700CE.NFO,21/10/2022,09:30:10,85.05,85.05,100,85.2,200,5350,3992550
NIFTY27OCT2217700CE.NFO,21/10/2022,09:30:11,84.8,84.65,750,84.8,100,3800,3992550
NIFTY27OCT2217700CE.NFO,21/10/2022,09:30:12,84.5,84.45,200,84.6,400,2850,3992550
NIFTY27OCT2217700CE.NFO,21/10/2022,09:30:14,84.5,84.4,250,84.6,750,6450,3992550
NIFTY27OCT2217700CE.NFO,21/10/2022,09:30:15,84.5,84.35,150,84.5,50,7050,3992550
NIFTY27OCT2217700CE.NFO,21/10/2022,09:30:16,84.15,84,50,84.15,1200,10250,3992550
NIFTY27OCT2217700CE.NFO,21/10/2022,09:30:17,84.35,84,600,84.15,450,2750,3992550
NIFTY27OCT2217700CE.NFO,21/10/2022,09:30:18,83.9,83.8,350,83.95,350,3100,3992550
NIFTY27OCT2217700CE.NFO,21/10/2022,09:30:20,83.15,83.05,1300,83.25,50,14550,3992550
NIFTY27OCT2217700CE.NFO,21/10/2022,09:30:21,82.4,82.4,800,82.55,300,23650,3992550
NIFTY27OCT2217700CE.NFO,21/10/2022,09:30:22,82.7,82.6,550,82.75,750,8950,3992550
NIFTY27OCT2217700CE.NFO,21/10/2022,09:30:24,82.85,82.85,200,83,600,6200,3992550
NIFTY27OCT2217700CE.NFO,21/10/2022,09:30:25,83.2,83.25,400,83.35,50,10550,3992550
NIFTY27OCT2217700CE.NFO,21/10/2022,09:30:26,83.5,83.4,200,83.55,50,7950,3992550
NIFTY27OCT2217700CE.NFO,21/10/2022,09:30:28,83.8,83.8,150,83.95,250,2700,3992550
NIFTY27OCT2217700CE.NFO,21/10/2022,09:30:29,84,83.7,50,83.85,1350,7200,3992550
NIFTY27OCT2217700CE.NFO,21/10/2022,09:30:30,83.9,83.7,800,83.8,50,7400,3992550
NIFTY27OCT2217700CE.NFO,21/10/2022,09:30:32,83.4,83.25,900,83.4,700,9200,3992550
NIFTY27OCT2217700CE.NFO,21/10/2022,09:30:33,83,82.85,200,83,250,9700,3992550
NIFTY27OCT2217700CE.NFO,21/10/2022,09:30:34,82.2,82.25,50,82.35,150,6450,3992550
NIFTY27OCT2217700CE.NFO,21/10/2022,09:30:35,82.35,82.1,750,82.25,250,2550,3992550
NIFTY27OCT2217700CE.NFO,21/10/2022,09:30:36,82.35,82.15,900,82.3,150,7700,3992550
NIFTY27OCT2217700CE.NFO,21/10/2022,09:30:37,82.55,82.55,900,82.75,750,5450,3992550
NIFTY27OCT2217700CE.NFO,21/10/2022,09:30:38,82.6,82.5,100,82.65,200,8050,3992550
NIFTY27OCT2217700CE.NFO,21/10/2022,09:30:40,82.95,82.7,3250,82.9,400,3100,3992550
NIFTY27OCT2217700CE.NFO,21/10/2022,09:30:41,82.65,82.55,1050,82.75,1250,5850,3992550
NIFTY27OCT2217700CE.NFO,21/10/2022,09:30:42,82.25,82.4,100,82.55,1850,9900,3992550
NIFTY27OCT2217700CE.NFO,21/10/2022,09:30:43,82.3,82.25,150,82.4,150,4300,3992550
NIFTY27OCT2217700CE.NFO,21/10/2022,09:30:44,82.25,82.1,150,82.25,300,7550,3992550
NIFTY27OCT2217700CE.NFO,21/10/2022,09:30:45,82.1,82.05,1850,82.2,50,7150,3992550
NIFTY27OCT2217700CE.NFO,21/10/2022,09:30:47,82.85,82.75,100,82.95,550,13100,3992550
NIFTY27OCT2217700CE.NFO,21/10/2022,09:30:48,82.05,82.05,1350,82.25,600,3000,3992550
NIFTY27OCT2217700CE.NFO,21/10/2022,09:30:49,82.15,82.1,1300,82.3,300,2750,3992550
NIFTY27OCT2217700CE.NFO,21/10/2022,09:30:50,82.2,82.2,50,82.35,650,3550,3992550
NIFTY27OCT2217700CE.NFO,21/10/2022,09:30:52,82.65,82.55,100,82.75,350,13500,3992550
NIFTY27OCT2217700CE.NFO,21/10/2022,09:30:53,82,82,200,82.05,200,31850,3992550
NIFTY27OCT2217700CE.NFO,21/10/2022,09:30:54,82.55,82.4,50,82.6,900,6950,3992550
NIFTY27OCT2217700CE.NFO,21/10/2022,09:30:55,82.75,82.5,250,82.65,50,3200,3992550
NIFTY27OCT2217700CE.NFO,21/10/2022,09:30:56,82.4,82.3,550,82.4,400,3250,3992550
NIFTY27OCT2217700CE.NFO,21/10/2022,09:30:57,82.35,82.25,950,82.4,1400,4750,3992550
NIFTY27OCT2217700CE.NFO,21/10/2022,09:30:59,82.35,82.3,950,82.5,250,4150,3992550
NIFTY27OCT2217700CE.NFO,21/10/2022,09:31:00,82.05,82.05,400,82.2,2100,4950,3992550
NIFTY27OCT2217700CE.NFO,21/10/2022,09:31:01,81.95,81.8,800,81.95,200,9800,3992550
NIFTY27OCT2217700CE.NFO,21/10/2022,09:31:02,81.75,81.7,50,81.8,1500,6550,3992550
NIFTY27OCT2217700CE.NFO,21/10/2022,09:31:04,81.9,81.9,3350,82.1,350,5950,3992550
NIFTY27OCT2217700CE.NFO,21/10/2022,09:31:05,82.65,82.6,1100,82.8,400,6850,3992550
NIFTY27OCT2217700CE.NFO,21/10/2022,09:31:06,82.3,82.25,300,82.4,150,9700,3992550
NIFTY27OCT2217700CE.NFO,21/10/2022,09:31:07,82.45,82.3,200,82.45,1250,6700,3992550
NIFTY27OCT2217700CE.NFO,21/10/2022,09:31:08,82.7,82.55,100,82.7,150,3000,3992550
NIFTY27OCT2217700CE.NFO,21/10/2022,09:31:09,81.85,81.85,650,81.95,250,6150,3992550
NIFTY27OCT2217700CE.NFO,21/10/2022,09:31:11,81.75,81.75,1250,81.85,100,7450,3992550
NIFTY27OCT2217700CE.NFO,21/10/2022,09:31:12,82.55,82.35,900,82.55,1000,5650,3992550
NIFTY27OCT2217700CE.NFO,21/10/2022,09:31:13,81.8,81.8,750,82,1900,2750,3992550
NIFTY27OCT2217700CE.NFO,21/10/2022,09:31:14,81.85,81.9,100,82.05,750,5600,3992550
NIFTY27OCT2217700CE.NFO,21/10/2022,09:31:15,82.05,82.1,50,82.2,100,3700,3992550
NIFTY27OCT2217700CE.NFO,21/10/2022,09:31:16,81.5,81.5,750,81.55,50,10200,3992550
NIFTY27OCT2217700CE.NFO,21/10/2022,09:31:18,81.15,81,100,81.1,50,21450,3992550
NIFTY27OCT2217700CE.NFO,21/10/2022,09:31:19,81.45,81.3,900,81.5,150,4350,3992550
NIFTY27OCT2217700CE.NFO,21/10/2022,09:31:20,81.5,81.45,50,81.55,750,2950,3992550
NIFTY27OCT2217700CE.NFO,21/10/2022,09:31:21,81.65,81.55,550,81.75,650,6250,3992550
NIFTY27OCT2217700CE.NFO,21/10/2022,09:31:22,81.55,81.35,1000,81.55,500,3100,3992550
NIFTY27OCT2217700CE.NFO,21/10/2022,09:31:23,81.8,81.7,150,81.8,100,2500,3992550
NIFTY27OCT2217700CE.NFO,21/10/2022,09:31:25,81.45,81.4,800,81.55,1600,3550,3992550
NIFTY27OCT2217700CE.NFO,21/10/2022,09:31:26,81.45,81.45,350,81.65,1300,2800,3992550
NIFTY27OCT2217700CE.NFO,21/10/2022,09:31:27,81.7,81.5,50,81.6,750,1950,3992550
NIFTY27OCT2217700CE.NFO,21/10/2022,09:31:28,81.55,81.45,150,81.6,100,5900,3992550
NIFTY27OCT2217700CE.NFO,21/10/2022,09:31:30,81.6,81.65,50,81.7,50,6350,3992550
NIFTY27OCT2217700CE.NFO,21/10/2022,09:31:31,81.75,81.8,50,81.9,450,7050,3992550
NIFTY27OCT2217700CE.NFO,21/10/2022,09:31:32,81.65,81.65,50,81.7,150,4300,3992550
NIFTY27OCT2217700CE.NFO,21/10/2022,09:31:33,82,81.85,100,81.95,150,5850,3992550
NIFTY27OCT2217700CE.NFO,21/10/2022,09:31:34,81.95,81.85,200,82,900,4550,3992550
NIFTY27OCT2217700CE.NFO,21/10/2022,09:31:35,82.1,81.95,100,82.1,150,2600,3992550
NIFTY27OCT2217700CE.NFO,21/10/2022,09:31:36,81.8,81.7,100,81.85,600,5650,3992550
NIFTY27OCT2217700CE.NFO,21/10/2022,09:31:37,81.9,81.8,200,81.95,700,2550,3992550
NIFTY27OCT2217700CE.NFO,21/10/2022,09:31:39,81.7,81.6,800,81.7,150,1850,3992550
NIFTY27OCT2217700CE.NFO,21/10/2022,09:31:40,81.95,81.8,50,81.85,100,2600,3992550
NIFTY27OCT2217700CE.NFO,21/10/2022,09:31:41,82.3,82.15,550,82.3,50,5050,3992550
NIFTY27OCT2217700CE.NFO,21/10/2022,09:31:42,82.55,82.55,150,82.7,500,6100,3992550
NIFTY27OCT2217700CE.NFO,21/10/2022,09:31:43,82.95,83.05,450,83.2,150,9000,3992550
NIFTY27OCT2217700CE.NFO,21/10/2022,09:31:44,83.7,83.5,850,83.7,300,5550,3992550
NIFTY27OCT2217700CE.NFO,21/10/2022,09:31:45,84.05,84,500,84.15,600,5150,3992550
NIFTY27OCT2217700CE.NFO,21/10/2022,09:31:47,84.15,84.15,250,84.35,650,7150,3992550
NIFTY27OCT2217700CE.NFO,21/10/2022,09:31:48,84.2,84.2,1200,84.35,100,5800,3992550
NIFTY27OCT2217700CE.NFO,21/10/2022,09:31:49,84.05,84.1,250,84.3,1700,5800,3992550
NIFTY27OCT2217700CE.NFO,21/10/2022,09:31:50,84.4,84.2,50,84.35,50,6650,3992550
NIFTY27OCT2217700CE.NFO,21/10/2022,09:31:51,84.2,84.2,800,84.4,500,4000,3992550
NIFTY27OCT2217700CE.NFO,21/10/2022,09:31:52,84.7,84.7,100,84.85,50,11000,3992550
NIFTY27OCT2217700CE.NFO,21/10/2022,09:31:54,84.9,84.9,150,84.95,50,5450,3992550
NIFTY27OCT2217700CE.NFO,21/10/2022,09:31:55,84.95,84.8,700,84.95,200,6400,3992550
NIFTY27OCT2217700CE.NFO,21/10/2022,09:31:56,85.35,85.3,550,85.4,150,26400,3992550
NIFTY27OCT2217700CE.NFO,21/10/2022,09:31:57,85.65,85.65,50,85.75,400,6250,3992550
NIFTY27OCT2217700CE.NFO,21/10/2022,09:31:58,85.8,85.8,150,85.95,1200,11750,3992550
NIFTY27OCT2217700CE.NFO,21/10/2022,09:31:59,85.15,85.2,300,85.35,450,7900,3992550
NIFTY27OCT2217700CE.NFO,21/10/2022,09:32:01,84.65,84.65,200,84.8,500,16000,3992550
NIFTY27OCT2217700CE.NFO,21/10/2022,09:32:02,84.25,83.95,50,84.1,200,16150,3992550
NIFTY27OCT2217700CE.NFO,21/10/2022,09:32:04,82.85,82.85,600,83.05,250,13650,3992550
NIFTY27OCT2217700CE.NFO,21/10/2022,09:32:05,82.85,82.7,350,82.9,2150,6300,3992550
NIFTY27OCT2217700CE.NFO,21/10/2022,09:32:06,82.6,82.65,150,82.8,1250,2400,3992550
NIFTY27OCT2217700CE.NFO,21/10/2022,09:32:08,83.1,82.85,1050,83,150,6350,3992550
NIFTY27OCT2217700CE.NFO,21/10/2022,09:32:09,83.4,83.25,200,83.4,200,3400,3992550
NIFTY27OCT2217700CE.NFO,21/10/2022,09:32:11,83.6,83.6,1300,83.8,1300,7250,3992550
NIFTY27OCT2217700CE.NFO,21/10/2022,09:32:12,83.95,83.8,200,83.95,550,1600,3992550
NIFTY27OCT2217700CE.NFO,21/10/2022,09:32:13,83.45,83.45,550,83.5,1700,3850,3992550
NIFTY27OCT2217700CE.NFO,21/10/2022,09:32:14,83.05,83,1250,83.15,800,6550,3992550
NIFTY27OCT2217700CE.NFO,21/10/2022,09:32:15,82.5,82.5,500,82.7,700,9350,3992550
NIFTY27OCT2217700CE.NFO,21/10/2022,09:32:17,82.25,82.15,50,82.3,1550,4850,3992550
NIFTY27OCT2217700CE.NFO,21/10/2022,09:32:18,82.15,82.15,500,82.35,700,3900,3992550
NIFTY27OCT2217700CE.NFO,21/10/2022,09:32:19,82.2,82.2,700,82.4,1100,2100,3992550
NIFTY27OCT2217700CE.NFO,21/10/2022,09:32:20,82.1,82,9550,82.15,650,2350,3992550
NIFTY27OCT2217700CE.NFO,21/10/2022,09:32:21,81.85,81.8,600,81.9,950,12300,3992550
NIFTY27OCT2217700CE.NFO,21/10/2022,09:32:23,81.7,81.6,3550,81.75,400,5850,4197700
NIFTY27OCT2217700CE.NFO,21/10/2022,09:32:24,81.35,81.35,2450,81.55,1900,8250,4197700
NIFTY27OCT2217700CE.NFO,21/10/2022,09:32:25,81.25,81.1,100,81.25,150,9400,4197700
NIFTY27OCT2217700CE.NFO,21/10/2022,09:32:26,81.25,81.1,1500,81.3,850,3800,4197700
NIFTY27OCT2217700CE.NFO,21/10/2022,09:32:27,81,81,9800,81.15,600,3600,4197700
NIFTY27OCT2217700CE.NFO,21/10/2022,09:32:29,81.05,80.95,150,81.05,100,15450,4197700
NIFTY27OCT2217700CE.NFO,21/10/2022,09:32:30,81.55,81.55,200,81.7,100,7250,4197700
NIFTY27OCT2217700CE.NFO,21/10/2022,09:32:31,82.2,82.2,800,82.4,1500,8100,4197700
NIFTY27OCT2217700CE.NFO,21/10/2022,09:32:32,82.7,82.45,500,82.6,150,2650,4197700
NIFTY27OCT2217700CE.NFO,21/10/2022,09:32:34,82.8,82.7,200,82.85,800,10100,4197700
NIFTY27OCT2217700CE.NFO,21/10/2022,09:32:35,82.85,82.85,50,83.05,2200,6150,4197700
NIFTY27OCT2217700CE.NFO,21/10/2022,09:32:36,82.95,82.75,200,82.9,950,3750,4197700
NIFTY27OCT2217700CE.NFO,21/10/2022,09:32:37,81.9,81.95,200,82.1,1800,4400,4197700
NIFTY27OCT2217700CE.NFO,21/10/2022,09:32:38,82.15,82.05,100,82.2,750,3150,4197700
NIFTY27OCT2217700CE.NFO,21/10/2022,09:32:39,82.45,82.35,1550,82.5,200,3900,4197700
NIFTY27OCT2217700CE.NFO,21/10/2022,09:32:40,82.55,82.6,250,82.7,100,3650,4197700
NIFTY27OCT2217700CE.NFO,21/10/2022,09:32:42,82.6,82.75,200,82.85,600,7550,4197700
NIFTY27OCT2217700CE.NFO,21/10/2022,09:32:43,83.05,83,1200,83.05,50,13950,4197700
NIFTY27OCT2217700CE.NFO,21/10/2022,09:32:44,82.75,82.75,650,82.85,100,14500,4197700
NIFTY27OCT2217700CE.NFO,21/10/2022,09:32:45,82.95,82.8,50,82.9,100,2950,4197700
NIFTY27OCT2217700CE.NFO,21/10/2022,09:32:46,82.95,82.9,650,83.05,100,1750,4197700
NIFTY27OCT2217700CE.NFO,21/10/2022,09:32:48,83.55,83.5,350,83.65,150,5450,4197700
NIFTY27OCT2217700CE.NFO,21/10/2022,09:32:49,83.6,83.35,250,83.45,200,2850,4197700
NIFTY27OCT2217700CE.NFO,21/10/2022,09:32:50,83.35,83.15,550,83.3,600,900,4197700
NIFTY27OCT2217700CE.NFO,21/10/2022,09:32:51,83.2,83.05,200,83.2,100,1350,4197700
NIFTY27OCT2217700CE.NFO,21/10/2022,09:32:52,83.2,83.1,900,83.25,550,3700,4197700
NIFTY27OCT2217700CE.NFO,21/10/2022,09:32:53,83.3,83.3,250,83.4,350,2350,4197700
NIFTY27OCT2217700CE.NFO,21/10/2022,09:32:54,83.55,83.45,500,83.55,50,3150,4197700
NIFTY27OCT2217700CE.NFO,21/10/2022,09:32:55,83.4,83.35,500,83.5,700,500,4197700
NIFTY27OCT2217700CE.NFO,21/10/2022,09:32:56,83.1,82.95,50,83.1,3150,4150,4197700
NIFTY27OCT2217700CE.NFO,21/10/2022,09:32:57,82.55,82.4,350,82.55,800,8050,4197700
NIFTY27OCT2217700CE.NFO,21/10/2022,09:32:58,82.95,82.85,200,82.95,300,12200,4197700
NIFTY27OCT2217700CE.NFO,21/10/2022,09:32:59,83,83,350,83.1,50,3650,4197700
NIFTY27OCT2217700CE.NFO,21/10/2022,09:33:01,82.45,82.4,100,82.5,200,8350,4197700
NIFTY27OCT2217700CE.NFO,21/10/2022,09:33:02,82.35,82.5,50,82.65,50,2600,4197700
NIFTY27OCT2217700CE.NFO,21/10/2022,09:33:03,82.2,82.15,1350,82.35,700,3900,4197700
NIFTY27OCT2217700CE.NFO,21/10/2022,09:33:04,82,82.05,800,82.2,300,5950,4197700
NIFTY27OCT2217700CE.NFO,21/10/2022,09:33:05,82.25,82.25,2350,82.45,900,7950,4197700
NIFTY27OCT2217700CE.NFO,21/10/2022,09:33:06,82,82,8450,82.05,500,3500,4197700
NIFTY27OCT2217700CE.NFO,21/10/2022,09:33:07,81.7,81.8,300,81.95,1600,11000,4197700
NIFTY27OCT2217700CE.NFO,21/10/2022,09:33:08,81.8,81.8,450,81.9,1100,200,4197700
NIFTY27OCT2217700CE.NFO,21/10/2022,09:33:09,82.3,82.15,150,82.25,600,2900,4197700
NIFTY27OCT2217700CE.NFO,21/10/2022,09:33:10,82.3,82.1,100,82.25,250,5600,4197700
NIFTY27OCT2217700CE.NFO,21/10/2022,09:33:11,82,82,1300,82.1,50,1850,4197700
NIFTY27OCT2217700CE.NFO,21/10/2022,09:33:12,81.8,81.8,2000,81.95,150,2450,4197700
NIFTY27OCT2217700CE.NFO,21/10/2022,09:33:13,81.95,81.85,100,82,1750,50,4197700
NIFTY27OCT2217700CE.NFO,21/10/2022,09:33:14,81.8,81.7,350,81.85,100,2650,4197700
NIFTY27OCT2217700CE.NFO,21/10/2022,09:33:15,81.5,81.35,1750,81.55,1100,9350,4197700
NIFTY27OCT2217700CE.NFO,21/10/2022,09:33:16,81.35,81.35,1750,81.5,150,2150,4197700
NIFTY27OCT2217700CE.NFO,21/10/2022,09:33:18,81.8,81.65,800,81.8,150,7100,4197700
NIFTY27OCT2217700CE.NFO,21/10/2022,09:33:19,81.95,81.8,250,81.95,1750,2400,4197700
NIFTY27OCT2217700CE.NFO,21/10/2022,09:33:20,82.2,82,2700,82.2,150,5100,4197700
NIFTY27OCT2217700CE.NFO,21/10/2022,09:33:21,82.05,82.2,2000,82.4,1000,2650,4197700
NIFTY27OCT2217700CE.NFO,21/10/2022,09:33:22,82,81.95,500,82.1,100,3800,4197700
NIFTY27OCT2217700CE.NFO,21/10/2022,09:33:23,82.7,82.55,200,82.65,350,3050,4197700
NIFTY27OCT2217700CE.NFO,21/10/2022,09:33:24,82.2,82.2,300,82.3,50,4400,4197700
NIFTY27OCT2217700CE.NFO,21/10/2022,09:33:25,82.4,82.4,600,82.6,2650,950,4197700
NIFTY27OCT2217700CE.NFO,21/10/2022,09:33:26,82.35,82.25,950,82.35,1200,2000,4197700
NIFTY27OCT2217700CE.NFO,21/10/2022,09:33:28,82.3,82.05,50,82.1,100,3050,4197700
NIFTY27OCT2217700CE.NFO,21/10/2022,09:33:29,82.15,81.9,900,82.05,150,4100,4197700
NIFTY27OCT2217700CE.NFO,21/10/2022,09:33:30,81.95,81.85,1350,81.95,150,2350,4197700
NIFTY27OCT2217700CE.NFO,21/10/2022,09:33:31,82,82,2500,82.15,700,6000,4197700
NIFTY27OCT2217700CE.NFO,21/10/2022,09:33:32,82.05,82.05,1700,82.25,650,2800,4197700
NIFTY27OCT2217700CE.NFO,21/10/2022,09:33:33,82.15,82.25,250,82.45,1750,1050,4197700
NIFTY27OCT2217700CE.NFO,21/10/2022,09:33:34,82.15,82.25,400,82.35,50,1400,4197700
NIFTY27OCT2217700CE.NFO,21/10/2022,09:33:35,82.65,82.55,2200,82.75,200,8450,4197700
NIFTY27OCT2217700CE.NFO,21/10/2022,09:33:36,82.5,82.35,350,82.5,150,4550,4197700
NIFTY27OCT2217700CE.NFO,21/10/2022,09:33:37,82.3,82.35,400,82.55,250,600,4197700
NIFTY27OCT2217700CE.NFO,21/10/2022,09:33:38,82.7,82.65,200,82.8,800,5400,4197700
NIFTY27OCT2217700CE.NFO,21/10/2022,09:33:39,82.5,82.35,1000,82.5,400,4700,4197700
NIFTY27OCT2217700CE.NFO,21/10/2022,09:33:40,82.4,82.4,700,82.55,800,3050,4197700
NIFTY27OCT2217700CE.NFO,21/10/2022,09:33:41,82,81.95,150,82.1,350,3000,4197700
NIFTY27OCT2217700CE.NFO,21/10/2022,09:33:43,82.15,82.1,50,82.25,1150,2350,4197700
NIFTY27OCT2217700CE.NFO,21/10/2022,09:33:44,82.35,82.2,450,82.35,650,850,4197700
NIFTY27OCT2217700CE.NFO,21/10/2022,09:33:45,82.1,82.1,150,82.25,100,2650,4197700
NIFTY27OCT2217700CE.NFO,21/10/2022,09:33:46,82.15,82.05,2100,82.25,200,2150,4197700
NIFTY27OCT2217700CE.NFO,21/10/2022,09:33:47,82,82,1950,82.15,950,2400,4197700
NIFTY27OCT2217700CE.NFO,21/10/2022,09:33:48,82.1,82.1,50,82.25,200,3750,4197700
NIFTY27OCT2217700CE.NFO,21/10/2022,09:33:49,82.1,82.1,900,82.25,400,1700,4197700
NIFTY27OCT2217700CE.NFO,21/10/2022,09:33:50,82.1,82,3550,82.15,200,1500,4197700
NIFTY27OCT2217700CE.NFO,21/10/2022,09:33:52,82.55,82.35,250,82.55,800,5850,4197700
NIFTY27OCT2217700CE.NFO,21/10/2022,09:33:53,82.35,82.35,50,82.4,100,1300,4197700
NIFTY27OCT2217700CE.NFO,21/10/2022,09:33:54,82.3,82.2,200,82.35,150,1150,4197700
NIFTY27OCT2217700CE.NFO,21/10/2022,09:33:55,82.15,82,2400,82.1,1100,3300,4197700
NIFTY27OCT2217700CE.NFO,21/10/2022,09:33:56,82.15,82.05,100,82.2,750,2900,4197700
NIFTY27OCT2217700CE.NFO,21/10/2022,09:33:57,82,82,3350,82.1,100,700,4197700
NIFTY27OCT2217700CE.NFO,21/10/2022,09:33:58,81.55,81.6,1850,81.8,200,11650,4197700
NIFTY27OCT2217700CE.NFO,21/10/2022,09:34:00,81.4,81.4,150,81.55,150,2550,4197700
NIFTY27OCT2217700CE.NFO,21/10/2022,09:34:01,81.85,81.85,50,81.9,400,7000,4197700
NIFTY27OCT2217700CE.NFO,21/10/2022,09:34:02,81.85,81.65,100,81.75,100,3300,4197700
NIFTY27OCT2217700CE.NFO,21/10/2022,09:34:03,82.2,82.05,1000,82.2,2100,3250,4197700
NIFTY27OCT2217700CE.NFO,21/10/2022,09:34:05,81.95,81.8,1100,81.9,50,2100,4197700
NIFTY27OCT2217700CE.NFO,21/10/2022,09:34:06,81.55,81.55,1000,81.75,800,9250,4197700
NIFTY27OCT2217700CE.NFO,21/10/2022,09:34:07,81.75,81.55,2200,81.75,1100,4750,4197700
NIFTY27OCT2217700CE.NFO,21/10/2022,09:34:08,81.7,81.55,650,81.7,200,850,4197700
NIFTY27OCT2217700CE.NFO,21/10/2022,09:34:09,81.4,81.4,50,81.55,250,6450,4197700
NIFTY27OCT2217700CE.NFO,21/10/2022,09:34:10,81.55,81.5,100,81.65,1250,3700,4197700
NIFTY27OCT2217700CE.NFO,21/10/2022,09:34:11,81.25,81.25,250,81.4,200,1150,4197700
NIFTY27OCT2217700CE.NFO,21/10/2022,09:34:12,81.55,81.4,150,81.6,2000,2450,4197700
NIFTY27OCT2217700CE.NFO,21/10/2022,09:34:13,81.6,81.6,150,81.7,100,3150,4197700
NIFTY27OCT2217700CE.NFO,21/10/2022,09:34:14,81.4,81.4,1950,81.45,50,700,4197700
NIFTY27OCT2217700CE.NFO,21/10/2022,09:34:15,81.2,81.25,1350,81.4,150,9300,4197700
NIFTY27OCT2217700CE.NFO,21/10/2022,09:34:16,81.4,81.4,50,81.55,150,2150,4197700
NIFTY27OCT2217700CE.NFO,21/10/2022,09:34:17,81.35,81.35,50,81.45,100,3300,4197700
NIFTY27OCT2217700CE.NFO,21/10/2022,09:34:18,81.5,81.4,200,81.55,750,800,4197700
NIFTY27OCT2217700CE.NFO,21/10/2022,09:34:19,81.75,81.7,250,81.85,1700,3850,4197700
NIFTY27OCT2217700CE.NFO,21/10/2022,09:34:20,81.8,81.7,700,81.9,2900,1250,4197700
NIFTY27OCT2217700CE.NFO,21/10/2022,09:34:21,81.9,81.75,350,81.9,400,1000,4197700
NIFTY27OCT2217700CE.NFO,21/10/2022,09:34:22,81.75,81.75,1000,81.9,650,1650,4197700
NIFTY27OCT2217700CE.NFO,21/10/2022,09:34:23,81.8,81.8,50,81.95,450,3650,4197700
NIFTY27OCT2217700CE.NFO,21/10/2022,09:34:24,81.7,81.7,300,81.9,2200,4950,4197700
NIFTY27OCT2217700CE.NFO,21/10/2022,09:34:25,81.75,81.75,800,81.9,100,500,4197700
NIFTY27OCT2217700CE.NFO,21/10/2022,09:34:26,81.9,81.7,50,81.8,1100,4200,4197700
NIFTY27OCT2217700CE.NFO,21/10/2022,09:34:27,82,81.9,250,82,800,8150,4197700
NIFTY27OCT2217700CE.NFO,21/10/2022,09:34:29,82.05,81.95,1050,82.1,300,22950,4197700
NIFTY27OCT2217700CE.NFO,21/10/2022,09:34:30,82.15,82.05,350,82.15,50,5000,4197700
NIFTY27OCT2217700CE.NFO,21/10/2022,09:34:31,82.15,82,400,82.15,250,1350,4197700
NIFTY27OCT2217700CE.NFO,21/10/2022,09:34:32,82.1,82,1850,82.15,950,3300,4197700
NIFTY27OCT2217700CE.NFO,21/10/2022,09:34:33,82.15,82.1,50,82.25,450,2450,4197700
NIFTY27OCT2217700CE.NFO,21/10/2022,09:34:34,82.05,82.1,2500,82.3,1000,4800,4197700
NIFTY27OCT2217700CE.NFO,21/10/2022,09:34:35,81.9,82,2000,82.2,2000,6450,4197700
NIFTY27OCT2217700CE.NFO,21/10/2022,09:34:37,82.15,81.9,900,82.1,1600,1000,4197700
NIFTY27OCT2217700CE.NFO,21/10/2022,09:34:37,81.85,81.9,600,82,500,2500,4197700
NIFTY27OCT2217700CE.NFO,21/10/2022,09:34:39,81.8,81.8,2050,81.95,50,4650,4197700
NIFTY27OCT2217700CE.NFO,21/10/2022,09:34:39,81.85,81.8,2450,82,700,100,4197700
NIFTY27OCT2217700CE.NFO,21/10/2022,09:34:40,81.8,81.8,700,81.95,300,1200,4197700
NIFTY27OCT2217700CE.NFO,21/10/2022,09:34:41,81.85,81.7,400,81.85,600,4500,4197700
NIFTY27OCT2217700CE.NFO,21/10/2022,09:34:42,81.85,81.7,100,81.85,1050,3350,4197700
NIFTY27OCT2217700CE.NFO,21/10/2022,09:34:43,81.65,81.65,350,81.8,1250,1400,4197700
NIFTY27OCT2217700CE.NFO,21/10/2022,09:34:44,81.75,81.55,250,81.75,2050,5700,4197700
NIFTY27OCT2217700CE.NFO,21/10/2022,09:34:45,81.75,81.6,3150,81.7,100,1750,4197700
NIFTY27OCT2217700CE.NFO,21/10/2022,09:34:46,81.6,81.65,850,81.7,50,2550,4197700
NIFTY27OCT2217700CE.NFO,21/10/2022,09:34:48,81.2,81.1,2100,81.2,200,2950,4197700
NIFTY27OCT2217700CE.NFO,21/10/2022,09:34:48,81.25,81.1,2450,81.25,350,200,4197700
NIFTY27OCT2217700CE.NFO,21/10/2022,09:34:49,81.1,81,50,81.1,650,28000,4197700
NIFTY27OCT2217700CE.NFO,21/10/2022,09:34:50,81.2,81.15,2350,81.35,150,7150,4197700
NIFTY27OCT2217700CE.NFO,21/10/2022,09:34:51,81.35,81.3,50,81.35,1450,1400,4197700
NIFTY27OCT2217700CE.NFO,21/10/2022,09:34:52,81.45,81.35,950,81.45,50,400,4197700
NIFTY27OCT2217700CE.NFO,21/10/2022,09:34:53,81.05,81.05,1900,81.25,950,1750,4197700
NIFTY27OCT2217700CE.NFO,21/10/2022,09:34:54,81.5,81.25,2000,81.45,1000,2850,4197700
NIFTY27OCT2217700CE.NFO,21/10/2022,09:34:55,81.45,81.25,1750,81.45,350,4050,4197700
NIFTY27OCT2217700CE.NFO,21/10/2022,09:34:56,81.45,81.35,150,81.5,450,3350,4197700
NIFTY27OCT2217700CE.NFO,21/10/2022,09:34:58,81.5,81.5,50,81.65,200,9150,4197700
NIFTY27OCT2217700CE.NFO,21/10/2022,09:34:59,81.8,81.75,750,81.9,900,2850,4197700
NIFTY27OCT2217700CE.NFO,21/10/2022,09:35:00,81.9,81.45,50,81.55,1450,1500,4197700
NIFTY27OCT2217700CE.NFO,21/10/2022,09:35:00,81.3,81.25,350,81.4,50,900,4197700
NIFTY27OCT2217700CE.NFO,21/10/2022,09:35:01,81.25,81.3,750,81.4,200,2650,4197700
NIFTY27OCT2217700CE.NFO,21/10/2022,09:35:02,81.35,81.35,100,81.45,900,2850,4197700
NIFTY27OCT2217700CE.NFO,21/10/2022,09:35:03,81.55,81.4,50,81.55,1700,2550,4197700
NIFTY27OCT2217700CE.NFO,21/10/2022,09:35:04,81.4,81.3,900,81.45,2000,3100,4197700
NIFTY27OCT2217700CE.NFO,21/10/2022,09:35:05,81.7,81.55,100,81.6,50,5750,4197700
NIFTY27OCT2217700CE.NFO,21/10/2022,09:35:06,81.3,81.2,750,81.35,500,1500,4197700
NIFTY27OCT2217700CE.NFO,21/10/2022,09:35:07,81.3,81.15,50,81.25,950,3150,4197700
NIFTY27OCT2217700CE.NFO,21/10/2022,09:35:08,81.25,81.15,200,81.25,100,2400,4197700
NIFTY27OCT2217700CE.NFO,21/10/2022,09:35:10,81.4,81.15,950,81.3,50,2050,4197700
NIFTY27OCT2217700CE.NFO,21/10/2022,09:35:10,81.2,81.25,100,81.35,200,4400,4197700
NIFTY27OCT2217700CE.NFO,21/10/2022,09:35:12,81.3,81.25,100,81.35,150,1100,4197700
NIFTY27OCT2217700CE.NFO,21/10/2022,09:35:12,81.4,81.4,50,81.5,650,700,4197700
NIFTY27OCT2217700CE.NFO,21/10/2022,09:35:13,81.6,81.55,100,81.7,300,3450,4197700
NIFTY27OCT2217700CE.NFO,21/10/2022,09:35:14,81.9,81.7,100,81.85,50,4400,4197700
NIFTY27OCT2217700CE.NFO,21/10/2022,09:35:15,82,81.9,50,82.05,450,8100,4197700
NIFTY27OCT2217700CE.NFO,21/10/2022,09:35:17,82.15,82.05,50,82.1,100,3600,4197700
NIFTY27OCT2217700CE.NFO,21/10/2022,09:35:18,82,82,200,82.15,1400,1200,4197700
NIFTY27OCT2217700CE.NFO,21/10/2022,09:35:19,82.5,82.45,800,82.65,1550,4700,4197700
NIFTY27OCT2217700CE.NFO,21/10/2022,09:35:20,82.5,82.45,250,82.6,600,4650,4197700
NIFTY27OCT2217700CE.NFO,21/10/2022,09:35:21,82.45,82.45,200,82.6,150,2800,4197700
NIFTY27OCT2217700CE.NFO,21/10/2022,09:35:22,82.5,82.55,350,82.75,1200,1300,4197700
NIFTY27OCT2217700CE.NFO,21/10/2022,09:35:23,82.4,82.4,3000,82.55,200,5050,4197700
NIFTY27OCT2217700CE.NFO,21/10/2022,09:35:24,81.85,81.9,50,82,1000,5350,4197700
NIFTY27OCT2217700CE.NFO,21/10/2022,09:35:25,81.9,81.75,50,81.9,1750,3600,4354650
NIFTY27OCT2217700CE.NFO,21/10/2022,09:35:26,81.75,81.7,300,81.85,100,3100,4354650
NIFTY27OCT2217700CE.NFO,21/10/2022,09:35:28,82.4,82.25,1550,82.4,5150,11700,4354650
NIFTY27OCT2217700CE.NFO,21/10/2022,09:35:29,82.4,82.3,1000,82.4,4450,1200,4354650
NIFTY27OCT2217700CE.NFO,21/10/2022,09:35:30,82.4,82.35,2150,82.45,1350,5050,4354650
NIFTY27OCT2217700CE.NFO,21/10/2022,09:35:31,82.75,82.7,850,82.85,50,6400,4354650
NIFTY27OCT2217700CE.NFO,21/10/2022,09:35:32,82.9,82.75,50,82.9,700,3450,4354650
NIFTY27OCT2217700CE.NFO,21/10/2022,09:35:33,82.65,82.6,600,82.75,200,4150,4354650
NIFTY27OCT2217700CE.NFO,21/10/2022,09:35:35,82.8,82.6,1700,82.8,850,1350,4354650
NIFTY27OCT2217700CE.NFO,21/10/2022,09:35:36,82.9,82.85,900,82.9,500,1950,4354650
NIFTY27OCT2217700CE.NFO,21/10/2022,09:35:37,83,82.85,50,83,150,10200,4354650
NIFTY27OCT2217700CE.NFO,21/10/2022,09:35:38,83,82.95,100,83.1,500,4150,4354650
NIFTY27OCT2217700CE.NFO,21/10/2022,09:35:39,83.15,83.05,100,83.2,800,4450,4354650
NIFTY27OCT2217700CE.NFO,21/10/2022,09:35:40,83.15,83,50,83.15,650,5300,4354650
NIFTY27OCT2217700CE.NFO,21/10/2022,09:35:41,83.2,83.05,200,83.2,1400,3550,4354650
NIFTY27OCT2217700CE.NFO,21/10/2022,09:35:42,83.45,83.3,1550,83.45,350,3850,4354650
NIFTY27OCT2217700CE.NFO,21/10/2022,09:35:43,83.6,83.6,200,83.75,600,4800,4354650
NIFTY27OCT2217700CE.NFO,21/10/2022,09:35:44,84.15,84.1,800,84.25,100,13300,4354650
NIFTY27OCT2217700CE.NFO,21/10/2022,09:35:46,84.2,84.2,700,84.35,100,13900,4354650
NIFTY27OCT2217700CE.NFO,21/10/2022,09:35:47,84.25,84.05,200,84.25,450,4300,4354650
NIFTY27OCT2217700CE.NFO,21/10/2022,09:35:48,84.2,84.05,950,84.25,250,10100,4354650
NIFTY27OCT2217700CE.NFO,21/10/2022,09:35:49,83.8,83.8,900,84,900,6800,4354650
NIFTY27OCT2217700CE.NFO,21/10/2022,09:35:50,83.95,83.85,50,84,300,3650,4354650
NIFTY27OCT2217700CE.NFO,21/10/2022,09:35:51,84,83.9,250,84,2250,5250,4354650
NIFTY27OCT2217700CE.NFO,21/10/2022,09:35:53,83.8,83.6,750,83.75,100,4600,4354650
NIFTY27OCT2217700CE.NFO,21/10/2022,09:35:54,83.8,83.65,1200,83.85,850,1800,4354650
NIFTY27OCT2217700CE.NFO,21/10/2022,09:35:55,83.05,82.9,450,83.05,50,12650,4354650
NIFTY27OCT2217700CE.NFO,21/10/2022,09:35:56,82.8,82.7,450,82.85,1050,2050,4354650
NIFTY27OCT2217700CE.NFO,21/10/2022,09:35:57,82.7,82.7,1550,82.9,1650,3500,4354650
NIFTY27OCT2217700CE.NFO,21/10/2022,09:35:58,83,82.85,800,83,250,3950,4354650
NIFTY27OCT2217700CE.NFO,21/10/2022,09:36:00,82.95,82.9,1950,83.15,2100,1850,4354650
NIFTY27OCT2217700CE.NFO,21/10/2022,09:36:01,82.9,83,150,83.05,50,4250,4354650
NIFTY27OCT2217700CE.NFO,21/10/2022,09:36:02,82.95,82.95,1000,83,500,2150,4354650
NIFTY27OCT2217700CE.NFO,21/10/2022,09:36:03,83.35,83.15,250,83.35,350,4150,4354650
NIFTY27OCT2217700CE.NFO,21/10/2022,09:36:04,83.4,83.4,1850,83.55,100,3000,4354650
NIFTY27OCT2217700CE.NFO,21/10/2022,09:36:06,82.9,82.9,150,83,50,3450,4354650
NIFTY27OCT2217700CE.NFO,21/10/2022,09:36:06,82.85,82.85,750,82.95,100,1100,4354650
NIFTY27OCT2217700CE.NFO,21/10/2022,09:36:08,82.8,82.8,500,82.95,50,2200,4354650
NIFTY27OCT2217700CE.NFO,21/10/2022,09:36:09,82.65,82.6,50,82.75,900,4650,4354650
NIFTY27OCT2217700CE.NFO,21/10/2022,09:36:10,82.5,82.55,100,82.7,1100,11800,4354650
NIFTY27OCT2217700CE.NFO,21/10/2022,09:36:11,82.6,82.4,250,82.55,200,1500,4354650
NIFTY27OCT2217700CE.NFO,21/10/2022,09:36:13,82.3,82.2,1200,82.4,400,7700,4354650
NIFTY27OCT2217700CE.NFO,21/10/2022,09:36:14,82,82.05,350,82.25,1150,2050,4354650
NIFTY27OCT2217700CE.NFO,21/10/2022,09:36:15,82,81.9,100,82,400,8850,4354650
NIFTY27OCT2217700CE.NFO,21/10/2022,09:36:15,81.85,81.8,1000,82,4650,600,4354650
NIFTY27OCT2217700CE.NFO,21/10/2022,09:36:16,82,81.9,1000,82,150,4950,4354650
NIFTY27OCT2217700CE.NFO,21/10/2022,09:36:17,82,82,100,82.15,950,2200,4354650
NIFTY27OCT2217700CE.NFO,21/10/2022,09:36:18,81.55,81.4,1650,81.55,300,6500,4354650
NIFTY27OCT2217700CE.NFO,21/10/2022,09:36:19,81.45,81.4,600,81.55,1300,3700,4354650
NIFTY27OCT2217700CE.NFO,21/10/2022,09:36:21,81.3,81.3,50,81.4,50,14600,4354650
NIFTY27OCT2217700CE.NFO,21/10/2022,09:36:22,81.45,81.3,800,81.45,100,1200,4354650
NIFTY27OCT2217700CE.NFO,21/10/2022,09:36:23,81.5,81.35,250,81.45,100,11600,4354650
NIFTY27OCT2217700CE.NFO,21/10/2022,09:36:24,81.35,81.35,50,81.45,100,7150,4354650
NIFTY27OCT2217700CE.NFO,21/10/2022,09:36:25,81.3,81.25,150,81.4,1300,4550,4354650
NIFTY27OCT2217700CE.NFO,21/10/2022,09:36:26,81.05,81.05,850,81.2,100,3350,4354650
NIFTY27OCT2217700CE.NFO,21/10/2022,09:36:27,81.1,81.05,50,81.15,250,9450,4354650
NIFTY27OCT2217700CE.NFO,21/10/2022,09:36:29,80.9,80.9,50,81,350,9000,4354650
NIFTY27OCT2217700CE.NFO,21/10/2022,09:36:30,80.9,80.8,1000,80.9,50,4450,4354650
NIFTY27OCT2217700CE.NFO,21/10/2022,09:36:31,80.8,80.65,2200,80.85,1050,6250,4354650
NIFTY27OCT2217700CE.NFO,21/10/2022,09:36:32,79.5,79.45,1200,79.65,1800,107250,4354650
NIFTY27OCT2217700CE.NFO,21/10/2022,09:36:34,79.2,79.2,1500,79.4,1400,10000,4354650
NIFTY27OCT2217700CE.NFO,21/10/2022,09:36:35,79.45,79.3,100,79.4,200,8600,4354650
NIFTY27OCT2217700CE.NFO,21/10/2022,09:36:36,79.5,79.45,1900,79.7,2400,11600,4354650
NIFTY27OCT2217700CE.NFO,21/10/2022,09:36:37,79.45,79.5,200,79.65,1200,7950,4354650
NIFTY27OCT2217700CE.NFO,21/10/2022,09:36:38,79.85,79.65,1350,79.85,950,7950,4354650
NIFTY27OCT2217700CE.NFO,21/10/2022,09:36:40,80.4,80.2,1500,80.35,50,10750,4354650
NIFTY27OCT2217700CE.NFO,21/10/2022,09:36:41,79.95,80.1,50,80.15,50,8900,4354650
NIFTY27OCT2217700CE.NFO,21/10/2022,09:36:42,80,79.8,600,79.9,100,9350,4354650
NIFTY27OCT2217700CE.NFO,21/10/2022,09:36:43,80.25,80.05,200,80.25,1800,4150,4354650
NIFTY27OCT2217700CE.NFO,21/10/2022,09:36:44,80.05,80,100,80.1,1600,13400,4354650
NIFTY27OCT2217700CE.NFO,21/10/2022,09:36:46,80,80,350,80.05,50,3100,4354650
NIFTY27OCT2217700CE.NFO,21/10/2022,09:36:47,79.9,79.75,150,79.9,200,1450,4354650
NIFTY27OCT2217700CE.NFO,21/10/2022,09:36:48,79.7,79.75,100,79.9,1500,4050,4354650
NIFTY27OCT2217700CE.NFO,21/10/2022,09:36:49,80,79.85,100,80,2700,4650,4354650
NIFTY27OCT2217700CE.NFO,21/10/2022,09:36:49,79.9,79.85,150,80,3050,200,4354650
NIFTY27OCT2217700CE.NFO,21/10/2022,09:36:50,79.85,79.7,850,79.9,3750,9000,4354650
NIFTY27OCT2217700CE.NFO,21/10/2022,09:36:52,80.1,80.05,1800,80.25,500,5350,4354650
NIFTY27OCT2217700CE.NFO,21/10/2022,09:36:53,80.55,80.4,50,80.55,1550,5800,4354650
NIFTY27OCT2217700CE.NFO,21/10/2022,09:36:54,80.75,80.6,1900,80.8,3450,3350,4354650
NIFTY27OCT2217700CE.NFO,21/10/2022,09:36:55,80.85,80.8,50,80.9,1700,6350,4354650
NIFTY27OCT2217700CE.NFO,21/10/2022,09:36:56,81.2,81.15,900,81.35,750,10000,4354650
NIFTY27OCT2217700CE.NFO,21/10/2022,09:36:57,80.65,80.65,1100,80.85,2000,9100,4354650
NIFTY27OCT2217700CE.NFO,21/10/2022,09:36:59,80.8,80.7,50,80.85,2150,1150,4354650
NIFTY27OCT2217700CE.NFO,21/10/2022,09:37:00,81,80.9,300,81,50,4150,4354650
NIFTY27OCT2217700CE.NFO,21/10/2022,09:37:01,80.8,80.75,300,80.85,50,4150,4354650
NIFTY27OCT2217700CE.NFO,21/10/2022,09:37:02,80.65,80.45,200,80.6,350,2550,4354650
NIFTY27OCT2217700CE.NFO,21/10/2022,09:37:04,80.75,80.55,1150,80.75,200,4100,4354650
NIFTY27OCT2217700CE.NFO,21/10/2022,09:37:05,80.65,80.5,50,80.65,1800,12400,4354650
NIFTY27OCT2217700CE.NFO,21/10/2022,09:37:06,80.4,80.2,200,80.35,2650,3250,4354650
NIFTY27OCT2217700CE.NFO,21/10/2022,09:37:07,80.15,80.3,150,80.45,50,6250,4354650
NIFTY27OCT2217700CE.NFO,21/10/2022,09:37:08,80.65,80.55,100,80.65,2700,1700,4354650
NIFTY27OCT2217700CE.NFO,21/10/2022,09:37:10,80.7,80.7,200,80.8,200,3450,4354650
NIFTY27OCT2217700CE.NFO,21/10/2022,09:37:11,82,81.95,100,82.15,2200,25850,4354650
NIFTY27OCT2217700CE.NFO,21/10/2022,09:37:13,82.6,82.6,50,82.65,100,19400,4354650
NIFTY27OCT2217700CE.NFO,21/10/2022,09:37:14,82.15,82.2,50,82.35,750,5050,4354650
NIFTY27OCT2217700CE.NFO,21/10/2022,09:37:15,82.25,82.25,2350,82.45,850,3750,4354650
NIFTY27OCT2217700CE.NFO,21/10/2022,09:37:16,82.8,82.75,50,82.9,650,4450,4354650
NIFTY27OCT2217700CE.NFO,21/10/2022,09:37:18,82.65,82.5,800,82.65,1150,8150,4354650
NIFTY27OCT2217700CE.NFO,21/10/2022,09:37:19,82.85,82.7,200,82.9,1050,3750,4354650
NIFTY27OCT2217700CE.NFO,21/10/2022,09:37:20,82.95,82.8,200,82.95,100,3300,4354650
NIFTY27OCT2217700CE.NFO,21/10/2022,09:37:22,82.5,82.55,200,82.65,100,2850,4354650
NIFTY27OCT2217700CE.NFO,21/10/2022,09:37:23,82.75,82.7,700,82.85,1400,3950,4354650
NIFTY27OCT2217700CE.NFO,21/10/2022,09:37:24,82.8,82.8,3400,83,10000,7200,4354650
NIFTY27OCT2217700CE.NFO,21/10/2022,09:37:26,83.6,83.45,200,83.6,850,23200,4354650
NIFTY27OCT2217700CE.NFO,21/10/2022,09:37:27,83.25,83.05,100,83.2,150,6050,4354650
NIFTY27OCT2217700CE.NFO,21/10/2022,09:37:28,83.45,83.25,1650,83.45,50,7600,4354650
NIFTY27OCT2217700CE.NFO,21/10/2022,09:37:29,83.5,83.3,1050,83.5,1250,3000,4354650
NIFTY27OCT2217700CE.NFO,21/10/2022,09:37:30,83.4,83.25,1900,83.45,300,6900,4354650
NIFTY27OCT2217700CE.NFO,21/10/2022,09:37:31,83.2,83.25,100,83.4,500,3800,4354650
NIFTY27OCT2217700CE.NFO,21/10/2022,09:37:33,83,83,1250,83.1,550,3450,4354650
NIFTY27OCT2217700CE.NFO,21/10/2022,09:37:34,83.05,83,50,83.15,1800,5850,4354650
NIFTY27OCT2217700CE.NFO,21/10/2022,09:37:35,83.25,83.05,200,83.2,400,2500,4354650
NIFTY27OCT2217700CE.NFO,21/10/2022,09:37:36,83.35,83.25,350,83.45,1300,3750,4354650
NIFTY27OCT2217700CE.NFO,21/10/2022,09:37:37,83.3,83.2,400,83.35,250,1700,4354650
NIFTY27OCT2217700CE.NFO,21/10/2022,09:37:38,82.9,82.9,1250,83.1,850,2900,4354650
NIFTY27OCT2217700CE.NFO,21/10/2022,09:37:39,82.15,82.3,100,82.45,200,8450,4354650
NIFTY27OCT2217700CE.NFO,21/10/2022,09:37:40,81.7,81.55,450,81.7,150,5200,4354650
NIFTY27OCT2217700CE.NFO,21/10/2022,09:37:42,81.2,81.05,300,81.2,300,6450,4354650
NIFTY27OCT2217700CE.NFO,21/10/2022,09:37:43,81,80.8,1100,80.95,200,3450,4354650
NIFTY27OCT2217700CE.NFO,21/10/2022,09:37:44,80.8,80.7,600,80.85,350,2050,4354650
NIFTY27OCT2217700CE.NFO,21/10/2022,09:37:45,81.1,81,200,81.1,200,5050,4354650
NIFTY27OCT2217700CE.NFO,21/10/2022,09:37:46,81.2,81,500,81.15,550,500,4354650
NIFTY27OCT2217700CE.NFO,21/10/2022,09:37:47,80.9,80.75,250,80.9,150,3450,4354650
NIFTY27OCT2217700CE.NFO,21/10/2022,09:37:48,81,80.85,150,81,450,3550,4354650
NIFTY27OCT2217700CE.NFO,21/10/2022,09:37:50,80.8,80.65,600,80.8,100,13650,4354650
NIFTY27OCT2217700CE.NFO,21/10/2022,09:37:51,80.8,80.75,400,80.9,100,2850,4354650
NIFTY27OCT2217700CE.NFO,21/10/2022,09:37:53,80.85,80.9,50,81,4900,10900,4354650
NIFTY27OCT2217700CE.NFO,21/10/2022,09:37:54,80.75,80.7,1350,80.9,900,3700,4354650
NIFTY27OCT2217700CE.NFO,21/10/2022,09:37:55,80.9,80.75,300,80.9,100,1850,4354650
NIFTY27OCT2217700CE.NFO,21/10/2022,09:37:56,80.75,80.75,50,80.9,150,3950,4354650
NIFTY27OCT2217700CE.NFO,21/10/2022,09:37:57,80.5,80.5,850,80.6,350,4500,4354650
NIFTY27OCT2217700CE.NFO,21/10/2022,09:37:59,80.6,80.6,350,80.75,400,9050,4354650
NIFTY27OCT2217700CE.NFO,21/10/2022,09:38:00,80.95,80.9,150,81.05,900,9800,4354650
NIFTY27OCT2217700CE.NFO,21/10/2022,09:38:01,81.45,81.45,300,81.6,1450,6150,4354650
NIFTY27OCT2217700CE.NFO,21/10/2022,09:38:03,81,81,1550,81.2,1400,2150,4354650
NIFTY27OCT2217700CE.NFO,21/10/2022,09:38:04,80.55,80.5,3250,80.65,200,5700,4354650
NIFTY27OCT2217700CE.NFO,21/10/2022,09:38:05,80.75,80.55,1700,80.75,200,3350,4354650
NIFTY27OCT2217700CE.NFO,21/10/2022,09:38:07,80.65,80.7,950,80.8,50,10400,4354650
NIFTY27OCT2217700CE.NFO,21/10/2022,09:38:08,80.6,80.6,100,80.75,950,3500,4354650
NIFTY27OCT2217700CE.NFO,21/10/2022,09:38:09,80.65,80.5,700,80.65,150,1950,4354650
NIFTY27OCT2217700CE.NFO,21/10/2022,09:38:10,80.6,80.45,50,80.6,600,8500,4354650
NIFTY27OCT2217700CE.NFO,21/10/2022,09:38:12,80.15,80.15,2050,80.35,1500,5150,4354650
NIFTY27OCT2217700CE.NFO,21/10/2022,09:38:13,80.15,80.15,50,80.3,50,7950,4354650
NIFTY27OCT2217700CE.NFO,21/10/2022,09:38:14,80.2,80.25,200,80.4,650,1950,4354650
NIFTY27OCT2217700CE.NFO,21/10/2022,09:38:15,80.25,80.25,350,80.45,1000,3300,4354650
NIFTY27OCT2217700CE.NFO,21/10/2022,09:38:16,80.3,80.3,100,80.45,50,7150,4354650
NIFTY27OCT2217700CE.NFO,21/10/2022,09:38:17,80.15,80.15,50,80.3,1000,3550,4354650
NIFTY27OCT2217700CE.NFO,21/10/2022,09:38:18,80.2,80.2,700,80.25,100,4200,4354650
NIFTY27OCT2217700CE.NFO,21/10/2022,09:38:20,80.25,80.25,100,80.4,300,3100,4354650
NIFTY27OCT2217700CE.NFO,21/10/2022,09:38:21,80.35,80.2,450,80.35,750,2150,4354650
NIFTY27OCT2217700CE.NFO,21/10/2022,09:38:22,80.5,80.35,250,80.5,100,4500,4354650
NIFTY27OCT2217700CE.NFO,21/10/2022,09:38:24,80.3,80.4,50,80.5,700,1850,4354650
NIFTY27OCT2217700CE.NFO,21/10/2022,09:38:25,80.4,80.3,50,80.4,1550,5900,4481000
NIFTY27OCT2217700CE.NFO,21/10/2022,09:38:26,80.15,80.15,1450,80.3,150,1600,4481000
NIFTY27OCT2217700CE.NFO,21/10/2022,09:38:27,80.3,80.2,1950,80.3,1850,25900,4481000
NIFTY27OCT2217700CE.NFO,21/10/2022,09:38:28,80.4,80.25,500,80.4,1200,4450,4481000
NIFTY27OCT2217700CE.NFO,21/10/2022,09:38:29,80.3,80.15,700,80.3,250,2550,4481000
NIFTY27OCT2217700CE.NFO,21/10/2022,09:38:31,79.75,79.65,1000,79.8,150,7300,4481000
NIFTY27OCT2217700CE.NFO,21/10/2022,09:38:32,79.8,79.7,50,79.8,300,3800,4481000
NIFTY27OCT2217700CE.NFO,21/10/2022,09:38:33,79.75,79.75,100,79.9,800,3050,4481000
NIFTY27OCT2217700CE.NFO,21/10/2022,09:38:34,79.7,79.75,100,79.9,800,2250,4481000
NIFTY27OCT2217700CE.NFO,21/10/2022,09:38:35,79.8,79.8,450,79.9,1300,2000,4481000
NIFTY27OCT2217700CE.NFO,21/10/2022,09:38:36,79.8,79.8,1500,79.95,50,8150,4481000
NIFTY27OCT2217700CE.NFO,21/10/2022,09:38:38,80,79.85,700,79.95,2800,6500,4481000
NIFTY27OCT2217700CE.NFO,21/10/2022,09:38:39,80,79.85,150,79.9,2800,3800,4481000
NIFTY27OCT2217700CE.NFO,21/10/2022,09:38:40,79.8,79.85,700,80,1200,4250,4481000
NIFTY27OCT2217700CE.NFO,21/10/2022,09:38:41,79.95,79.9,50,79.95,2650,8300,4481000
NIFTY27OCT2217700CE.NFO,21/10/2022,09:38:42,80.2,80.25,250,80.4,1050,6350,4481000
NIFTY27OCT2217700CE.NFO,21/10/2022,09:38:43,80.35,80.35,950,80.4,2850,4250,4481000
NIFTY27OCT2217700CE.NFO,21/10/2022,09:38:44,80.1,80.15,550,80.3,100,7050,4481000
NIFTY27OCT2217700CE.NFO,21/10/2022,09:38:45,80.35,80.35,1750,80.55,300,8500,4481000
NIFTY27OCT2217700CE.NFO,21/10/2022,09:38:47,80.7,80.65,2800,80.7,2450,8000,4481000
NIFTY27OCT2217700CE.NFO,21/10/2022,09:38:48,80.65,80.6,900,80.65,50,9900,4481000
NIFTY27OCT2217700CE.NFO,21/10/2022,09:38:50,80.85,80.75,100,80.85,500,6400,4481000
NIFTY27OCT2217700CE.NFO,21/10/2022,09:38:51,81.05,80.7,100,80.75,2600,6350,4481000
NIFTY27OCT2217700CE.NFO,21/10/2022,09:38:53,80.55,80.5,150,80.65,900,2050,4481000
NIFTY27OCT2217700CE.NFO,21/10/2022,09:38:54,79.8,79.75,50,79.8,3600,7100,4481000
NIFTY27OCT2217700CE.NFO,21/10/2022,09:38:55,79.7,79.65,850,79.7,2750,4300,4481000
NIFTY27OCT2217700CE.NFO,21/10/2022,09:38:56,79.8,79.65,450,79.8,850,11000,4481000
NIFTY27OCT2217700CE.NFO,21/10/2022,09:38:58,80,79.85,800,80,2850,8450,4481000
NIFTY27OCT2217700CE.NFO,21/10/2022,09:38:59,79.95,79.9,50,79.95,2750,5000,4481000
NIFTY27OCT2217700CE.NFO,21/10/2022,09:39:00,79.85,79.8,2600,79.9,100,8700,4481000
NIFTY27OCT2217700CE.NFO,21/10/2022,09:39:01,80.15,80.05,50,80.15,900,7300,4481000
NIFTY27OCT2217700CE.NFO,21/10/2022,09:39:02,79.85,79.8,650,79.85,2450,3750,4481000
NIFTY27OCT2217700CE.NFO,21/10/2022,09:39:04,80.1,80.1,500,80.2,3300,12900,4481000
NIFTY27OCT2217700CE.NFO,21/10/2022,09:39:05,79.6,79.55,550,79.6,1500,6400,4481000
NIFTY27OCT2217700CE.NFO,21/10/2022,09:39:06,79.65,79.5,1600,79.65,2200,9650,4481000
NIFTY27OCT2217700CE.NFO,21/10/2022,09:39:07,79.6,79.5,1150,79.6,150,4300,4481000
NIFTY27OCT2217700CE.NFO,21/10/2022,09:39:09,79.4,79.2,850,79.35,550,10250,4481000
NIFTY27OCT2217700CE.NFO,21/10/2022,09:39:10,79.1,79.15,400,79.25,300,5550,4481000
NIFTY27OCT2217700CE.NFO,21/10/2022,09:39:11,79.15,79.15,550,79.2,2800,27050,4481000
NIFTY27OCT2217700CE.NFO,21/10/2022,09:39:12,79.15,79.1,250,79.2,100,11450,4481000
NIFTY27OCT2217700CE.NFO,21/10/2022,09:39:14,79.4,79.4,100,79.55,2300,9750,4481000
NIFTY27OCT2217700CE.NFO,21/10/2022,09:39:15,79.55,79.35,550,79.5,100,8100,4481000
NIFTY27OCT2217700CE.NFO,21/10/2022,09:39:16,79.2,79.15,50,79.2,2700,2900,4481000
NIFTY27OCT2217700CE.NFO,21/10/2022,09:39:17,79.35,79.2,50,79.3,350,6950,4481000
NIFTY27OCT2217700CE.NFO,21/10/2022,09:39:19,79,78.85,1050,78.95,2800,5100,4481000
NIFTY27OCT2217700CE.NFO,21/10/2022,09:39:20,78.9,78.8,350,78.9,3750,4950,4481000
NIFTY27OCT2217700CE.NFO,21/10/2022,09:39:21,78.7,78.7,100,78.8,600,7950,4481000
NIFTY27OCT2217700CE.NFO,21/10/2022,09:39:22,77.75,77.75,450,77.9,1150,44850,4481000
NIFTY27OCT2217700CE.NFO,21/10/2022,09:39:24,78,77.85,200,78,250,10850,4481000
NIFTY27OCT2217700CE.NFO,21/10/2022,09:39:25,77.55,77.55,550,77.6,2750,6000,4481000
NIFTY27OCT2217700CE.NFO,21/10/2022,09:39:26,78.15,78,50,78.1,150,11550,4481000
NIFTY27OCT2217700CE.NFO,21/10/2022,09:39:27,77.9,77.75,50,77.9,50,5850,4481000
NIFTY27OCT2217700CE.NFO,21/10/2022,09:39:29,78.15,77.9,700,78.05,250,10850,4481000
NIFTY27OCT2217700CE.NFO,21/10/2022,09:39:30,77.95,78.15,50,78.25,1250,6550,4481000
NIFTY27OCT2217700CE.NFO,21/10/2022,09:39:31,78.05,78.05,450,78.25,550,5200,4481000
NIFTY27OCT2217700CE.NFO,21/10/2022,09:39:33,78.7,78.65,50,78.75,250,6150,4481000
NIFTY27OCT2217700CE.NFO,21/10/2022,09:39:34,78.6,78.5,950,78.65,250,3100,4481000
NIFTY27OCT2217700CE.NFO,21/10/2022,09:39:36,78.4,78.25,350,78.45,1850,7400,4481000
NIFTY27OCT2217700CE.NFO,21/10/2022,09:39:37,78.65,78.6,300,78.75,200,2600,4481000
NIFTY27OCT2217700CE.NFO,21/10/2022,09:39:38,78.45,78.45,550,78.6,50,5800,4481000
NIFTY27OCT2217700CE.NFO,21/10/2022,09:39:39,78.3,78.3,1200,78.45,350,4450,4481000
