Ticker,Date,Time,LTP,BuyPrice,BuyQty,SellPrice,SellQty,LTQ,OpenInterest
NIFTY27OCT2217600PE.NFO,20/10/2022,09:15:00,269.7,220.25,400,279.95,400,300,886000
NIFTY27OCT2217600PE.NFO,20/10/2022,09:15:00,269.7,220.25,400,279.95,400,0,886000
NIFTY27OCT2217600PE.NFO,20/10/2022,09:15:00,269.7,220.25,400,279.95,400,0,886000
NIFTY27OCT2217600PE.NFO,20/10/2022,09:15:00,220.1,220.25,400,279.95,400,0,886000
NIFTY27OCT2217600PE.NFO,20/10/2022,09:15:01,280,261.8,400,275.3,250,550,886000
NIFTY27OCT2217600PE.NFO,20/10/2022,09:15:01,280,261.8,400,275.3,250,0,886000
NIFTY27OCT2217600PE.NFO,20/10/2022,09:15:03,266.4,260.7,400,269.9,50,400,886000
NIFTY27OCT2217600PE.NFO,20/10/2022,09:15:05,257.65,257.3,250,264.2,150,850,886000
NIFTY27OCT2217600PE.NFO,20/10/2022,09:15:06,256.45,254.3,200,260,50,5000,886000
NIFTY27OCT2217600PE.NFO,20/10/2022,09:15:08,255.9,249.5,200,255.45,100,3300,886000
NIFTY27OCT2217600PE.NFO,20/10/2022,09:15:10,249.45,249.7,200,255.1,400,2750,886000
NIFTY27OCT2217600PE.NFO,20/10/2022,09:15:11,253.5,253.65,50,255.95,50,2200,886000
NIFTY27OCT2217600PE.NFO,20/10/2022,09:15:13,255.35,253.75,50,256.8,50,6200,886000
NIFTY27OCT2217600PE.NFO,20/10/2022,09:15:15,254.3,254.2,350,255.85,50,3250,886000
NIFTY27OCT2217600PE.NFO,20/10/2022,09:15:16,256.2,256.8,200,259.1,50,4350,886000
NIFTY27OCT2217600PE.NFO,20/10/2022,09:15:18,259.65,257.85,50,259.6,450,4350,886000
NIFTY27OCT2217600PE.NFO,20/10/2022,09:15:20,256.2,256,350,257.3,400,850,886000
NIFTY27OCT2217600PE.NFO,20/10/2022,09:15:21,255.85,255.9,50,257,400,2650,886000
NIFTY27OCT2217600PE.NFO,20/10/2022,09:15:23,256,256.25,300,257.55,400,5600,886000
NIFTY27OCT2217600PE.NFO,20/10/2022,09:15:25,257.1,257,350,258.25,50,1300,886000
NIFTY27OCT2217600PE.NFO,20/10/2022,09:15:26,258.6,258.55,400,259.9,100,1850,886000
NIFTY27OCT2217600PE.NFO,20/10/2022,09:15:28,258.9,258.65,250,259.95,400,2300,886000
NIFTY27OCT2217600PE.NFO,20/10/2022,09:15:30,259.3,258.95,350,259.7,100,450,886000
NIFTY27OCT2217600PE.NFO,20/10/2022,09:15:31,260.8,260.9,50,261.8,450,650,886000
NIFTY27OCT2217600PE.NFO,20/10/2022,09:15:33,263.3,263.2,350,264,50,3050,886000
NIFTY27OCT2217600PE.NFO,20/10/2022,09:15:35,264.15,264.3,350,264.95,50,450,886000
NIFTY27OCT2217600PE.NFO,20/10/2022,09:15:36,263.95,264.35,50,265.3,350,650,886000
NIFTY27OCT2217600PE.NFO,20/10/2022,09:15:38,264.9,264.6,350,265.55,50,700,886000
NIFTY27OCT2217600PE.NFO,20/10/2022,09:15:40,263.85,263.5,350,264.45,100,1000,886000
NIFTY27OCT2217600PE.NFO,20/10/2022,09:15:41,260.75,260,600,260.75,50,950,886000
NIFTY27OCT2217600PE.NFO,20/10/2022,09:15:43,262.35,262.4,50,263.65,400,600,886000
NIFTY27OCT2217600PE.NFO,20/10/2022,09:15:44,260.35,260.35,100,261.45,400,8450,886000
NIFTY27OCT2217600PE.NFO,20/10/2022,09:15:46,262.65,261.6,350,262.65,400,1650,886000
NIFTY27OCT2217600PE.NFO,20/10/2022,09:15:48,261.8,262.4,350,263.35,200,300,886000
NIFTY27OCT2217600PE.NFO,20/10/2022,09:15:49,261.2,261.3,350,262.15,50,1300,886000
NIFTY27OCT2217600PE.NFO,20/10/2022,09:15:51,260.85,260.95,200,261.9,100,2450,886000
NIFTY27OCT2217600PE.NFO,20/10/2022,09:15:53,261.45,261.15,50,262.1,250,850,886000
NIFTY27OCT2217600PE.NFO,20/10/2022,09:15:54,260.05,260.05,250,261.45,500,600,886000
NIFTY27OCT2217600PE.NFO,20/10/2022,09:15:56,262,261.2,350,262.1,150,1250,886000
NIFTY27OCT2217600PE.NFO,20/10/2022,09:15:58,260.3,261.05,400,262.1,150,1000,886000
NIFTY27OCT2217600PE.NFO,20/10/2022,09:15:59,261.3,261.35,50,262,50,500,886000
NIFTY27OCT2217600PE.NFO,20/10/2022,09:16:01,262.4,262.4,350,263.2,400,3600,886000
NIFTY27OCT2217600PE.NFO,20/10/2022,09:16:03,263.8,263.8,350,264.7,400,1050,886000
NIFTY27OCT2217600PE.NFO,20/10/2022,09:16:04,265.3,265.35,50,266.15,400,1950,886000
NIFTY27OCT2217600PE.NFO,20/10/2022,09:16:06,263.6,264.45,150,265.45,450,400,886000
NIFTY27OCT2217600PE.NFO,20/10/2022,09:16:08,262.65,262.05,500,262.7,50,1400,886000
NIFTY27OCT2217600PE.NFO,20/10/2022,09:16:09,261.85,261.2,500,261.55,50,700,886000
NIFTY27OCT2217600PE.NFO,20/10/2022,09:16:11,262.3,262.05,350,263.05,400,600,886000
NIFTY27OCT2217600PE.NFO,20/10/2022,09:16:13,263.2,263.2,500,264.05,400,450,886000
NIFTY27OCT2217600PE.NFO,20/10/2022,09:16:14,265.35,265.65,100,266.5,400,700,886000
NIFTY27OCT2217600PE.NFO,20/10/2022,09:16:16,265.45,264.8,50,265.55,400,1400,886000
NIFTY27OCT2217600PE.NFO,20/10/2022,09:16:18,264.25,263.8,200,264.15,400,650,886000
NIFTY27OCT2217600PE.NFO,20/10/2022,09:16:19,264.7,263.35,350,264.45,400,350,886000
NIFTY27OCT2217600PE.NFO,20/10/2022,09:16:21,265.45,265.5,50,266.15,450,3700,886000
NIFTY27OCT2217600PE.NFO,20/10/2022,09:16:23,264.85,264.6,350,265.25,50,1300,886000
NIFTY27OCT2217600PE.NFO,20/10/2022,09:16:24,263.5,263.55,50,264.15,100,3100,886000
NIFTY27OCT2217600PE.NFO,20/10/2022,09:16:26,263.3,262.8,350,263.75,100,2250,886000
NIFTY27OCT2217600PE.NFO,20/10/2022,09:16:28,263.15,262.2,350,263.2,200,4250,886000
NIFTY27OCT2217600PE.NFO,20/10/2022,09:16:29,263.8,263.5,50,264.7,450,2550,886000
NIFTY27OCT2217600PE.NFO,20/10/2022,09:16:31,262.7,262.7,50,263.85,350,850,886000
NIFTY27OCT2217600PE.NFO,20/10/2022,09:16:33,262.6,262.4,750,263.4,150,350,886000
NIFTY27OCT2217600PE.NFO,20/10/2022,09:16:34,261.6,261.5,400,262.45,300,1800,886000
NIFTY27OCT2217600PE.NFO,20/10/2022,09:16:36,261.5,261.45,600,262.4,50,1400,886000
NIFTY27OCT2217600PE.NFO,20/10/2022,09:16:38,261.25,261.2,50,261.75,400,650,886000
NIFTY27OCT2217600PE.NFO,20/10/2022,09:16:39,260.7,260.8,400,261.75,400,3200,886000
NIFTY27OCT2217600PE.NFO,20/10/2022,09:16:41,260.9,260.85,250,261.75,50,450,886000
NIFTY27OCT2217600PE.NFO,20/10/2022,09:16:43,261,260.9,350,261.75,450,600,886000
NIFTY27OCT2217600PE.NFO,20/10/2022,09:16:44,261.9,261.1,350,261.7,50,200,886000
NIFTY27OCT2217600PE.NFO,20/10/2022,09:16:46,261.2,261.4,350,262,900,400,886000
NIFTY27OCT2217600PE.NFO,20/10/2022,09:16:48,262.75,261.35,100,262.35,500,2350,886000
NIFTY27OCT2217600PE.NFO,20/10/2022,09:16:49,261,260.7,50,261.6,350,550,886000
NIFTY27OCT2217600PE.NFO,20/10/2022,09:16:51,262,261.7,250,262.55,350,150,886000
NIFTY27OCT2217600PE.NFO,20/10/2022,09:16:53,262.8,263.2,350,263.95,50,2000,886000
NIFTY27OCT2217600PE.NFO,20/10/2022,09:16:54,264,263.8,450,264.85,50,2350,886000
NIFTY27OCT2217600PE.NFO,20/10/2022,09:16:56,265.45,264.8,350,265.65,100,3650,886000
NIFTY27OCT2217600PE.NFO,20/10/2022,09:16:58,264.7,264.6,350,265.25,50,1200,886000
NIFTY27OCT2217600PE.NFO,20/10/2022,09:16:59,264.95,264.1,350,264.8,50,550,886000
NIFTY27OCT2217600PE.NFO,20/10/2022,09:17:01,263.9,263.9,200,264.6,550,500,886000
NIFTY27OCT2217600PE.NFO,20/10/2022,09:17:03,264.7,264.7,350,265.5,400,450,886000
NIFTY27OCT2217600PE.NFO,20/10/2022,09:17:04,265.2,264.2,350,265.1,900,2900,886000
NIFTY27OCT2217600PE.NFO,20/10/2022,09:17:06,265.15,264.85,150,265.8,450,750,886000
NIFTY27OCT2217600PE.NFO,20/10/2022,09:17:07,265.15,265.15,50,266,100,0,886000
NIFTY27OCT2217600PE.NFO,20/10/2022,09:17:09,265.2,265.1,350,265.9,50,500,886000
NIFTY27OCT2217600PE.NFO,20/10/2022,09:17:11,264.5,264.75,50,265.5,500,500,886000
NIFTY27OCT2217600PE.NFO,20/10/2022,09:17:12,264.4,264.3,450,265.1,400,750,886000
NIFTY27OCT2217600PE.NFO,20/10/2022,09:17:14,264.55,263.7,350,264.5,50,400,886000
NIFTY27OCT2217600PE.NFO,20/10/2022,09:17:16,264.4,264.3,350,264.95,100,100,886000
NIFTY27OCT2217600PE.NFO,20/10/2022,09:17:17,263.6,263.6,450,264.35,500,2100,886000
NIFTY27OCT2217600PE.NFO,20/10/2022,09:17:19,264.25,263.6,350,264.45,400,50,886000
NIFTY27OCT2217600PE.NFO,20/10/2022,09:17:21,264.25,263.8,50,264.55,250,0,886000
NIFTY27OCT2217600PE.NFO,20/10/2022,09:17:22,264,263.95,50,264.55,400,100,886000
NIFTY27OCT2217600PE.NFO,20/10/2022,09:17:24,263.05,263,300,263.6,350,50,886000
NIFTY27OCT2217600PE.NFO,20/10/2022,09:17:26,262.6,262.55,100,263.3,200,850,886000
NIFTY27OCT2217600PE.NFO,20/10/2022,09:17:27,262.7,262.65,150,263.35,100,450,886000
NIFTY27OCT2217600PE.NFO,20/10/2022,09:17:29,262,263.05,400,263.8,150,600,886000
NIFTY27OCT2217600PE.NFO,20/10/2022,09:17:31,263.3,262.25,50,263,350,250,886000
NIFTY27OCT2217600PE.NFO,20/10/2022,09:17:32,264.55,264.1,50,264.6,350,550,886000
NIFTY27OCT2217600PE.NFO,20/10/2022,09:17:34,263.1,262.9,350,263.85,600,2900,886000
NIFTY27OCT2217600PE.NFO,20/10/2022,09:17:36,262.85,262.95,100,263.85,500,100,886000
NIFTY27OCT2217600PE.NFO,20/10/2022,09:17:37,262.95,262.6,50,263.05,50,200,886000
NIFTY27OCT2217600PE.NFO,20/10/2022,09:17:39,261.55,261.6,100,262.1,450,250,837200
NIFTY27OCT2217600PE.NFO,20/10/2022,09:17:41,262.4,262.65,50,263.5,350,800,837200
NIFTY27OCT2217600PE.NFO,20/10/2022,09:17:42,262.5,262.7,350,263.35,400,1900,837200
NIFTY27OCT2217600PE.NFO,20/10/2022,09:17:44,262.5,262.1,350,262.9,550,0,837200
NIFTY27OCT2217600PE.NFO,20/10/2022,09:17:46,262,261.65,100,262.4,100,2250,837200
NIFTY27OCT2217600PE.NFO,20/10/2022,09:17:47,262.1,261.5,450,262.25,50,500,837200
NIFTY27OCT2217600PE.NFO,20/10/2022,09:17:49,261.8,262.5,50,263,100,300,837200
NIFTY27OCT2217600PE.NFO,20/10/2022,09:17:51,263,262.75,50,263.35,50,100,837200
NIFTY27OCT2217600PE.NFO,20/10/2022,09:17:52,262.25,261.7,450,262.25,50,500,837200
NIFTY27OCT2217600PE.NFO,20/10/2022,09:17:54,262.5,262.15,100,262.65,50,400,837200
NIFTY27OCT2217600PE.NFO,20/10/2022,09:17:56,263.15,262.95,450,263.85,400,150,837200
NIFTY27OCT2217600PE.NFO,20/10/2022,09:17:57,261.75,261.3,450,261.95,50,250,837200
NIFTY27OCT2217600PE.NFO,20/10/2022,09:17:59,262,262.25,400,263.2,500,350,837200
NIFTY27OCT2217600PE.NFO,20/10/2022,09:18:01,263.9,264.4,50,264.9,50,500,837200
NIFTY27OCT2217600PE.NFO,20/10/2022,09:18:02,262.95,262.85,50,263.6,50,450,837200
NIFTY27OCT2217600PE.NFO,20/10/2022,09:18:04,262.95,263.4,350,264.1,150,0,837200
NIFTY27OCT2217600PE.NFO,20/10/2022,09:18:06,263.3,263.3,350,263.85,100,400,837200
NIFTY27OCT2217600PE.NFO,20/10/2022,09:18:07,264.1,264.35,100,265,150,150,837200
NIFTY27OCT2217600PE.NFO,20/10/2022,09:18:09,266,265.65,850,266.15,50,800,837200
NIFTY27OCT2217600PE.NFO,20/10/2022,09:18:10,265.2,265.3,50,266.05,50,600,837200
NIFTY27OCT2217600PE.NFO,20/10/2022,09:18:12,265.1,264.6,450,265.35,50,250,837200
NIFTY27OCT2217600PE.NFO,20/10/2022,09:18:14,266.05,265.55,50,266.1,50,150,837200
NIFTY27OCT2217600PE.NFO,20/10/2022,09:18:15,265.75,265,50,265.55,100,250,837200
NIFTY27OCT2217600PE.NFO,20/10/2022,09:18:17,264.55,263.95,100,264.7,50,550,837200
NIFTY27OCT2217600PE.NFO,20/10/2022,09:18:19,263.7,264.45,50,265.4,50,2150,837200
NIFTY27OCT2217600PE.NFO,20/10/2022,09:18:20,263.7,264.25,150,265.15,50,0,837200
NIFTY27OCT2217600PE.NFO,20/10/2022,09:18:22,265.1,264.6,350,265.3,150,50,837200
NIFTY27OCT2217600PE.NFO,20/10/2022,09:18:23,265,264.8,350,265.5,50,250,837200
NIFTY27OCT2217600PE.NFO,20/10/2022,09:18:25,265.55,264.7,150,265.5,750,2850,837200
NIFTY27OCT2217600PE.NFO,20/10/2022,09:18:27,265,264.45,300,265.2,750,250,837200
NIFTY27OCT2217600PE.NFO,20/10/2022,09:18:28,265.05,265.1,50,265.95,100,150,837200
NIFTY27OCT2217600PE.NFO,20/10/2022,09:18:30,264.2,264,350,264.65,400,500,837200
NIFTY27OCT2217600PE.NFO,20/10/2022,09:18:32,264.2,263.8,350,264.5,450,0,837200
NIFTY27OCT2217600PE.NFO,20/10/2022,09:18:33,262.85,263.4,350,264.2,300,50,837200
NIFTY27OCT2217600PE.NFO,20/10/2022,09:18:35,263.8,263.4,350,264.05,450,250,837200
NIFTY27OCT2217600PE.NFO,20/10/2022,09:18:37,263.2,263.3,350,263.8,50,650,837200
NIFTY27OCT2217600PE.NFO,20/10/2022,09:18:39,260.7,260.75,200,261.25,50,2500,837200
NIFTY27OCT2217600PE.NFO,20/10/2022,09:18:40,261.1,260.5,450,261.2,50,300,837200
NIFTY27OCT2217600PE.NFO,20/10/2022,09:18:42,259.5,259.25,100,259.9,100,1750,837200
NIFTY27OCT2217600PE.NFO,20/10/2022,09:18:44,260,259.35,100,260.05,50,450,837200
NIFTY27OCT2217600PE.NFO,20/10/2022,09:18:45,257.95,257.75,350,258.5,50,3500,837200
NIFTY27OCT2217600PE.NFO,20/10/2022,09:18:47,257.25,257.2,450,257.95,450,950,837200
NIFTY27OCT2217600PE.NFO,20/10/2022,09:18:49,255.65,255.55,200,256.3,250,1000,837200
NIFTY27OCT2217600PE.NFO,20/10/2022,09:18:50,256,255.85,450,256.55,100,50,837200
NIFTY27OCT2217600PE.NFO,20/10/2022,09:18:52,257.3,257.5,850,258.3,50,1800,837200
NIFTY27OCT2217600PE.NFO,20/10/2022,09:18:54,259.5,259.15,100,259.7,50,750,837200
NIFTY27OCT2217600PE.NFO,20/10/2022,09:18:55,257.65,257.4,1000,258,350,1100,837200
NIFTY27OCT2217600PE.NFO,20/10/2022,09:18:57,257.65,256.85,2300,257.6,350,0,837200
NIFTY27OCT2217600PE.NFO,20/10/2022,09:18:59,257.65,257.4,500,257.95,50,0,837200
NIFTY27OCT2217600PE.NFO,20/10/2022,09:19:00,256.05,255.8,200,256.1,50,1900,837200
NIFTY27OCT2217600PE.NFO,20/10/2022,09:19:02,257.25,257.5,1500,258,2800,350,837200
NIFTY27OCT2217600PE.NFO,20/10/2022,09:19:04,258.7,258.85,50,259.4,50,3350,837200
NIFTY27OCT2217600PE.NFO,20/10/2022,09:19:05,258.75,257.55,1000,258.2,50,500,837200
NIFTY27OCT2217600PE.NFO,20/10/2022,09:19:07,256.7,256.6,350,257.35,50,1250,837200
NIFTY27OCT2217600PE.NFO,20/10/2022,09:19:09,257.45,255.9,350,256.75,400,200,837200
NIFTY27OCT2217600PE.NFO,20/10/2022,09:19:10,255.9,255.6,450,256.2,50,450,837200
NIFTY27OCT2217600PE.NFO,20/10/2022,09:19:12,256.25,255.7,100,256.4,400,550,837200
NIFTY27OCT2217600PE.NFO,20/10/2022,09:19:14,255.7,255.35,100,256.05,50,1000,837200
NIFTY27OCT2217600PE.NFO,20/10/2022,09:19:15,254.5,254.25,50,255,100,1950,837200
NIFTY27OCT2217600PE.NFO,20/10/2022,09:19:17,255.2,255.2,350,255.95,100,500,837200
NIFTY27OCT2217600PE.NFO,20/10/2022,09:19:19,255.85,255.75,50,256.45,50,400,837200
NIFTY27OCT2217600PE.NFO,20/10/2022,09:19:20,253.7,253.45,150,253.95,50,850,837200
NIFTY27OCT2217600PE.NFO,20/10/2022,09:19:22,255.5,254.85,100,255.6,950,200,837200
NIFTY27OCT2217600PE.NFO,20/10/2022,09:19:24,255.4,255.45,100,256.2,450,250,837200
NIFTY27OCT2217600PE.NFO,20/10/2022,09:19:25,257,256.35,50,257,350,3900,837200
NIFTY27OCT2217600PE.NFO,20/10/2022,09:19:27,255.9,255.5,50,256.15,50,100,837200
NIFTY27OCT2217600PE.NFO,20/10/2022,09:19:29,255.05,254.95,450,255.8,850,150,837200
NIFTY27OCT2217600PE.NFO,20/10/2022,09:19:30,256.05,255.4,400,256.2,50,5650,837200
NIFTY27OCT2217600PE.NFO,20/10/2022,09:19:32,255.2,255.25,400,255.95,50,200,837200
NIFTY27OCT2217600PE.NFO,20/10/2022,09:19:34,256.4,255.6,400,256.5,450,200,837200
NIFTY27OCT2217600PE.NFO,20/10/2022,09:19:35,255.1,254.45,900,255.25,100,500,837200
NIFTY27OCT2217600PE.NFO,20/10/2022,09:19:37,255.75,255,350,255.7,50,150,837200
NIFTY27OCT2217600PE.NFO,20/10/2022,09:19:39,255.75,255.65,50,256.45,350,0,837200
NIFTY27OCT2217600PE.NFO,20/10/2022,09:19:40,255.7,254.9,100,255.6,450,500,837200
NIFTY27OCT2217600PE.NFO,20/10/2022,09:19:42,255.8,255.15,2800,255.75,50,50,837200
NIFTY27OCT2217600PE.NFO,20/10/2022,09:19:44,255.85,255.45,100,256.1,350,850,837200
NIFTY27OCT2217600PE.NFO,20/10/2022,09:19:45,255,254.6,300,255.5,50,3100,837200
NIFTY27OCT2217600PE.NFO,20/10/2022,09:19:47,256,255.3,50,255.8,350,300,837200
NIFTY27OCT2217600PE.NFO,20/10/2022,09:19:49,254.65,254.25,150,255,350,200,837200
NIFTY27OCT2217600PE.NFO,20/10/2022,09:19:50,253.2,253.15,350,253.95,200,250,837200
NIFTY27OCT2217600PE.NFO,20/10/2022,09:19:52,252.2,252.15,500,252.8,50,3850,837200
NIFTY27OCT2217600PE.NFO,20/10/2022,09:19:54,252.45,251.8,400,252.6,900,250,837200
NIFTY27OCT2217600PE.NFO,20/10/2022,09:19:55,251.85,251.45,50,252,150,500,837200
NIFTY27OCT2217600PE.NFO,20/10/2022,09:19:57,251.7,251,100,251.8,450,400,837200
NIFTY27OCT2217600PE.NFO,20/10/2022,09:19:59,251.5,251.6,50,252.4,350,850,837200
NIFTY27OCT2217600PE.NFO,20/10/2022,09:20:00,252.65,251.65,50,252.2,200,600,837200
NIFTY27OCT2217600PE.NFO,20/10/2022,09:20:02,253.7,253.5,350,254.3,400,300,837200
NIFTY27OCT2217600PE.NFO,20/10/2022,09:20:04,253.6,252.6,1550,253.4,400,150,837200
NIFTY27OCT2217600PE.NFO,20/10/2022,09:20:05,253.6,252.05,100,252.8,500,0,837200
NIFTY27OCT2217600PE.NFO,20/10/2022,09:20:07,253.3,252.2,100,252.85,100,400,837200
NIFTY27OCT2217600PE.NFO,20/10/2022,09:20:09,252,252.2,750,252.95,50,400,837200
NIFTY27OCT2217600PE.NFO,20/10/2022,09:20:10,253,252.05,400,252.9,350,200,837200
NIFTY27OCT2217600PE.NFO,20/10/2022,09:20:12,251.75,251,100,251.65,50,100,837200
NIFTY27OCT2217600PE.NFO,20/10/2022,09:20:14,251.2,250.85,150,251.1,100,300,837200
NIFTY27OCT2217600PE.NFO,20/10/2022,09:20:15,251.6,251.25,250,251.75,50,350,837200
NIFTY27OCT2217600PE.NFO,20/10/2022,09:20:17,252.2,251.95,1100,252.75,150,250,837200
NIFTY27OCT2217600PE.NFO,20/10/2022,09:20:19,254.6,253.95,100,254.8,400,600,837200
NIFTY27OCT2217600PE.NFO,20/10/2022,09:20:20,255,254.7,100,254.9,150,300,837200
NIFTY27OCT2217600PE.NFO,20/10/2022,09:20:22,256,255.35,400,256.1,350,1400,837200
NIFTY27OCT2217600PE.NFO,20/10/2022,09:20:23,256.55,255.75,650,256.55,150,350,837200
NIFTY27OCT2217600PE.NFO,20/10/2022,09:20:25,255.95,255.2,950,255.9,50,200,837200
NIFTY27OCT2217600PE.NFO,20/10/2022,09:20:27,254.6,254.5,50,255.1,350,50,837200
NIFTY27OCT2217600PE.NFO,20/10/2022,09:20:28,255.4,255.35,50,256.1,50,1150,837200
NIFTY27OCT2217600PE.NFO,20/10/2022,09:20:30,256.1,255.3,350,256.1,150,950,837200
NIFTY27OCT2217600PE.NFO,20/10/2022,09:20:32,256,255.95,100,256.35,50,300,837200
NIFTY27OCT2217600PE.NFO,20/10/2022,09:20:33,256,255.85,600,256.6,100,100,837200
NIFTY27OCT2217600PE.NFO,20/10/2022,09:20:35,256,255.7,750,256.5,50,0,837200
NIFTY27OCT2217600PE.NFO,20/10/2022,09:20:37,257.3,256.55,50,257.35,150,300,837200
NIFTY27OCT2217600PE.NFO,20/10/2022,09:20:38,256.6,255.85,50,256.6,350,200,837200
NIFTY27OCT2217600PE.NFO,20/10/2022,09:20:40,256.65,255.65,100,256.3,50,200,810750
NIFTY27OCT2217600PE.NFO,20/10/2022,09:20:42,254.35,254.2,100,255.05,50,150,810750
NIFTY27OCT2217600PE.NFO,20/10/2022,09:20:44,254,254.05,100,254.6,100,100,810750
NIFTY27OCT2217600PE.NFO,20/10/2022,09:20:45,253.75,253.4,200,253.8,100,250,810750
NIFTY27OCT2217600PE.NFO,20/10/2022,09:20:47,253.25,252.9,700,253.5,100,300,810750
NIFTY27OCT2217600PE.NFO,20/10/2022,09:20:49,253.25,252.75,400,253.45,50,0,810750
NIFTY27OCT2217600PE.NFO,20/10/2022,09:20:50,255,254.4,200,255,400,100,810750
NIFTY27OCT2217600PE.NFO,20/10/2022,09:20:52,255.4,254.4,1550,255.15,50,50,810750
NIFTY27OCT2217600PE.NFO,20/10/2022,09:20:54,255.4,256.4,50,256.8,350,0,810750
NIFTY27OCT2217600PE.NFO,20/10/2022,09:20:55,256.5,255.75,400,256.4,350,350,810750
NIFTY27OCT2217600PE.NFO,20/10/2022,09:20:57,255.5,254.8,750,255.6,400,100,810750
NIFTY27OCT2217600PE.NFO,20/10/2022,09:20:59,255.5,255.5,50,256,500,0,810750
NIFTY27OCT2217600PE.NFO,20/10/2022,09:21:00,255.2,255.1,1350,255.8,50,50,810750
NIFTY27OCT2217600PE.NFO,20/10/2022,09:21:02,255.2,254.75,50,255.3,400,0,810750
NIFTY27OCT2217600PE.NFO,20/10/2022,09:21:04,254.95,255.25,150,256,500,1050,810750
NIFTY27OCT2217600PE.NFO,20/10/2022,09:21:05,255.35,255.2,50,255.45,400,150,810750
NIFTY27OCT2217600PE.NFO,20/10/2022,09:21:07,255.6,254.9,250,255.45,50,550,810750
NIFTY27OCT2217600PE.NFO,20/10/2022,09:21:09,255.7,255.1,50,255.4,400,100,810750
NIFTY27OCT2217600PE.NFO,20/10/2022,09:21:10,256,255.85,50,256.45,50,500,810750
NIFTY27OCT2217600PE.NFO,20/10/2022,09:21:12,257.8,257.05,1650,257.85,100,250,810750
NIFTY27OCT2217600PE.NFO,20/10/2022,09:21:14,256.65,256.25,50,256.65,50,300,810750
NIFTY27OCT2217600PE.NFO,20/10/2022,09:21:15,255.55,255,50,255.6,450,1100,810750
NIFTY27OCT2217600PE.NFO,20/10/2022,09:21:17,256.3,256.05,50,256.8,400,250,810750
NIFTY27OCT2217600PE.NFO,20/10/2022,09:21:19,256.3,256,50,256.7,350,0,810750
NIFTY27OCT2217600PE.NFO,20/10/2022,09:21:20,257.65,257.7,100,258.45,400,200,810750
NIFTY27OCT2217600PE.NFO,20/10/2022,09:21:22,257.65,256,50,256.85,1100,0,810750
NIFTY27OCT2217600PE.NFO,20/10/2022,09:21:23,256.1,255,100,255.55,400,100,810750
NIFTY27OCT2217600PE.NFO,20/10/2022,09:21:25,255.8,255.2,200,255.95,400,100,810750
NIFTY27OCT2217600PE.NFO,20/10/2022,09:21:27,255.8,255.05,50,255.6,450,100,810750
NIFTY27OCT2217600PE.NFO,20/10/2022,09:21:28,255.8,255,100,255.65,400,0,810750
NIFTY27OCT2217600PE.NFO,20/10/2022,09:21:30,255.8,255.05,300,255.85,200,0,810750
NIFTY27OCT2217600PE.NFO,20/10/2022,09:21:32,255.5,256.35,50,256.85,500,2950,810750
NIFTY27OCT2217600PE.NFO,20/10/2022,09:21:33,256.3,256.1,100,256.7,350,150,810750
NIFTY27OCT2217600PE.NFO,20/10/2022,09:21:35,256.7,256.55,500,257.4,600,450,810750
NIFTY27OCT2217600PE.NFO,20/10/2022,09:21:37,256.7,255.2,1250,256.05,150,0,810750
NIFTY27OCT2217600PE.NFO,20/10/2022,09:21:38,255.75,254.9,400,255.65,100,650,810750
NIFTY27OCT2217600PE.NFO,20/10/2022,09:21:40,256.1,255.5,50,256.2,700,50,810750
NIFTY27OCT2217600PE.NFO,20/10/2022,09:21:42,256.1,255.35,50,255.8,350,0,810750
NIFTY27OCT2217600PE.NFO,20/10/2022,09:21:43,255.55,255,1200,255.5,50,50,810750
NIFTY27OCT2217600PE.NFO,20/10/2022,09:21:45,255.8,254.9,450,255.65,50,100,810750
NIFTY27OCT2217600PE.NFO,20/10/2022,09:21:47,255.8,255,50,255.65,150,0,810750
NIFTY27OCT2217600PE.NFO,20/10/2022,09:21:48,255.5,254.8,100,255.55,150,100,810750
NIFTY27OCT2217600PE.NFO,20/10/2022,09:21:50,255.25,254.75,50,255.25,1000,50,810750
NIFTY27OCT2217600PE.NFO,20/10/2022,09:21:52,254.1,254,100,254.6,50,200,810750
NIFTY27OCT2217600PE.NFO,20/10/2022,09:21:53,253.7,253.05,600,253.75,300,100,810750
NIFTY27OCT2217600PE.NFO,20/10/2022,09:21:55,253,252.4,1100,253.05,100,450,810750
NIFTY27OCT2217600PE.NFO,20/10/2022,09:21:57,253.1,252.75,400,253.55,650,50,810750
NIFTY27OCT2217600PE.NFO,20/10/2022,09:21:58,253.1,253.05,250,253.75,200,0,810750
NIFTY27OCT2217600PE.NFO,20/10/2022,09:22:00,252.7,252.8,50,253.5,100,100,810750
NIFTY27OCT2217600PE.NFO,20/10/2022,09:22:02,253.7,253.9,100,254.3,350,150,810750
NIFTY27OCT2217600PE.NFO,20/10/2022,09:22:03,254.25,254.45,50,255.1,100,500,810750
NIFTY27OCT2217600PE.NFO,20/10/2022,09:22:05,254.25,253,100,253.4,450,0,810750
NIFTY27OCT2217600PE.NFO,20/10/2022,09:22:07,254.25,253,150,253.55,550,0,810750
NIFTY27OCT2217600PE.NFO,20/10/2022,09:22:08,253.1,253.65,250,254.2,350,50,810750
NIFTY27OCT2217600PE.NFO,20/10/2022,09:22:10,255.05,254.95,50,255.4,350,700,810750
NIFTY27OCT2217600PE.NFO,20/10/2022,09:22:12,255.05,254.25,50,254.95,200,0,810750
NIFTY27OCT2217600PE.NFO,20/10/2022,09:22:13,254.25,254.15,50,254.8,700,500,810750
NIFTY27OCT2217600PE.NFO,20/10/2022,09:22:15,254.25,253.85,400,254.65,300,0,810750
NIFTY27OCT2217600PE.NFO,20/10/2022,09:22:17,254.1,253,950,253.9,400,150,810750
NIFTY27OCT2217600PE.NFO,20/10/2022,09:22:18,253.7,253.1,400,254,1050,50,810750
NIFTY27OCT2217600PE.NFO,20/10/2022,09:22:20,253.05,252.45,150,253.1,350,600,810750
NIFTY27OCT2217600PE.NFO,20/10/2022,09:22:22,252.9,252.3,300,253,350,250,810750
NIFTY27OCT2217600PE.NFO,20/10/2022,09:22:23,252.8,252.45,450,253.2,350,200,810750
NIFTY27OCT2217600PE.NFO,20/10/2022,09:22:25,252.8,252.65,450,253.4,350,0,810750
NIFTY27OCT2217600PE.NFO,20/10/2022,09:22:27,252.8,253.15,50,254.05,150,0,810750
NIFTY27OCT2217600PE.NFO,20/10/2022,09:22:28,253.2,252.4,250,253.2,200,2150,810750
NIFTY27OCT2217600PE.NFO,20/10/2022,09:22:30,252.85,252.1,100,252.8,550,2750,810750
NIFTY27OCT2217600PE.NFO,20/10/2022,09:22:32,252.8,252.1,100,252.7,350,700,810750
NIFTY27OCT2217600PE.NFO,20/10/2022,09:22:33,251.45,250.6,50,251.3,400,450,810750
NIFTY27OCT2217600PE.NFO,20/10/2022,09:22:35,251,250.6,50,250.95,500,100,810750
NIFTY27OCT2217600PE.NFO,20/10/2022,09:22:37,249.75,250.4,200,251.1,400,3850,810750
NIFTY27OCT2217600PE.NFO,20/10/2022,09:22:38,250.4,251.45,50,252,50,200,810750
NIFTY27OCT2217600PE.NFO,20/10/2022,09:22:40,250.4,250.15,350,250.8,450,0,810750
NIFTY27OCT2217600PE.NFO,20/10/2022,09:22:42,250,249.85,400,250.5,350,100,810750
NIFTY27OCT2217600PE.NFO,20/10/2022,09:22:43,249.85,249.5,950,250,50,600,810750
NIFTY27OCT2217600PE.NFO,20/10/2022,09:22:45,249.95,249.35,50,249.9,50,200,810750
NIFTY27OCT2217600PE.NFO,20/10/2022,09:22:47,249.5,249.55,50,249.9,50,200,810750
NIFTY27OCT2217600PE.NFO,20/10/2022,09:22:48,249.85,249.35,50,249.9,50,250,810750
NIFTY27OCT2217600PE.NFO,20/10/2022,09:22:50,249.95,249.25,50,249.9,50,250,810750
NIFTY27OCT2217600PE.NFO,20/10/2022,09:22:52,250,250.4,450,251.45,1150,650,810750
NIFTY27OCT2217600PE.NFO,20/10/2022,09:22:54,250,249.85,150,250.6,700,0,810750
NIFTY27OCT2217600PE.NFO,20/10/2022,09:22:55,250.55,250.05,50,250.7,350,750,810750
NIFTY27OCT2217600PE.NFO,20/10/2022,09:22:57,250.7,250.05,50,250.8,1100,350,810750
NIFTY27OCT2217600PE.NFO,20/10/2022,09:22:59,250.05,251.1,50,251.7,350,50,810750
NIFTY27OCT2217600PE.NFO,20/10/2022,09:23:00,251.5,251.2,50,251.85,150,50,810750
NIFTY27OCT2217600PE.NFO,20/10/2022,09:23:02,251.5,251.2,50,251.8,350,0,810750
NIFTY27OCT2217600PE.NFO,20/10/2022,09:23:04,252,251.25,50,251.9,350,50,810750
NIFTY27OCT2217600PE.NFO,20/10/2022,09:23:05,251.05,251,50,251.75,50,150,810750
NIFTY27OCT2217600PE.NFO,20/10/2022,09:23:07,251.05,251.05,50,251.35,50,0,810750
NIFTY27OCT2217600PE.NFO,20/10/2022,09:23:09,251.8,251.85,50,252.4,350,600,810750
NIFTY27OCT2217600PE.NFO,20/10/2022,09:23:10,251.8,251.1,250,251.8,350,650,810750
NIFTY27OCT2217600PE.NFO,20/10/2022,09:23:12,251.35,251.3,50,251.9,1150,400,810750
NIFTY27OCT2217600PE.NFO,20/10/2022,09:23:14,250.25,250.2,50,250.5,50,1650,810750
NIFTY27OCT2217600PE.NFO,20/10/2022,09:23:15,250.25,251.05,50,251.85,50,0,810750
NIFTY27OCT2217600PE.NFO,20/10/2022,09:23:17,252,251.75,50,252.4,400,700,810750
NIFTY27OCT2217600PE.NFO,20/10/2022,09:23:19,252.45,250.6,200,251.3,350,1000,810750
NIFTY27OCT2217600PE.NFO,20/10/2022,09:23:20,252.35,252.3,50,253,500,100,810750
NIFTY27OCT2217600PE.NFO,20/10/2022,09:23:22,252.4,252.2,350,253,1100,250,810750
NIFTY27OCT2217600PE.NFO,20/10/2022,09:23:24,252.2,252.25,700,252.7,50,300,810750
NIFTY27OCT2217600PE.NFO,20/10/2022,09:23:25,251.95,253,250,253.6,250,1550,810750
NIFTY27OCT2217600PE.NFO,20/10/2022,09:23:27,253.65,252.2,100,252.9,400,150,810750
NIFTY27OCT2217600PE.NFO,20/10/2022,09:23:29,253.2,252.1,450,252.85,50,650,810750
NIFTY27OCT2217600PE.NFO,20/10/2022,09:23:30,252.35,251.9,1150,252.65,50,50,810750
NIFTY27OCT2217600PE.NFO,20/10/2022,09:23:32,252.8,253,50,253.6,100,250,810750
NIFTY27OCT2217600PE.NFO,20/10/2022,09:23:34,253.05,252.9,350,253.6,750,150,810750
NIFTY27OCT2217600PE.NFO,20/10/2022,09:23:35,252.95,252.7,800,253.45,50,250,810750
NIFTY27OCT2217600PE.NFO,20/10/2022,09:23:37,252.5,253.05,100,253.85,1150,200,810750
NIFTY27OCT2217600PE.NFO,20/10/2022,09:23:39,253.05,252.6,850,253.05,50,1400,818250
NIFTY27OCT2217600PE.NFO,20/10/2022,09:23:40,253.05,253,1650,253.7,250,0,818250
NIFTY27OCT2217600PE.NFO,20/10/2022,09:23:42,253.9,252.65,200,253.2,250,50,818250
NIFTY27OCT2217600PE.NFO,20/10/2022,09:23:44,253.25,252.7,200,253.45,50,750,818250
NIFTY27OCT2217600PE.NFO,20/10/2022,09:23:45,252.75,252.9,400,253.6,50,350,818250
NIFTY27OCT2217600PE.NFO,20/10/2022,09:23:47,253,252.8,50,253.3,50,50,818250
NIFTY27OCT2217600PE.NFO,20/10/2022,09:23:49,253.3,252.55,50,253.2,50,50,818250
NIFTY27OCT2217600PE.NFO,20/10/2022,09:23:50,253.8,253.45,150,254.3,400,100,818250
NIFTY27OCT2217600PE.NFO,20/10/2022,09:23:52,253.8,252.7,350,253.35,50,0,818250
NIFTY27OCT2217600PE.NFO,20/10/2022,09:23:54,253.8,253.7,50,254.4,700,0,818250
NIFTY27OCT2217600PE.NFO,20/10/2022,09:23:55,253.8,253.8,200,254.55,100,0,818250
NIFTY27OCT2217600PE.NFO,20/10/2022,09:23:57,254.65,254.7,50,255.4,850,1800,818250
NIFTY27OCT2217600PE.NFO,20/10/2022,09:23:59,254.65,254.9,50,255.7,750,0,818250
NIFTY27OCT2217600PE.NFO,20/10/2022,09:24:00,254.75,253.9,250,254.6,350,250,818250
NIFTY27OCT2217600PE.NFO,20/10/2022,09:24:02,253.75,253.05,50,253.75,50,350,818250
NIFTY27OCT2217600PE.NFO,20/10/2022,09:24:04,253.8,253.7,200,254.45,150,50,818250
NIFTY27OCT2217600PE.NFO,20/10/2022,09:24:05,253.8,253.5,50,254.1,900,0,818250
NIFTY27OCT2217600PE.NFO,20/10/2022,09:24:07,253,253.75,50,254.15,50,200,818250
NIFTY27OCT2217600PE.NFO,20/10/2022,09:24:09,253.6,253.4,150,254.1,1450,100,818250
NIFTY27OCT2217600PE.NFO,20/10/2022,09:24:10,253.6,253,1450,253.65,50,0,818250
NIFTY27OCT2217600PE.NFO,20/10/2022,09:24:12,253.6,253,1500,253.6,50,0,818250
NIFTY27OCT2217600PE.NFO,20/10/2022,09:24:14,253.6,253.15,50,253.8,50,0,818250
NIFTY27OCT2217600PE.NFO,20/10/2022,09:24:15,253.6,253.55,300,254.1,50,100,818250
NIFTY27OCT2217600PE.NFO,20/10/2022,09:24:17,253.9,253.35,200,253.95,50,50,818250
NIFTY27OCT2217600PE.NFO,20/10/2022,09:24:19,253.9,253.2,400,254,100,0,818250
NIFTY27OCT2217600PE.NFO,20/10/2022,09:24:20,253.9,253,100,253.7,150,0,818250
NIFTY27OCT2217600PE.NFO,20/10/2022,09:24:22,252.5,252.2,650,252.85,50,500,818250
NIFTY27OCT2217600PE.NFO,20/10/2022,09:24:24,252.5,251.7,850,252.45,450,0,818250
NIFTY27OCT2217600PE.NFO,20/10/2022,09:24:25,253.4,253.65,50,254.45,100,200,818250
NIFTY27OCT2217600PE.NFO,20/10/2022,09:24:27,253.25,252.1,850,252.95,400,250,818250
NIFTY27OCT2217600PE.NFO,20/10/2022,09:24:29,252.35,251.55,300,252.25,50,250,818250
NIFTY27OCT2217600PE.NFO,20/10/2022,09:24:30,251.7,251.1,50,251.85,50,250,818250
NIFTY27OCT2217600PE.NFO,20/10/2022,09:24:32,251.65,251.6,250,252.45,50,100,818250
NIFTY27OCT2217600PE.NFO,20/10/2022,09:24:34,251.35,251.45,100,252.2,450,50,818250
NIFTY27OCT2217600PE.NFO,20/10/2022,09:24:35,251.35,251.4,50,252.2,750,0,818250
NIFTY27OCT2217600PE.NFO,20/10/2022,09:24:37,252.8,252.6,50,252.8,300,50,818250
NIFTY27OCT2217600PE.NFO,20/10/2022,09:24:39,253,252.65,50,253.2,850,700,818250
NIFTY27OCT2217600PE.NFO,20/10/2022,09:24:40,252.3,251.65,50,252.35,400,200,818250
NIFTY27OCT2217600PE.NFO,20/10/2022,09:24:42,251.95,251.7,50,252.45,1600,50,818250
NIFTY27OCT2217600PE.NFO,20/10/2022,09:24:44,252.3,251.65,50,252.35,50,750,818250
NIFTY27OCT2217600PE.NFO,20/10/2022,09:24:45,252.3,251.65,50,252.2,400,0,818250
NIFTY27OCT2217600PE.NFO,20/10/2022,09:24:47,253,253.15,50,253.95,50,350,818250
NIFTY27OCT2217600PE.NFO,20/10/2022,09:24:49,254.25,253.75,50,254.55,500,500,818250
NIFTY27OCT2217600PE.NFO,20/10/2022,09:24:50,253.75,252.7,50,253.45,50,50,818250
NIFTY27OCT2217600PE.NFO,20/10/2022,09:24:52,252.7,252.45,250,253.05,400,50,818250
NIFTY27OCT2217600PE.NFO,20/10/2022,09:24:54,252.7,251.85,100,252.55,400,0,818250
NIFTY27OCT2217600PE.NFO,20/10/2022,09:24:55,252.1,251.65,50,251.95,550,300,818250
NIFTY27OCT2217600PE.NFO,20/10/2022,09:24:57,252,251.65,50,252.3,350,50,818250
NIFTY27OCT2217600PE.NFO,20/10/2022,09:24:59,252.4,251.6,100,252.35,400,100,818250
NIFTY27OCT2217600PE.NFO,20/10/2022,09:25:00,251.6,253.05,250,253.85,400,50,818250
NIFTY27OCT2217600PE.NFO,20/10/2022,09:25:02,253.9,252.95,50,253.6,350,250,818250
NIFTY27OCT2217600PE.NFO,20/10/2022,09:25:04,253.6,253.2,50,253.8,350,50,818250
NIFTY27OCT2217600PE.NFO,20/10/2022,09:25:06,253.6,252.95,50,253.65,400,0,818250
NIFTY27OCT2217600PE.NFO,20/10/2022,09:25:07,253.6,253.65,150,254.3,350,0,818250
NIFTY27OCT2217600PE.NFO,20/10/2022,09:25:09,253.6,253.5,100,254.05,400,0,818250
NIFTY27OCT2217600PE.NFO,20/10/2022,09:25:11,253.6,253.85,50,254.25,850,0,818250
NIFTY27OCT2217600PE.NFO,20/10/2022,09:25:12,253.6,253.1,100,253.8,1100,100,818250
NIFTY27OCT2217600PE.NFO,20/10/2022,09:25:14,253.95,253.65,100,254.3,50,750,818250
NIFTY27OCT2217600PE.NFO,20/10/2022,09:25:16,254.55,253.9,50,254.75,50,200,818250
NIFTY27OCT2217600PE.NFO,20/10/2022,09:25:17,254.55,253.85,50,254.6,350,0,818250
NIFTY27OCT2217600PE.NFO,20/10/2022,09:25:19,253.85,253.65,50,254.15,50,50,818250
NIFTY27OCT2217600PE.NFO,20/10/2022,09:25:21,253.6,253.6,400,253.9,50,300,818250
NIFTY27OCT2217600PE.NFO,20/10/2022,09:25:22,252.6,251.55,50,252.25,50,750,818250
NIFTY27OCT2217600PE.NFO,20/10/2022,09:25:24,251.9,251.05,400,251.9,850,100,818250
NIFTY27OCT2217600PE.NFO,20/10/2022,09:25:26,251.9,251.1,50,251.8,350,0,818250
NIFTY27OCT2217600PE.NFO,20/10/2022,09:25:27,250.25,250.15,450,250.9,350,50,818250
NIFTY27OCT2217600PE.NFO,20/10/2022,09:25:29,249.8,249,100,249.65,50,1550,818250
NIFTY27OCT2217600PE.NFO,20/10/2022,09:25:31,245.35,244.5,400,245.75,100,6950,818250
NIFTY27OCT2217600PE.NFO,20/10/2022,09:25:32,246.6,246.9,500,247.85,300,1350,818250
NIFTY27OCT2217600PE.NFO,20/10/2022,09:25:34,246.2,247.55,450,248.3,450,200,818250
NIFTY27OCT2217600PE.NFO,20/10/2022,09:25:36,246.75,245.25,100,245.85,400,1650,818250
NIFTY27OCT2217600PE.NFO,20/10/2022,09:25:37,245.9,245.05,50,245.7,100,2050,818250
NIFTY27OCT2217600PE.NFO,20/10/2022,09:25:39,243.95,243.6,100,244.3,500,650,818250
NIFTY27OCT2217600PE.NFO,20/10/2022,09:25:41,243,243.05,100,243.55,1000,3650,818250
NIFTY27OCT2217600PE.NFO,20/10/2022,09:25:42,243.65,243.9,50,244.5,400,350,818250
NIFTY27OCT2217600PE.NFO,20/10/2022,09:25:44,244.05,244.6,450,245.25,50,100,818250
NIFTY27OCT2217600PE.NFO,20/10/2022,09:25:46,243.25,243.3,50,244.35,550,150,818250
NIFTY27OCT2217600PE.NFO,20/10/2022,09:25:47,246.15,246.15,100,246.75,100,350,818250
NIFTY27OCT2217600PE.NFO,20/10/2022,09:25:49,246.95,246.65,50,247.4,350,50,818250
NIFTY27OCT2217600PE.NFO,20/10/2022,09:25:51,247.5,247.35,50,248,850,1200,818250
NIFTY27OCT2217600PE.NFO,20/10/2022,09:25:52,247.35,247.55,500,248.3,350,900,818250
NIFTY27OCT2217600PE.NFO,20/10/2022,09:25:54,247,246.7,100,247.1,850,2900,818250
NIFTY27OCT2217600PE.NFO,20/10/2022,09:25:56,245.7,245.65,150,245.95,400,350,818250
NIFTY27OCT2217600PE.NFO,20/10/2022,09:25:57,246.35,246.25,100,247,1150,200,818250
NIFTY27OCT2217600PE.NFO,20/10/2022,09:25:59,246.8,246.4,50,246.85,350,450,818250
NIFTY27OCT2217600PE.NFO,20/10/2022,09:26:01,245.45,245,100,245.75,200,300,818250
NIFTY27OCT2217600PE.NFO,20/10/2022,09:26:02,245.7,245.25,100,245.95,350,200,818250
NIFTY27OCT2217600PE.NFO,20/10/2022,09:26:04,245.65,245.8,50,246.25,200,700,818250
NIFTY27OCT2217600PE.NFO,20/10/2022,09:26:06,246.85,246.6,50,247,300,250,818250
NIFTY27OCT2217600PE.NFO,20/10/2022,09:26:07,247.5,246.9,50,247.5,650,400,818250
NIFTY27OCT2217600PE.NFO,20/10/2022,09:26:09,247.4,246.6,50,247.45,300,150,818250
NIFTY27OCT2217600PE.NFO,20/10/2022,09:26:11,246.75,247.65,100,248.35,300,50,818250
NIFTY27OCT2217600PE.NFO,20/10/2022,09:26:12,248,248.25,50,248.85,200,50,818250
NIFTY27OCT2217600PE.NFO,20/10/2022,09:26:14,248.9,248.2,50,248.85,700,1450,818250
NIFTY27OCT2217600PE.NFO,20/10/2022,09:26:16,248,247.15,200,247.9,50,400,818250
NIFTY27OCT2217600PE.NFO,20/10/2022,09:26:17,247.3,246.6,150,247.35,50,100,818250
NIFTY27OCT2217600PE.NFO,20/10/2022,09:26:19,247.55,246.85,150,247.6,350,150,818250
NIFTY27OCT2217600PE.NFO,20/10/2022,09:26:20,246.3,246.25,100,246.95,50,350,818250
NIFTY27OCT2217600PE.NFO,20/10/2022,09:26:22,247.35,246.8,300,247.6,700,300,818250
NIFTY27OCT2217600PE.NFO,20/10/2022,09:26:24,247.35,247.05,200,247.6,50,0,818250
NIFTY27OCT2217600PE.NFO,20/10/2022,09:26:25,247.35,246.85,100,247.6,400,50,818250
NIFTY27OCT2217600PE.NFO,20/10/2022,09:26:27,248,247.85,50,248.4,400,650,818250
NIFTY27OCT2217600PE.NFO,20/10/2022,09:26:29,248,248.5,50,248.85,50,0,818250
NIFTY27OCT2217600PE.NFO,20/10/2022,09:26:30,248.55,248.9,50,249.25,100,100,818250
NIFTY27OCT2217600PE.NFO,20/10/2022,09:26:32,249.5,249.25,50,249.75,400,100,818250
NIFTY27OCT2217600PE.NFO,20/10/2022,09:26:34,249.5,249.45,50,249.8,50,50,818250
NIFTY27OCT2217600PE.NFO,20/10/2022,09:26:35,250,250.3,50,250.8,400,600,818250
NIFTY27OCT2217600PE.NFO,20/10/2022,09:26:37,249.9,249.4,50,250,1200,650,818250
NIFTY27OCT2217600PE.NFO,20/10/2022,09:26:39,249.55,249.5,50,249.7,1100,350,818250
NIFTY27OCT2217600PE.NFO,20/10/2022,09:26:40,249.9,249.65,200,250.3,100,1250,822150
NIFTY27OCT2217600PE.NFO,20/10/2022,09:26:42,249.8,249.75,50,250.35,50,350,822150
NIFTY27OCT2217600PE.NFO,20/10/2022,09:26:44,251,252.1,350,252.95,400,200,822150
NIFTY27OCT2217600PE.NFO,20/10/2022,09:26:45,252.1,252,350,252.65,50,50,822150
NIFTY27OCT2217600PE.NFO,20/10/2022,09:26:47,254,253.55,100,254.35,400,800,822150
NIFTY27OCT2217600PE.NFO,20/10/2022,09:26:49,253.75,253.6,100,254.35,50,150,822150
NIFTY27OCT2217600PE.NFO,20/10/2022,09:26:50,254.5,254.5,150,254.9,100,100,822150
NIFTY27OCT2217600PE.NFO,20/10/2022,09:26:52,256.15,255.35,50,256,300,1900,822150
NIFTY27OCT2217600PE.NFO,20/10/2022,09:26:54,255.1,255.85,400,256.5,750,1750,822150
NIFTY27OCT2217600PE.NFO,20/10/2022,09:26:55,256.5,255.35,100,256.1,150,750,822150
NIFTY27OCT2217600PE.NFO,20/10/2022,09:26:57,255.9,255.95,400,256.7,250,200,822150
NIFTY27OCT2217600PE.NFO,20/10/2022,09:26:59,255.05,254.4,50,254.75,50,200,822150
NIFTY27OCT2217600PE.NFO,20/10/2022,09:27:00,256.3,255.55,200,256.35,50,700,822150
NIFTY27OCT2217600PE.NFO,20/10/2022,09:27:02,255.25,254.65,500,255.3,50,100,822150
NIFTY27OCT2217600PE.NFO,20/10/2022,09:27:04,256.5,255.95,250,256.7,300,50,822150
NIFTY27OCT2217600PE.NFO,20/10/2022,09:27:05,255.6,255,1600,255.8,700,250,822150
NIFTY27OCT2217600PE.NFO,20/10/2022,09:27:07,256.25,254.6,50,255.1,50,350,822150
NIFTY27OCT2217600PE.NFO,20/10/2022,09:27:09,253.1,253.4,350,254,50,200,822150
NIFTY27OCT2217600PE.NFO,20/10/2022,09:27:10,253.1,253,600,253.8,400,0,822150
NIFTY27OCT2217600PE.NFO,20/10/2022,09:27:12,253,252.35,850,253.2,750,50,822150
NIFTY27OCT2217600PE.NFO,20/10/2022,09:27:14,252.55,253.05,400,253.8,100,450,822150
NIFTY27OCT2217600PE.NFO,20/10/2022,09:27:16,253,253.4,50,254,900,50,822150
NIFTY27OCT2217600PE.NFO,20/10/2022,09:27:17,253.3,252.7,500,253.35,50,200,822150
NIFTY27OCT2217600PE.NFO,20/10/2022,09:27:19,253.3,253.15,400,253.95,50,0,822150
NIFTY27OCT2217600PE.NFO,20/10/2022,09:27:21,254.5,254.4,250,255.2,650,200,822150
NIFTY27OCT2217600PE.NFO,20/10/2022,09:27:22,255,254.2,50,254.9,150,50,822150
NIFTY27OCT2217600PE.NFO,20/10/2022,09:27:24,254.4,253.5,50,254.15,50,50,822150
NIFTY27OCT2217600PE.NFO,20/10/2022,09:27:26,253.75,253.05,50,253.65,50,150,822150
NIFTY27OCT2217600PE.NFO,20/10/2022,09:27:27,253.75,254.15,400,254.95,50,0,822150
NIFTY27OCT2217600PE.NFO,20/10/2022,09:27:29,254.3,254,500,254.7,50,150,822150
NIFTY27OCT2217600PE.NFO,20/10/2022,09:27:31,254.5,254.1,450,254.65,50,50,822150
NIFTY27OCT2217600PE.NFO,20/10/2022,09:27:32,253.45,253.6,350,254.2,50,100,822150
NIFTY27OCT2217600PE.NFO,20/10/2022,09:27:34,253.45,253.2,50,253.9,350,0,822150
NIFTY27OCT2217600PE.NFO,20/10/2022,09:27:36,253.3,252.2,750,252.9,50,150,822150
NIFTY27OCT2217600PE.NFO,20/10/2022,09:27:37,253.3,252.35,450,253,100,0,822150
NIFTY27OCT2217600PE.NFO,20/10/2022,09:27:39,252.5,252.4,50,252.85,50,100,822150
NIFTY27OCT2217600PE.NFO,20/10/2022,09:27:41,252.5,253.05,400,253.7,50,100,822150
NIFTY27OCT2217600PE.NFO,20/10/2022,09:27:42,252.5,253.05,50,253.55,50,0,822150
NIFTY27OCT2217600PE.NFO,20/10/2022,09:27:44,252.5,253.55,1150,254,100,0,822150
NIFTY27OCT2217600PE.NFO,20/10/2022,09:27:46,253.95,254,100,254.6,550,200,822150
NIFTY27OCT2217600PE.NFO,20/10/2022,09:27:47,254.1,254.4,200,254.75,50,150,822150
NIFTY27OCT2217600PE.NFO,20/10/2022,09:27:49,254.15,254.05,200,254.55,750,150,822150
NIFTY27OCT2217600PE.NFO,20/10/2022,09:27:51,254.15,254.05,250,254.7,350,100,822150
NIFTY27OCT2217600PE.NFO,20/10/2022,09:27:52,253.65,253,250,253.6,50,200,822150
NIFTY27OCT2217600PE.NFO,20/10/2022,09:27:54,253.65,252.5,50,253,50,0,822150
NIFTY27OCT2217600PE.NFO,20/10/2022,09:27:56,253.65,252.5,50,252.8,50,0,822150
NIFTY27OCT2217600PE.NFO,20/10/2022,09:27:57,252.85,253.2,350,253.75,50,250,822150
NIFTY27OCT2217600PE.NFO,20/10/2022,09:27:59,253.7,253.35,600,254,250,50,822150
NIFTY27OCT2217600PE.NFO,20/10/2022,09:28:01,253.25,253.05,250,253.7,450,200,822150
NIFTY27OCT2217600PE.NFO,20/10/2022,09:28:02,253.9,252.95,200,253.5,100,200,822150
NIFTY27OCT2217600PE.NFO,20/10/2022,09:28:04,253.9,252.9,50,253.5,550,0,822150
NIFTY27OCT2217600PE.NFO,20/10/2022,09:28:06,252.9,251.7,50,252.45,450,50,822150
NIFTY27OCT2217600PE.NFO,20/10/2022,09:28:07,251.6,251,50,251.65,50,250,822150
NIFTY27OCT2217600PE.NFO,20/10/2022,09:28:09,250,248.1,400,249,350,200,822150
NIFTY27OCT2217600PE.NFO,20/10/2022,09:28:11,248,247.9,300,248.6,800,150,822150
NIFTY27OCT2217600PE.NFO,20/10/2022,09:28:12,249.4,249.8,50,250.7,400,50,822150
NIFTY27OCT2217600PE.NFO,20/10/2022,09:28:14,250.5,250.25,750,251.1,400,550,822150
NIFTY27OCT2217600PE.NFO,20/10/2022,09:28:16,250.5,251,50,251.75,400,0,822150
NIFTY27OCT2217600PE.NFO,20/10/2022,09:28:17,250.55,250.1,100,250.7,400,400,822150
NIFTY27OCT2217600PE.NFO,20/10/2022,09:28:19,250.05,249.3,100,250.05,500,100,822150
NIFTY27OCT2217600PE.NFO,20/10/2022,09:28:21,250.25,250.25,750,250.9,350,100,822150
NIFTY27OCT2217600PE.NFO,20/10/2022,09:28:22,249.8,250,250,250.7,750,150,822150
NIFTY27OCT2217600PE.NFO,20/10/2022,09:28:24,249.8,250.1,50,250.5,350,0,822150
NIFTY27OCT2217600PE.NFO,20/10/2022,09:28:26,249.8,250.5,50,251.1,350,0,822150
NIFTY27OCT2217600PE.NFO,20/10/2022,09:28:27,249.8,250.1,50,250.4,700,200,822150
NIFTY27OCT2217600PE.NFO,20/10/2022,09:28:29,249.85,250.25,200,251,600,100,822150
NIFTY27OCT2217600PE.NFO,20/10/2022,09:28:31,250.8,250.8,100,251.35,100,450,822150
NIFTY27OCT2217600PE.NFO,20/10/2022,09:28:32,251,250.4,50,251.1,350,250,822150
NIFTY27OCT2217600PE.NFO,20/10/2022,09:28:34,251,251.7,200,252.4,750,250,822150
NIFTY27OCT2217600PE.NFO,20/10/2022,09:28:36,251.05,251.6,50,252.1,400,1100,822150
NIFTY27OCT2217600PE.NFO,20/10/2022,09:28:37,251.95,251.25,50,251.9,50,250,822150
NIFTY27OCT2217600PE.NFO,20/10/2022,09:28:39,251.4,251.9,700,252.6,50,200,822150
NIFTY27OCT2217600PE.NFO,20/10/2022,09:28:41,252.3,252.25,200,253,50,150,822150
NIFTY27OCT2217600PE.NFO,20/10/2022,09:28:42,252.35,252.05,150,252.75,50,50,822150
NIFTY27OCT2217600PE.NFO,20/10/2022,09:28:44,252.35,252.25,250,253.1,450,0,822150
NIFTY27OCT2217600PE.NFO,20/10/2022,09:28:46,252.35,252.5,700,253.35,400,0,822150
NIFTY27OCT2217600PE.NFO,20/10/2022,09:28:47,252.35,252.45,250,253.2,100,0,822150
NIFTY27OCT2217600PE.NFO,20/10/2022,09:28:49,252.35,252.6,50,253.35,400,0,822150
NIFTY27OCT2217600PE.NFO,20/10/2022,09:28:51,253.5,253,200,253.75,450,600,822150
NIFTY27OCT2217600PE.NFO,20/10/2022,09:28:52,254.75,254.3,50,255,500,250,822150
NIFTY27OCT2217600PE.NFO,20/10/2022,09:28:54,255,255,50,255.6,350,150,822150
NIFTY27OCT2217600PE.NFO,20/10/2022,09:28:56,255.1,254.65,400,255.3,400,100,822150
NIFTY27OCT2217600PE.NFO,20/10/2022,09:28:57,254.65,253.9,50,254.45,50,200,822150
NIFTY27OCT2217600PE.NFO,20/10/2022,09:28:59,253.9,253.1,100,253.95,400,200,822150
NIFTY27OCT2217600PE.NFO,20/10/2022,09:29:01,253.9,252.85,500,253.65,150,0,822150
NIFTY27OCT2217600PE.NFO,20/10/2022,09:29:02,253.9,253.15,50,253.5,50,0,822150
NIFTY27OCT2217600PE.NFO,20/10/2022,09:29:04,252.15,252.05,50,252.5,150,150,822150
NIFTY27OCT2217600PE.NFO,20/10/2022,09:29:06,251.4,250.9,400,251.65,250,600,822150
NIFTY27OCT2217600PE.NFO,20/10/2022,09:29:07,251.4,252.3,550,253,300,0,822150
NIFTY27OCT2217600PE.NFO,20/10/2022,09:29:09,251.4,252.6,200,253,300,0,822150
NIFTY27OCT2217600PE.NFO,20/10/2022,09:29:11,252.45,253.1,100,253.8,350,400,822150
NIFTY27OCT2217600PE.NFO,20/10/2022,09:29:12,252.45,252.8,1100,253.55,400,0,822150
NIFTY27OCT2217600PE.NFO,20/10/2022,09:29:14,252.45,254.1,650,254.65,100,0,822150
NIFTY27OCT2217600PE.NFO,20/10/2022,09:29:16,254.65,253.25,50,253.9,50,250,822150
NIFTY27OCT2217600PE.NFO,20/10/2022,09:29:17,254.65,253.2,950,253.95,100,0,822150
NIFTY27OCT2217600PE.NFO,20/10/2022,09:29:19,254.65,253.7,50,254.4,400,0,822150
NIFTY27OCT2217600PE.NFO,20/10/2022,09:29:21,253.35,253,1000,253.65,50,100,822150
NIFTY27OCT2217600PE.NFO,20/10/2022,09:29:22,254.55,254.15,50,254.65,50,50,822150
NIFTY27OCT2217600PE.NFO,20/10/2022,09:29:24,254.55,254.1,450,254.65,50,0,822150
NIFTY27OCT2217600PE.NFO,20/10/2022,09:29:26,254.65,254.8,50,255,400,50,822150
NIFTY27OCT2217600PE.NFO,20/10/2022,09:29:27,254.75,254.35,50,255,1000,100,822150
NIFTY27OCT2217600PE.NFO,20/10/2022,09:29:29,254.75,254.25,50,254.7,50,0,822150
NIFTY27OCT2217600PE.NFO,20/10/2022,09:29:31,254.4,254.1,550,254.7,50,50,822150
NIFTY27OCT2217600PE.NFO,20/10/2022,09:29:32,254.2,253.55,250,254.2,400,100,822150
NIFTY27OCT2217600PE.NFO,20/10/2022,09:29:34,254.2,254.15,50,254.9,150,0,822150
NIFTY27OCT2217600PE.NFO,20/10/2022,09:29:36,255,254.7,100,255.4,800,500,822150
NIFTY27OCT2217600PE.NFO,20/10/2022,09:29:37,255,254.7,100,255.35,50,0,822150
NIFTY27OCT2217600PE.NFO,20/10/2022,09:29:39,255,254.8,50,255.4,350,0,822150
NIFTY27OCT2217600PE.NFO,20/10/2022,09:29:41,255.1,254.7,100,255.15,700,50,825350
NIFTY27OCT2217600PE.NFO,20/10/2022,09:29:42,255.8,255.4,50,255.9,700,350,825350
NIFTY27OCT2217600PE.NFO,20/10/2022,09:29:44,255.35,255.2,350,255.8,350,550,825350
NIFTY27OCT2217600PE.NFO,20/10/2022,09:29:46,255.6,255.5,50,256.15,100,400,825350
NIFTY27OCT2217600PE.NFO,20/10/2022,09:29:47,256.25,255.8,50,256.5,1000,50,825350
NIFTY27OCT2217600PE.NFO,20/10/2022,09:29:49,255.9,255.95,300,256.7,650,150,825350
NIFTY27OCT2217600PE.NFO,20/10/2022,09:29:51,256.5,256,500,256.5,350,100,825350
NIFTY27OCT2217600PE.NFO,20/10/2022,09:29:52,257,257.3,200,257.8,350,100,825350
NIFTY27OCT2217600PE.NFO,20/10/2022,09:29:54,257.2,256.6,50,257.3,350,850,825350
NIFTY27OCT2217600PE.NFO,20/10/2022,09:29:56,258,258,300,258.7,350,850,825350
NIFTY27OCT2217600PE.NFO,20/10/2022,09:29:57,258.5,258.35,200,258.9,400,400,825350
NIFTY27OCT2217600PE.NFO,20/10/2022,09:29:59,258.5,257.95,350,258.6,400,50,825350
NIFTY27OCT2217600PE.NFO,20/10/2022,09:30:01,258.15,257.3,50,258,50,450,825350
NIFTY27OCT2217600PE.NFO,20/10/2022,09:30:02,258.35,257.35,600,257.95,50,200,825350
NIFTY27OCT2217600PE.NFO,20/10/2022,09:30:04,258.85,258.35,50,259.15,50,1600,825350
NIFTY27OCT2217600PE.NFO,20/10/2022,09:30:06,259.3,258.75,50,259.5,300,50,825350
NIFTY27OCT2217600PE.NFO,20/10/2022,09:30:07,258.45,258.6,250,259.35,50,250,825350
NIFTY27OCT2217600PE.NFO,20/10/2022,09:30:09,258.15,257.55,450,258.35,50,600,825350
NIFTY27OCT2217600PE.NFO,20/10/2022,09:30:11,257.5,258.5,650,259,900,150,825350
NIFTY27OCT2217600PE.NFO,20/10/2022,09:30:12,258.9,258.4,300,259,900,100,825350
NIFTY27OCT2217600PE.NFO,20/10/2022,09:30:14,258.25,257.6,200,258.3,50,1000,825350
NIFTY27OCT2217600PE.NFO,20/10/2022,09:30:16,258.35,257.55,50,258.2,700,150,825350
NIFTY27OCT2217600PE.NFO,20/10/2022,09:30:17,257.5,257.3,300,258.05,300,50,825350
NIFTY27OCT2217600PE.NFO,20/10/2022,09:30:19,259.1,257.65,100,258.55,50,100,825350
NIFTY27OCT2217600PE.NFO,20/10/2022,09:30:21,259.1,258.05,500,258.9,400,0,825350
NIFTY27OCT2217600PE.NFO,20/10/2022,09:30:22,259.1,258.65,50,259.1,50,0,825350
NIFTY27OCT2217600PE.NFO,20/10/2022,09:30:24,258.05,257.65,300,258.1,50,350,825350
NIFTY27OCT2217600PE.NFO,20/10/2022,09:30:26,257.7,257.5,100,258.35,400,1200,825350
NIFTY27OCT2217600PE.NFO,20/10/2022,09:30:27,257.6,257,50,257.5,200,350,825350
NIFTY27OCT2217600PE.NFO,20/10/2022,09:30:29,257.6,257.4,150,258.1,350,0,825350
NIFTY27OCT2217600PE.NFO,20/10/2022,09:30:31,257.6,257.55,100,258.35,200,0,825350
NIFTY27OCT2217600PE.NFO,20/10/2022,09:30:32,257.6,257.65,750,258.4,100,0,825350
NIFTY27OCT2217600PE.NFO,20/10/2022,09:30:34,257.65,256.85,750,257.5,50,3300,825350
NIFTY27OCT2217600PE.NFO,20/10/2022,09:30:36,257.2,256.95,50,257.85,500,1200,825350
NIFTY27OCT2217600PE.NFO,20/10/2022,09:30:37,256.5,256,150,256.8,450,950,825350
NIFTY27OCT2217600PE.NFO,20/10/2022,09:30:39,255,254.8,50,255.3,350,450,825350
NIFTY27OCT2217600PE.NFO,20/10/2022,09:30:41,254,254.1,800,254.95,450,750,825350
NIFTY27OCT2217600PE.NFO,20/10/2022,09:30:42,256,255.6,850,256.4,1000,150,825350
NIFTY27OCT2217600PE.NFO,20/10/2022,09:30:44,256.05,255.8,300,256.5,600,150,825350
NIFTY27OCT2217600PE.NFO,20/10/2022,09:30:46,255.8,256,200,256.5,200,50,825350
NIFTY27OCT2217600PE.NFO,20/10/2022,09:30:47,256.9,256.15,200,256.75,200,150,825350
NIFTY27OCT2217600PE.NFO,20/10/2022,09:30:49,256.3,256.25,100,256.95,400,550,825350
NIFTY27OCT2217600PE.NFO,20/10/2022,09:30:51,256.3,255.05,500,255.75,550,0,825350
NIFTY27OCT2217600PE.NFO,20/10/2022,09:30:52,256.3,255,50,255.7,700,0,825350
NIFTY27OCT2217600PE.NFO,20/10/2022,09:30:54,256.3,255.5,100,256.25,200,0,825350
NIFTY27OCT2217600PE.NFO,20/10/2022,09:30:56,256.3,255.35,200,255.9,1450,0,825350
NIFTY27OCT2217600PE.NFO,20/10/2022,09:30:57,256.3,255,50,255.55,400,0,825350
NIFTY27OCT2217600PE.NFO,20/10/2022,09:30:59,254.4,254.25,500,255,750,250,825350
NIFTY27OCT2217600PE.NFO,20/10/2022,09:31:01,254.4,255.05,100,255.85,450,0,825350
NIFTY27OCT2217600PE.NFO,20/10/2022,09:31:02,254.4,253.8,500,254.4,100,0,825350
NIFTY27OCT2217600PE.NFO,20/10/2022,09:31:04,254.4,254.6,100,255.25,50,0,825350
NIFTY27OCT2217600PE.NFO,20/10/2022,09:31:06,254.4,255.5,350,256.2,50,0,825350
NIFTY27OCT2217600PE.NFO,20/10/2022,09:31:07,257,256.35,50,256.95,50,50,825350
NIFTY27OCT2217600PE.NFO,20/10/2022,09:31:09,257,257.35,100,257.95,100,250,825350
NIFTY27OCT2217600PE.NFO,20/10/2022,09:31:11,258,257.5,100,258.15,400,50,825350
NIFTY27OCT2217600PE.NFO,20/10/2022,09:31:12,258.7,258.3,700,258.9,50,50,825350
NIFTY27OCT2217600PE.NFO,20/10/2022,09:31:14,259.5,259.3,350,259.7,50,1400,825350
NIFTY27OCT2217600PE.NFO,20/10/2022,09:31:16,259.5,259,100,259.7,50,0,825350
NIFTY27OCT2217600PE.NFO,20/10/2022,09:31:17,260.3,260.55,50,261.45,400,4350,825350
NIFTY27OCT2217600PE.NFO,20/10/2022,09:31:19,261.25,260.9,350,261.65,150,2150,825350
NIFTY27OCT2217600PE.NFO,20/10/2022,09:31:21,260,260.1,750,260.75,200,150,825350
NIFTY27OCT2217600PE.NFO,20/10/2022,09:31:22,261,261.25,500,261.9,200,50,825350
NIFTY27OCT2217600PE.NFO,20/10/2022,09:31:24,260.25,260.2,50,260.85,200,500,825350
NIFTY27OCT2217600PE.NFO,20/10/2022,09:31:26,260,260,350,260.75,100,250,825350
NIFTY27OCT2217600PE.NFO,20/10/2022,09:31:27,260,259.55,600,260.25,200,0,825350
NIFTY27OCT2217600PE.NFO,20/10/2022,09:31:29,260,258.5,1350,259.1,200,200,825350
NIFTY27OCT2217600PE.NFO,20/10/2022,09:31:31,260,259,550,259.65,200,0,825350
NIFTY27OCT2217600PE.NFO,20/10/2022,09:31:32,260.55,259.95,200,260.6,150,50,825350
NIFTY27OCT2217600PE.NFO,20/10/2022,09:31:34,259.95,259.5,100,260,150,200,825350
NIFTY27OCT2217600PE.NFO,20/10/2022,09:31:36,258.15,258.05,100,258.6,150,1250,825350
NIFTY27OCT2217600PE.NFO,20/10/2022,09:31:37,258.15,257.05,200,257.5,150,50,825350
NIFTY27OCT2217600PE.NFO,20/10/2022,09:31:39,257.45,257.5,200,258,200,550,825350
NIFTY27OCT2217600PE.NFO,20/10/2022,09:31:41,258.5,258.3,200,258.65,450,500,825350
NIFTY27OCT2217600PE.NFO,20/10/2022,09:31:42,259,258.05,200,258.7,400,50,825350
NIFTY27OCT2217600PE.NFO,20/10/2022,09:31:44,258.05,258.5,200,258.85,50,250,825350
NIFTY27OCT2217600PE.NFO,20/10/2022,09:31:46,259.6,259.15,200,259.7,750,800,825350
NIFTY27OCT2217600PE.NFO,20/10/2022,09:31:47,259.2,258.6,100,259.25,50,100,825350
NIFTY27OCT2217600PE.NFO,20/10/2022,09:31:49,259.2,258.55,50,258.95,50,0,825350
NIFTY27OCT2217600PE.NFO,20/10/2022,09:31:51,258.5,258.25,200,258.95,500,200,825350
NIFTY27OCT2217600PE.NFO,20/10/2022,09:31:52,258.5,258.3,200,258.9,50,0,825350
NIFTY27OCT2217600PE.NFO,20/10/2022,09:31:54,258.9,260.65,150,261.4,1100,50,825350
NIFTY27OCT2217600PE.NFO,20/10/2022,09:31:56,258.9,260.35,100,261.05,50,0,825350
NIFTY27OCT2217600PE.NFO,20/10/2022,09:31:57,258.9,258,150,258.75,50,0,825350
NIFTY27OCT2217600PE.NFO,20/10/2022,09:31:59,258.8,258,750,258.75,100,550,825350
NIFTY27OCT2217600PE.NFO,20/10/2022,09:32:01,260,259.4,50,260,50,150,825350
NIFTY27OCT2217600PE.NFO,20/10/2022,09:32:02,260.2,259.8,400,260.6,400,1000,825350
NIFTY27OCT2217600PE.NFO,20/10/2022,09:32:04,260.2,260.25,100,261,550,0,825350
NIFTY27OCT2217600PE.NFO,20/10/2022,09:32:06,260.3,260,50,260.85,50,200,825350
NIFTY27OCT2217600PE.NFO,20/10/2022,09:32:07,260.6,260.4,100,261,350,50,825350
NIFTY27OCT2217600PE.NFO,20/10/2022,09:32:09,261.2,260.25,250,260.9,350,150,825350
NIFTY27OCT2217600PE.NFO,20/10/2022,09:32:11,260.45,260.5,50,261,350,1400,825350
NIFTY27OCT2217600PE.NFO,20/10/2022,09:32:12,260.65,260.65,50,261.3,350,100,825350
NIFTY27OCT2217600PE.NFO,20/10/2022,09:32:14,260.65,260.6,250,261.3,350,0,825350
NIFTY27OCT2217600PE.NFO,20/10/2022,09:32:16,261.45,261.35,50,261.8,950,50,825350
NIFTY27OCT2217600PE.NFO,20/10/2022,09:32:17,261,260.85,150,261.6,1050,1850,825350
NIFTY27OCT2217600PE.NFO,20/10/2022,09:32:19,261.4,261.05,100,261.6,950,350,825350
NIFTY27OCT2217600PE.NFO,20/10/2022,09:32:21,261.2,260.75,50,261.4,400,1100,825350
NIFTY27OCT2217600PE.NFO,20/10/2022,09:32:22,261.2,260.5,50,260.95,50,1050,825350
NIFTY27OCT2217600PE.NFO,20/10/2022,09:32:24,260.5,260,600,260.75,400,50,825350
NIFTY27OCT2217600PE.NFO,20/10/2022,09:32:26,260,260.4,50,261,150,50,825350
NIFTY27OCT2217600PE.NFO,20/10/2022,09:32:27,261,260.45,100,261.2,800,300,825350
NIFTY27OCT2217600PE.NFO,20/10/2022,09:32:29,260.35,260.6,450,261.35,100,150,825350
NIFTY27OCT2217600PE.NFO,20/10/2022,09:32:30,260.55,260.5,250,261.1,400,100,825350
NIFTY27OCT2217600PE.NFO,20/10/2022,09:32:32,261.4,260.8,450,261.5,550,300,825350
NIFTY27OCT2217600PE.NFO,20/10/2022,09:32:34,261.35,260.75,950,261.4,100,200,825350
NIFTY27OCT2217600PE.NFO,20/10/2022,09:32:35,261.35,260.8,50,261.2,350,0,825350
NIFTY27OCT2217600PE.NFO,20/10/2022,09:32:37,259.6,260.4,200,261.2,50,350,825350
NIFTY27OCT2217600PE.NFO,20/10/2022,09:32:39,262,261.55,50,262.35,550,600,825350
NIFTY27OCT2217600PE.NFO,20/10/2022,09:32:40,263.65,263.35,200,264,100,750,823900
NIFTY27OCT2217600PE.NFO,20/10/2022,09:32:42,263.65,262.45,50,263.25,50,0,823900
NIFTY27OCT2217600PE.NFO,20/10/2022,09:32:44,262.5,262.25,50,263,800,350,823900
NIFTY27OCT2217600PE.NFO,20/10/2022,09:32:45,262.35,261.9,50,262.55,50,100,823900
NIFTY27OCT2217600PE.NFO,20/10/2022,09:32:47,263.1,263,50,263.75,50,50,823900
NIFTY27OCT2217600PE.NFO,20/10/2022,09:32:49,263.6,262.8,50,263.55,250,100,823900
NIFTY27OCT2217600PE.NFO,20/10/2022,09:32:50,262.5,262.6,50,263.4,750,150,823900
NIFTY27OCT2217600PE.NFO,20/10/2022,09:32:52,262.5,262.15,50,262.55,50,0,823900
NIFTY27OCT2217600PE.NFO,20/10/2022,09:32:54,262.8,262.2,100,262.8,350,100,823900
NIFTY27OCT2217600PE.NFO,20/10/2022,09:32:55,261.9,261.8,900,262.45,50,550,823900
NIFTY27OCT2217600PE.NFO,20/10/2022,09:32:57,262.75,262.05,50,262.75,50,100,823900
NIFTY27OCT2217600PE.NFO,20/10/2022,09:32:59,262.75,262.4,150,263.05,50,0,823900
NIFTY27OCT2217600PE.NFO,20/10/2022,09:33:00,262.75,262.9,200,263.5,750,0,823900
NIFTY27OCT2217600PE.NFO,20/10/2022,09:33:02,262.6,261.7,450,262.55,450,650,823900
NIFTY27OCT2217600PE.NFO,20/10/2022,09:33:04,262.9,262.1,50,262.95,750,200,823900
NIFTY27OCT2217600PE.NFO,20/10/2022,09:33:05,262.8,262.85,50,263.5,200,350,823900
NIFTY27OCT2217600PE.NFO,20/10/2022,09:33:07,262,262.5,50,263.15,100,200,823900
NIFTY27OCT2217600PE.NFO,20/10/2022,09:33:09,262.45,262.5,200,263.25,400,150,823900
NIFTY27OCT2217600PE.NFO,20/10/2022,09:33:10,262.6,262.65,550,263,50,2050,823900
NIFTY27OCT2217600PE.NFO,20/10/2022,09:33:12,263,262.65,200,263.45,50,250,823900
NIFTY27OCT2217600PE.NFO,20/10/2022,09:33:14,262.95,262.75,200,263.5,450,200,823900
NIFTY27OCT2217600PE.NFO,20/10/2022,09:33:15,262.95,262.6,800,263.45,550,0,823900
NIFTY27OCT2217600PE.NFO,20/10/2022,09:33:17,262.95,262.4,200,263.05,300,0,823900
NIFTY27OCT2217600PE.NFO,20/10/2022,09:33:19,262.95,262.6,200,263.3,50,0,823900
NIFTY27OCT2217600PE.NFO,20/10/2022,09:33:20,263,262.7,300,263.5,750,100,823900
NIFTY27OCT2217600PE.NFO,20/10/2022,09:33:22,262.95,262.65,200,263.45,50,250,823900
NIFTY27OCT2217600PE.NFO,20/10/2022,09:33:24,263.45,262.55,50,263.35,400,50,823900
NIFTY27OCT2217600PE.NFO,20/10/2022,09:33:25,263.5,262.9,100,263.5,150,50,823900
NIFTY27OCT2217600PE.NFO,20/10/2022,09:33:27,263.6,263.5,50,264,1250,900,823900
NIFTY27OCT2217600PE.NFO,20/10/2022,09:33:29,263.25,263.75,50,264,300,850,823900
NIFTY27OCT2217600PE.NFO,20/10/2022,09:33:30,263.65,263.45,1450,264,50,650,823900
NIFTY27OCT2217600PE.NFO,20/10/2022,09:33:32,263.5,263.7,50,264,50,50,823900
NIFTY27OCT2217600PE.NFO,20/10/2022,09:33:34,264.2,264.15,50,264.25,50,400,823900
NIFTY27OCT2217600PE.NFO,20/10/2022,09:33:35,263.15,263.6,50,264.2,350,1950,823900
NIFTY27OCT2217600PE.NFO,20/10/2022,09:33:37,263.6,263.7,600,264.4,350,200,823900
NIFTY27OCT2217600PE.NFO,20/10/2022,09:33:39,263.65,263.6,350,264.45,150,50,823900
NIFTY27OCT2217600PE.NFO,20/10/2022,09:33:40,264.5,264.5,1800,264.95,50,300,823900
NIFTY27OCT2217600PE.NFO,20/10/2022,09:33:42,265,264.6,50,265,150,800,823900
NIFTY27OCT2217600PE.NFO,20/10/2022,09:33:44,264.95,265,50,265.3,350,650,823900
NIFTY27OCT2217600PE.NFO,20/10/2022,09:33:45,265,264.95,50,265.3,350,150,823900
NIFTY27OCT2217600PE.NFO,20/10/2022,09:33:47,265.65,265.3,1000,265.4,350,1650,823900
NIFTY27OCT2217600PE.NFO,20/10/2022,09:33:49,265.3,265,1750,265.05,350,1050,823900
NIFTY27OCT2217600PE.NFO,20/10/2022,09:33:51,265,264.2,50,264.6,450,2100,823900
NIFTY27OCT2217600PE.NFO,20/10/2022,09:33:52,264.5,263.55,50,263.95,250,1500,823900
NIFTY27OCT2217600PE.NFO,20/10/2022,09:33:54,264.3,264.35,400,265.05,50,150,823900
NIFTY27OCT2217600PE.NFO,20/10/2022,09:33:56,264.1,264,700,264.6,50,100,823900
NIFTY27OCT2217600PE.NFO,20/10/2022,09:33:57,264.1,264.35,50,264.8,50,0,823900
NIFTY27OCT2217600PE.NFO,20/10/2022,09:33:59,264,264.35,50,264.95,100,50,823900
NIFTY27OCT2217600PE.NFO,20/10/2022,09:34:01,264.9,265.05,50,265.65,250,50,823900
NIFTY27OCT2217600PE.NFO,20/10/2022,09:34:02,265.05,265.2,50,265.65,350,50,823900
NIFTY27OCT2217600PE.NFO,20/10/2022,09:34:04,265.2,265.5,50,265.85,150,350,823900
NIFTY27OCT2217600PE.NFO,20/10/2022,09:34:06,266,265.2,100,265.95,50,100,823900
NIFTY27OCT2217600PE.NFO,20/10/2022,09:34:07,266,265.15,400,265.8,350,0,823900
NIFTY27OCT2217600PE.NFO,20/10/2022,09:34:09,265.25,265,1800,265.8,350,150,823900
NIFTY27OCT2217600PE.NFO,20/10/2022,09:34:11,265.05,265.15,400,265.9,100,200,823900
NIFTY27OCT2217600PE.NFO,20/10/2022,09:34:12,265.95,265.35,100,265.9,350,650,823900
NIFTY27OCT2217600PE.NFO,20/10/2022,09:34:14,266.15,265.4,400,266.2,350,1500,823900
NIFTY27OCT2217600PE.NFO,20/10/2022,09:34:16,265.9,265.35,50,266,800,250,823900
NIFTY27OCT2217600PE.NFO,20/10/2022,09:34:17,266.2,265.65,850,266.25,150,1050,823900
NIFTY27OCT2217600PE.NFO,20/10/2022,09:34:19,266,265.9,850,266.4,400,250,823900
NIFTY27OCT2217600PE.NFO,20/10/2022,09:34:21,265.95,265.9,850,266.5,350,50,823900
NIFTY27OCT2217600PE.NFO,20/10/2022,09:34:22,265.25,265.15,600,266.1,350,900,823900
NIFTY27OCT2217600PE.NFO,20/10/2022,09:34:24,266,265.4,700,265.95,50,150,823900
NIFTY27OCT2217600PE.NFO,20/10/2022,09:34:26,265.05,265.1,500,265.7,50,50,823900
NIFTY27OCT2217600PE.NFO,20/10/2022,09:34:27,264.05,264,150,264.4,500,350,823900
NIFTY27OCT2217600PE.NFO,20/10/2022,09:34:29,265.35,264.65,400,265.35,50,400,823900
NIFTY27OCT2217600PE.NFO,20/10/2022,09:34:31,265.6,264.9,50,265.55,50,500,823900
NIFTY27OCT2217600PE.NFO,20/10/2022,09:34:32,265.6,265.35,50,266,3300,250,823900
NIFTY27OCT2217600PE.NFO,20/10/2022,09:34:34,265.8,265.7,400,266.4,450,950,823900
NIFTY27OCT2217600PE.NFO,20/10/2022,09:34:36,265.8,265.6,50,266.2,350,0,823900
NIFTY27OCT2217600PE.NFO,20/10/2022,09:34:37,265.3,265.05,50,265.8,350,250,823900
NIFTY27OCT2217600PE.NFO,20/10/2022,09:34:39,265.3,265.1,550,265.8,400,0,823900
NIFTY27OCT2217600PE.NFO,20/10/2022,09:34:41,265.4,265.25,50,265.65,50,500,823900
NIFTY27OCT2217600PE.NFO,20/10/2022,09:34:42,265.15,265.6,50,265.65,50,200,823900
NIFTY27OCT2217600PE.NFO,20/10/2022,09:34:44,265.6,264.8,50,265.4,400,100,823900
NIFTY27OCT2217600PE.NFO,20/10/2022,09:34:46,265.65,264.65,100,265.35,50,3800,823900
NIFTY27OCT2217600PE.NFO,20/10/2022,09:34:47,265.65,264.9,400,265.6,400,0,823900
NIFTY27OCT2217600PE.NFO,20/10/2022,09:34:49,265.55,264.8,50,265.5,600,50,823900
NIFTY27OCT2217600PE.NFO,20/10/2022,09:34:51,265.5,265.45,50,265.8,50,50,823900
NIFTY27OCT2217600PE.NFO,20/10/2022,09:34:52,265.5,265.5,50,265.8,50,0,823900
NIFTY27OCT2217600PE.NFO,20/10/2022,09:34:54,265.45,264.75,50,265.45,100,800,823900
NIFTY27OCT2217600PE.NFO,20/10/2022,09:34:56,263.95,263.4,600,264,350,250,823900
NIFTY27OCT2217600PE.NFO,20/10/2022,09:34:57,263.95,263.45,400,264.2,350,0,823900
NIFTY27OCT2217600PE.NFO,20/10/2022,09:34:59,264.6,263.95,50,264.45,50,200,823900
NIFTY27OCT2217600PE.NFO,20/10/2022,09:35:01,264.4,264.6,450,265,50,100,823900
NIFTY27OCT2217600PE.NFO,20/10/2022,09:35:02,264.4,264.7,100,265,50,0,823900
NIFTY27OCT2217600PE.NFO,20/10/2022,09:35:04,264.6,264.65,50,265.4,400,350,823900
NIFTY27OCT2217600PE.NFO,20/10/2022,09:35:06,264.6,265.3,50,265.5,50,0,823900
NIFTY27OCT2217600PE.NFO,20/10/2022,09:35:07,265.5,264.85,50,265.3,350,150,823900
NIFTY27OCT2217600PE.NFO,20/10/2022,09:35:09,264.85,264.2,50,264.8,350,50,823900
NIFTY27OCT2217600PE.NFO,20/10/2022,09:35:11,264.5,264.05,200,264.75,100,50,823900
NIFTY27OCT2217600PE.NFO,20/10/2022,09:35:12,263.05,263.65,300,264.3,350,2050,823900
NIFTY27OCT2217600PE.NFO,20/10/2022,09:35:14,263.05,263.3,50,263.75,100,0,823900
NIFTY27OCT2217600PE.NFO,20/10/2022,09:35:16,263.3,263.75,50,264.4,350,700,823900
NIFTY27OCT2217600PE.NFO,20/10/2022,09:35:17,264.1,264,1100,264.7,350,50,823900
NIFTY27OCT2217600PE.NFO,20/10/2022,09:35:19,264.6,264.05,50,264.7,350,50,823900
NIFTY27OCT2217600PE.NFO,20/10/2022,09:35:21,264.6,264.65,500,264.9,350,0,823900
NIFTY27OCT2217600PE.NFO,20/10/2022,09:35:22,264.5,264.55,100,265,700,50,823900
NIFTY27OCT2217600PE.NFO,20/10/2022,09:35:24,264.5,264.2,500,264.25,50,0,823900
NIFTY27OCT2217600PE.NFO,20/10/2022,09:35:26,264.1,263.9,50,264.6,850,850,823900
NIFTY27OCT2217600PE.NFO,20/10/2022,09:35:27,264.1,264.15,500,264.55,250,0,823900
NIFTY27OCT2217600PE.NFO,20/10/2022,09:35:29,264.55,263.55,50,264.1,350,500,823900
NIFTY27OCT2217600PE.NFO,20/10/2022,09:35:31,264.55,264.05,50,264.6,350,0,823900
NIFTY27OCT2217600PE.NFO,20/10/2022,09:35:32,264,263.3,550,264,600,600,823900
NIFTY27OCT2217600PE.NFO,20/10/2022,09:35:34,262.7,263.55,50,264.15,50,150,823900
NIFTY27OCT2217600PE.NFO,20/10/2022,09:35:36,264,263.2,600,263.85,400,100,823900
NIFTY27OCT2217600PE.NFO,20/10/2022,09:35:37,264,262.5,550,263.2,350,0,823900
NIFTY27OCT2217600PE.NFO,20/10/2022,09:35:39,262.5,262.35,350,262.6,350,550,823900
NIFTY27OCT2217600PE.NFO,20/10/2022,09:35:41,262.5,262.75,50,263,350,0,823900
NIFTY27OCT2217600PE.NFO,20/10/2022,09:35:42,262.3,262.35,300,262.9,350,1900,820900
NIFTY27OCT2217600PE.NFO,20/10/2022,09:35:44,262.2,262.7,250,263.35,500,650,820900
NIFTY27OCT2217600PE.NFO,20/10/2022,09:35:46,262.25,262.6,50,263.1,350,150,820900
NIFTY27OCT2217600PE.NFO,20/10/2022,09:35:47,263.1,263.05,50,263.6,350,250,820900
NIFTY27OCT2217600PE.NFO,20/10/2022,09:35:49,263.1,263,100,263.6,350,0,820900
NIFTY27OCT2217600PE.NFO,20/10/2022,09:35:51,262.55,262.6,100,263.3,600,500,820900
NIFTY27OCT2217600PE.NFO,20/10/2022,09:35:52,262.55,263.05,50,263.5,350,0,820900
NIFTY27OCT2217600PE.NFO,20/10/2022,09:35:54,263.05,262.9,100,263.5,350,350,820900
NIFTY27OCT2217600PE.NFO,20/10/2022,09:35:56,263.05,263.15,50,263.7,350,0,820900
NIFTY27OCT2217600PE.NFO,20/10/2022,09:35:57,264,263.5,250,264,250,300,820900
NIFTY27OCT2217600PE.NFO,20/10/2022,09:35:59,263.05,263.15,50,263.6,350,100,820900
NIFTY27OCT2217600PE.NFO,20/10/2022,09:36:01,263.55,263.45,450,264,600,50,820900
NIFTY27OCT2217600PE.NFO,20/10/2022,09:36:02,263.55,263.5,100,264,250,0,820900
NIFTY27OCT2217600PE.NFO,20/10/2022,09:36:04,264.3,263.75,50,264.5,350,400,820900
NIFTY27OCT2217600PE.NFO,20/10/2022,09:36:06,264.7,264.25,100,264.8,350,200,820900
NIFTY27OCT2217600PE.NFO,20/10/2022,09:36:07,264.05,263.45,1250,264.1,100,200,820900
NIFTY27OCT2217600PE.NFO,20/10/2022,09:36:09,264.3,264.25,50,264.5,350,50,820900
NIFTY27OCT2217600PE.NFO,20/10/2022,09:36:11,264.8,264.3,100,264.9,350,50,820900
NIFTY27OCT2217600PE.NFO,20/10/2022,09:36:12,264.8,264.75,50,265,700,200,820900
NIFTY27OCT2217600PE.NFO,20/10/2022,09:36:14,264.8,264.4,50,265,50,450,820900
NIFTY27OCT2217600PE.NFO,20/10/2022,09:36:16,264.3,263.95,200,264.55,400,200,820900
NIFTY27OCT2217600PE.NFO,20/10/2022,09:36:17,264.3,264.25,50,264.7,350,0,820900
NIFTY27OCT2217600PE.NFO,20/10/2022,09:36:19,264.7,264,750,264.6,350,100,820900
NIFTY27OCT2217600PE.NFO,20/10/2022,09:36:21,264.7,264.3,50,264.6,350,0,820900
NIFTY27OCT2217600PE.NFO,20/10/2022,09:36:22,264.6,264.25,50,264.9,350,50,820900
NIFTY27OCT2217600PE.NFO,20/10/2022,09:36:24,264.4,263.75,200,264.25,50,100,820900
NIFTY27OCT2217600PE.NFO,20/10/2022,09:36:26,264.05,264.05,50,264.1,50,350,820900
NIFTY27OCT2217600PE.NFO,20/10/2022,09:36:27,263.05,263,50,263.55,500,200,820900
NIFTY27OCT2217600PE.NFO,20/10/2022,09:36:29,263.55,263,50,263.2,400,150,820900
NIFTY27OCT2217600PE.NFO,20/10/2022,09:36:31,262.95,262.5,150,263,350,150,820900
NIFTY27OCT2217600PE.NFO,20/10/2022,09:36:32,262.6,262.25,50,262.85,150,50,820900
NIFTY27OCT2217600PE.NFO,20/10/2022,09:36:34,262.6,261,150,261.75,100,0,820900
NIFTY27OCT2217600PE.NFO,20/10/2022,09:36:36,261,261.3,400,261.9,350,150,820900
NIFTY27OCT2217600PE.NFO,20/10/2022,09:36:37,261,260.7,400,261.35,50,0,820900
NIFTY27OCT2217600PE.NFO,20/10/2022,09:36:39,261,261,450,261.8,350,3700,820900
NIFTY27OCT2217600PE.NFO,20/10/2022,09:36:41,261.1,260.95,150,261.65,50,300,820900
NIFTY27OCT2217600PE.NFO,20/10/2022,09:36:42,261.3,261.4,50,262,400,350,820900
NIFTY27OCT2217600PE.NFO,20/10/2022,09:36:44,261.3,260.75,400,261.5,350,0,820900
NIFTY27OCT2217600PE.NFO,20/10/2022,09:36:46,261.4,260.55,700,261.25,400,250,820900
NIFTY27OCT2217600PE.NFO,20/10/2022,09:36:47,261.4,260.5,50,261.1,750,0,820900
NIFTY27OCT2217600PE.NFO,20/10/2022,09:36:49,260,260,1150,260.4,350,150,820900
NIFTY27OCT2217600PE.NFO,20/10/2022,09:36:51,260.1,259.6,750,260.2,450,1500,820900
NIFTY27OCT2217600PE.NFO,20/10/2022,09:36:52,259,258.95,200,259.7,350,100,820900
NIFTY27OCT2217600PE.NFO,20/10/2022,09:36:54,258.7,258.75,500,259.45,150,150,820900
NIFTY27OCT2217600PE.NFO,20/10/2022,09:36:56,259.15,258.8,50,259.25,400,250,820900
NIFTY27OCT2217600PE.NFO,20/10/2022,09:36:57,259.15,258.1,1600,258.9,450,0,820900
NIFTY27OCT2217600PE.NFO,20/10/2022,09:36:59,257.95,257.8,800,258.65,550,800,820900
NIFTY27OCT2217600PE.NFO,20/10/2022,09:37:01,257.4,257.1,700,258,950,300,820900
NIFTY27OCT2217600PE.NFO,20/10/2022,09:37:02,256.95,257,50,257.55,400,200,820900
NIFTY27OCT2217600PE.NFO,20/10/2022,09:37:04,257.95,256.85,550,257.5,400,50,820900
NIFTY27OCT2217600PE.NFO,20/10/2022,09:37:06,256.35,256.55,1100,257.35,400,100,820900
NIFTY27OCT2217600PE.NFO,20/10/2022,09:37:07,255.9,255.75,600,256.45,50,250,820900
NIFTY27OCT2217600PE.NFO,20/10/2022,09:37:09,255.9,256.7,50,257.35,400,0,820900
NIFTY27OCT2217600PE.NFO,20/10/2022,09:37:11,255.9,256.35,550,257.05,50,0,820900
NIFTY27OCT2217600PE.NFO,20/10/2022,09:37:12,257.5,256.95,100,257.7,1300,150,820900
NIFTY27OCT2217600PE.NFO,20/10/2022,09:37:14,257.5,256.95,100,257.55,400,0,820900
NIFTY27OCT2217600PE.NFO,20/10/2022,09:37:16,257.5,257.05,50,257.75,450,0,820900
NIFTY27OCT2217600PE.NFO,20/10/2022,09:37:17,256.75,256.1,100,256.75,450,300,820900
NIFTY27OCT2217600PE.NFO,20/10/2022,09:37:19,256.35,256.05,50,256.75,50,150,820900
NIFTY27OCT2217600PE.NFO,20/10/2022,09:37:21,256,255.6,550,256.3,350,950,820900
NIFTY27OCT2217600PE.NFO,20/10/2022,09:37:22,256,256.35,50,256.9,350,0,820900
NIFTY27OCT2217600PE.NFO,20/10/2022,09:37:24,255.9,255.45,250,256.1,400,50,820900
NIFTY27OCT2217600PE.NFO,20/10/2022,09:37:26,255.9,255.5,50,256.1,450,0,820900
NIFTY27OCT2217600PE.NFO,20/10/2022,09:37:27,257.35,257.35,50,257.9,850,550,820900
NIFTY27OCT2217600PE.NFO,20/10/2022,09:37:29,259,259.7,50,260.35,200,100,820900
NIFTY27OCT2217600PE.NFO,20/10/2022,09:37:31,259,259.1,50,259.75,100,0,820900
NIFTY27OCT2217600PE.NFO,20/10/2022,09:37:32,258.95,257.55,50,258.4,850,200,820900
NIFTY27OCT2217600PE.NFO,20/10/2022,09:37:34,258.95,258.2,50,258.85,50,0,820900
NIFTY27OCT2217600PE.NFO,20/10/2022,09:37:36,258.95,258.65,50,259.2,350,0,820900
NIFTY27OCT2217600PE.NFO,20/10/2022,09:37:37,258.95,258.9,50,259.6,1450,0,820900
NIFTY27OCT2217600PE.NFO,20/10/2022,09:37:39,258.95,259.25,50,259.9,350,0,820900
NIFTY27OCT2217600PE.NFO,20/10/2022,09:37:41,259.5,259.3,100,260.05,200,150,820900
NIFTY27OCT2217600PE.NFO,20/10/2022,09:37:42,259.5,258.95,50,259.45,50,0,820900
NIFTY27OCT2217600PE.NFO,20/10/2022,09:37:44,259.5,258.9,100,259.55,350,150,820900
NIFTY27OCT2217600PE.NFO,20/10/2022,09:37:46,258.85,258.9,400,259.65,600,250,820900
NIFTY27OCT2217600PE.NFO,20/10/2022,09:37:47,258.85,258.8,1250,259.55,50,0,820900
NIFTY27OCT2217600PE.NFO,20/10/2022,09:37:49,258.85,258.75,550,259.4,350,0,820900
NIFTY27OCT2217600PE.NFO,20/10/2022,09:37:51,258.85,258.7,100,259.4,150,0,820900
NIFTY27OCT2217600PE.NFO,20/10/2022,09:37:52,259.3,258.65,50,259.05,350,50,820900
NIFTY27OCT2217600PE.NFO,20/10/2022,09:37:54,259.2,258.7,100,259.2,350,50,820900
NIFTY27OCT2217600PE.NFO,20/10/2022,09:37:56,259.2,257.25,50,257.5,600,0,820900
NIFTY27OCT2217600PE.NFO,20/10/2022,09:37:57,259.2,256.3,400,256.9,100,0,820900
NIFTY27OCT2217600PE.NFO,20/10/2022,09:37:59,259.2,256.8,800,257.5,350,0,820900
NIFTY27OCT2217600PE.NFO,20/10/2022,09:38:01,257,256.9,50,257.45,350,50,820900
NIFTY27OCT2217600PE.NFO,20/10/2022,09:38:02,258,258.85,50,259.45,100,100,820900
NIFTY27OCT2217600PE.NFO,20/10/2022,09:38:04,258,258.8,50,259.5,350,0,820900
NIFTY27OCT2217600PE.NFO,20/10/2022,09:38:06,258.6,257.95,500,258.7,50,150,820900
NIFTY27OCT2217600PE.NFO,20/10/2022,09:38:07,259.65,259.5,500,260.45,200,150,820900
NIFTY27OCT2217600PE.NFO,20/10/2022,09:38:09,259.65,259.5,200,260.1,350,0,820900
NIFTY27OCT2217600PE.NFO,20/10/2022,09:38:11,259.65,259.5,400,260.05,50,0,820900
NIFTY27OCT2217600PE.NFO,20/10/2022,09:38:12,258.75,258.75,50,259.25,50,100,820900
NIFTY27OCT2217600PE.NFO,20/10/2022,09:38:14,259.6,259.1,50,259.65,50,50,820900
NIFTY27OCT2217600PE.NFO,20/10/2022,09:38:16,259.6,260,100,260.7,700,150,820900
NIFTY27OCT2217600PE.NFO,20/10/2022,09:38:17,259.6,260.65,150,261,50,0,820900
NIFTY27OCT2217600PE.NFO,20/10/2022,09:38:19,260.65,259.9,50,260.05,50,50,820900
NIFTY27OCT2217600PE.NFO,20/10/2022,09:38:21,260.65,259.8,150,260.3,50,0,820900
NIFTY27OCT2217600PE.NFO,20/10/2022,09:38:22,260.5,260.25,50,260.7,900,100,820900
NIFTY27OCT2217600PE.NFO,20/10/2022,09:38:24,260.5,260.4,50,260.9,350,0,820900
NIFTY27OCT2217600PE.NFO,20/10/2022,09:38:26,260.75,260.15,150,260.75,300,50,820900
NIFTY27OCT2217600PE.NFO,20/10/2022,09:38:27,260.75,260.2,50,260.9,400,0,820900
NIFTY27OCT2217600PE.NFO,20/10/2022,09:38:29,260.45,260,300,260.45,50,50,820900
NIFTY27OCT2217600PE.NFO,20/10/2022,09:38:31,259.75,259.65,600,260.45,50,500,820900
NIFTY27OCT2217600PE.NFO,20/10/2022,09:38:32,260,259.55,50,259.95,50,50,820900
NIFTY27OCT2217600PE.NFO,20/10/2022,09:38:34,260.4,260.65,50,261,100,50,820900
NIFTY27OCT2217600PE.NFO,20/10/2022,09:38:36,261,261,50,261.25,1050,100,820900
NIFTY27OCT2217600PE.NFO,20/10/2022,09:38:37,260.7,260.65,50,261,300,250,820900
NIFTY27OCT2217600PE.NFO,20/10/2022,09:38:39,260.75,260,50,260.65,100,600,824850
NIFTY27OCT2217600PE.NFO,20/10/2022,09:38:41,260,259.85,50,260.6,450,50,824850
NIFTY27OCT2217600PE.NFO,20/10/2022,09:38:42,260,259.85,100,260.6,350,0,824850
NIFTY27OCT2217600PE.NFO,20/10/2022,09:38:44,260.2,260,100,260.65,100,150,824850
NIFTY27OCT2217600PE.NFO,20/10/2022,09:38:46,260.65,260.1,50,260.7,900,100,824850
NIFTY27OCT2217600PE.NFO,20/10/2022,09:38:47,260.65,260.5,50,260.65,150,0,824850
NIFTY27OCT2217600PE.NFO,20/10/2022,09:38:49,260.25,260.25,50,260.75,50,250,824850
NIFTY27OCT2217600PE.NFO,20/10/2022,09:38:51,260.8,260.25,50,260.75,150,150,824850
NIFTY27OCT2217600PE.NFO,20/10/2022,09:38:52,259.65,259.6,150,260.3,100,50,824850
NIFTY27OCT2217600PE.NFO,20/10/2022,09:38:54,259.65,259.85,50,260.4,50,0,824850
NIFTY27OCT2217600PE.NFO,20/10/2022,09:38:56,260.65,259.7,100,260.4,450,50,824850
NIFTY27OCT2217600PE.NFO,20/10/2022,09:38:57,260.1,260.55,100,261.15,100,50,824850
NIFTY27OCT2217600PE.NFO,20/10/2022,09:38:59,262,262.2,100,262.95,50,50,824850
NIFTY27OCT2217600PE.NFO,20/10/2022,09:39:01,263,263.45,50,263.95,150,100,824850
NIFTY27OCT2217600PE.NFO,20/10/2022,09:39:02,262.85,262.3,50,263,1200,100,824850
NIFTY27OCT2217600PE.NFO,20/10/2022,09:39:04,262,261.1,250,261.8,300,50,824850
NIFTY27OCT2217600PE.NFO,20/10/2022,09:39:06,261.4,260.35,50,260.9,100,100,824850
NIFTY27OCT2217600PE.NFO,20/10/2022,09:39:07,261.4,260.9,400,261.65,150,0,824850
NIFTY27OCT2217600PE.NFO,20/10/2022,09:39:09,261.4,261.1,50,261.65,50,0,824850
NIFTY27OCT2217600PE.NFO,20/10/2022,09:39:11,261.7,261.8,550,262.6,400,50,824850
NIFTY27OCT2217600PE.NFO,20/10/2022,09:39:12,261.7,261.55,50,262.3,100,0,824850
NIFTY27OCT2217600PE.NFO,20/10/2022,09:39:14,262.3,261.9,350,262.7,100,50,824850
NIFTY27OCT2217600PE.NFO,20/10/2022,09:39:16,261.75,261.55,50,262.15,100,250,824850
NIFTY27OCT2217600PE.NFO,20/10/2022,09:39:17,261.75,261.55,50,262.2,50,0,824850
NIFTY27OCT2217600PE.NFO,20/10/2022,09:39:19,262.4,261.95,50,262.65,100,50,824850
NIFTY27OCT2217600PE.NFO,20/10/2022,09:39:21,262.65,261.9,400,262.65,50,100,824850
NIFTY27OCT2217600PE.NFO,20/10/2022,09:39:22,262.65,261.75,100,262.55,150,0,824850
NIFTY27OCT2217600PE.NFO,20/10/2022,09:39:24,262.65,261.55,50,262.15,250,0,824850
NIFTY27OCT2217600PE.NFO,20/10/2022,09:39:26,262.65,261.55,50,261.8,50,0,824850
NIFTY27OCT2217600PE.NFO,20/10/2022,09:39:27,261.75,261.55,50,261.8,100,50,824850
NIFTY27OCT2217600PE.NFO,20/10/2022,09:39:29,261.75,261.8,50,262.35,1000,0,824850
NIFTY27OCT2217600PE.NFO,20/10/2022,09:39:31,261.8,261.55,50,261.65,50,50,824850
NIFTY27OCT2217600PE.NFO,20/10/2022,09:39:32,261.55,260.85,100,261.55,700,50,824850
NIFTY27OCT2217600PE.NFO,20/10/2022,09:39:34,260,259,100,259.4,50,100,824850
NIFTY27OCT2217600PE.NFO,20/10/2022,09:39:36,260,259.1,450,259.8,50,0,824850
NIFTY27OCT2217600PE.NFO,20/10/2022,09:39:37,259.3,259.1,100,259.7,50,50,824850
NIFTY27OCT2217600PE.NFO,20/10/2022,09:39:39,259.3,259.25,100,259.9,250,0,824850
NIFTY27OCT2217600PE.NFO,20/10/2022,09:39:41,259.3,259.1,50,259.55,50,0,824850
NIFTY27OCT2217600PE.NFO,20/10/2022,09:39:42,259.3,259,100,259.5,800,0,824850
NIFTY27OCT2217600PE.NFO,20/10/2022,09:39:44,260.5,260.25,400,260.8,50,21550,824850
NIFTY27OCT2217600PE.NFO,20/10/2022,09:39:46,260.5,260.4,350,260.8,50,0,824850
NIFTY27OCT2217600PE.NFO,20/10/2022,09:39:47,260,260,350,260.35,50,300,824850
NIFTY27OCT2217600PE.NFO,20/10/2022,09:39:49,260.5,260.3,350,260.95,100,150,824850
NIFTY27OCT2217600PE.NFO,20/10/2022,09:39:51,260.3,260.65,200,261,50,50,824850
NIFTY27OCT2217600PE.NFO,20/10/2022,09:39:52,260.2,260.15,500,260.85,250,50,824850
NIFTY27OCT2217600PE.NFO,20/10/2022,09:39:54,260.2,260.2,450,260.75,200,0,824850
NIFTY27OCT2217600PE.NFO,20/10/2022,09:39:56,260.2,260.1,350,260.5,50,0,824850
NIFTY27OCT2217600PE.NFO,20/10/2022,09:39:57,260.35,260.15,400,260.55,50,250,824850
NIFTY27OCT2217600PE.NFO,20/10/2022,09:39:59,260.35,260.1,350,260.6,200,0,824850
NIFTY27OCT2217600PE.NFO,20/10/2022,09:40:01,261.05,260.5,200,261,100,1750,824850
NIFTY27OCT2217600PE.NFO,20/10/2022,09:40:02,260.35,260.4,350,260.9,100,150,824850
NIFTY27OCT2217600PE.NFO,20/10/2022,09:40:04,261.2,261.3,50,261.65,50,150,824850
NIFTY27OCT2217600PE.NFO,20/10/2022,09:40:06,261.2,261.05,50,261.6,200,0,824850
NIFTY27OCT2217600PE.NFO,20/10/2022,09:40:07,261.2,260.5,350,261.15,200,0,824850
NIFTY27OCT2217600PE.NFO,20/10/2022,09:40:09,260.5,260.45,200,260.85,50,500,824850
NIFTY27OCT2217600PE.NFO,20/10/2022,09:40:11,260.55,260.4,350,261.05,50,150,824850
NIFTY27OCT2217600PE.NFO,20/10/2022,09:40:12,260.05,259.8,350,260.3,50,100,824850
NIFTY27OCT2217600PE.NFO,20/10/2022,09:40:14,260.8,260.9,350,261.15,50,100,824850
NIFTY27OCT2217600PE.NFO,20/10/2022,09:40:15,261,260.35,50,261.05,100,50,824850
NIFTY27OCT2217600PE.NFO,20/10/2022,09:40:17,260.7,260.6,50,261,250,50,824850
NIFTY27OCT2217600PE.NFO,20/10/2022,09:40:19,260.15,259.6,200,259.7,50,100,824850
NIFTY27OCT2217600PE.NFO,20/10/2022,09:40:20,260.15,259.85,50,260.55,100,100,824850
NIFTY27OCT2217600PE.NFO,20/10/2022,09:40:22,259.95,259.7,800,260.3,50,50,824850
NIFTY27OCT2217600PE.NFO,20/10/2022,09:40:24,259.95,259.35,100,260.05,50,0,824850
NIFTY27OCT2217600PE.NFO,20/10/2022,09:40:26,259.95,259.05,200,259.3,50,0,824850
NIFTY27OCT2217600PE.NFO,20/10/2022,09:40:27,258.25,258,750,258.3,50,250,824850
NIFTY27OCT2217600PE.NFO,20/10/2022,09:40:29,258.25,258,750,258.25,50,0,824850
NIFTY27OCT2217600PE.NFO,20/10/2022,09:40:31,258.05,257.7,500,258.45,500,950,824850
NIFTY27OCT2217600PE.NFO,20/10/2022,09:40:32,258.5,258.75,400,259.3,50,350,824850
NIFTY27OCT2217600PE.NFO,20/10/2022,09:40:34,258,257.35,50,258.05,150,150,824850
NIFTY27OCT2217600PE.NFO,20/10/2022,09:40:36,258.2,257.4,350,257.7,50,50,824850
NIFTY27OCT2217600PE.NFO,20/10/2022,09:40:37,257.7,257.55,400,258.3,100,50,824850
NIFTY27OCT2217600PE.NFO,20/10/2022,09:40:39,258.35,258.35,50,258.8,100,50,824850
NIFTY27OCT2217600PE.NFO,20/10/2022,09:40:41,258.35,258,350,258.6,150,0,824850
NIFTY27OCT2217600PE.NFO,20/10/2022,09:40:42,257.85,257.5,400,257.85,50,50,824850
NIFTY27OCT2217600PE.NFO,20/10/2022,09:40:44,256.85,256.9,450,257.5,450,100,824850
NIFTY27OCT2217600PE.NFO,20/10/2022,09:40:45,256.6,256.2,100,256.85,500,150,824850
NIFTY27OCT2217600PE.NFO,20/10/2022,09:40:47,257,257.2,50,257.85,50,2150,824850
NIFTY27OCT2217600PE.NFO,20/10/2022,09:40:49,257.85,257.75,50,258.35,100,50,824850
NIFTY27OCT2217600PE.NFO,20/10/2022,09:40:50,260.65,260.4,50,260.8,50,700,824850
NIFTY27OCT2217600PE.NFO,20/10/2022,09:40:52,260.1,259.95,50,260.7,800,50,824850
NIFTY27OCT2217600PE.NFO,20/10/2022,09:40:54,259.25,259.35,50,259.9,50,200,824850
NIFTY27OCT2217600PE.NFO,20/10/2022,09:40:55,259.9,259.1,400,259.8,900,50,824850
NIFTY27OCT2217600PE.NFO,20/10/2022,09:40:57,259.9,259.15,500,259.95,100,0,824850
NIFTY27OCT2217600PE.NFO,20/10/2022,09:40:59,259.9,259.5,50,260.1,50,0,824850
NIFTY27OCT2217600PE.NFO,20/10/2022,09:41:00,260,259.55,50,260.1,50,150,824850
NIFTY27OCT2217600PE.NFO,20/10/2022,09:41:02,260,259.85,50,260.1,50,0,824850
NIFTY27OCT2217600PE.NFO,20/10/2022,09:41:04,260.1,260.15,50,260.4,50,200,824850
NIFTY27OCT2217600PE.NFO,20/10/2022,09:41:05,260.25,259.85,50,260.35,50,50,824850
NIFTY27OCT2217600PE.NFO,20/10/2022,09:41:07,260.25,260,400,260.45,50,0,824850
NIFTY27OCT2217600PE.NFO,20/10/2022,09:41:08,260.25,259.95,50,260.45,50,0,824850
NIFTY27OCT2217600PE.NFO,20/10/2022,09:41:10,259.9,260.05,250,260.45,50,50,824850
NIFTY27OCT2217600PE.NFO,20/10/2022,09:41:12,261.4,261.1,500,261.65,50,300,824850
NIFTY27OCT2217600PE.NFO,20/10/2022,09:41:13,261.4,261.2,150,261.65,50,0,824850
NIFTY27OCT2217600PE.NFO,20/10/2022,09:41:15,262.25,261.8,550,262.25,50,2400,824850
NIFTY27OCT2217600PE.NFO,20/10/2022,09:41:17,262.2,262.2,100,262.75,50,400,824850
NIFTY27OCT2217600PE.NFO,20/10/2022,09:41:18,262.95,262.25,50,262.85,350,200,824850
NIFTY27OCT2217600PE.NFO,20/10/2022,09:41:20,262.95,262.25,50,262.95,100,0,824850
NIFTY27OCT2217600PE.NFO,20/10/2022,09:41:21,262.95,262.05,400,262.75,100,0,824850
NIFTY27OCT2217600PE.NFO,20/10/2022,09:41:23,263,262.55,50,263,100,150,824850
NIFTY27OCT2217600PE.NFO,20/10/2022,09:41:25,263,262.6,350,263,100,0,824850
NIFTY27OCT2217600PE.NFO,20/10/2022,09:41:26,263.1,262.6,100,263.15,50,1500,824850
NIFTY27OCT2217600PE.NFO,20/10/2022,09:41:28,263.1,262.55,50,263.05,50,0,824850
NIFTY27OCT2217600PE.NFO,20/10/2022,09:41:30,263.1,262.9,50,263.15,50,0,824850
NIFTY27OCT2217600PE.NFO,20/10/2022,09:41:31,262.9,262.15,100,262.9,1050,100,824850
NIFTY27OCT2217600PE.NFO,20/10/2022,09:41:33,262.15,262.1,350,262.85,50,500,824850
NIFTY27OCT2217600PE.NFO,20/10/2022,09:41:35,262.25,261.65,50,262.15,750,50,824850
NIFTY27OCT2217600PE.NFO,20/10/2022,09:41:36,261.85,261.45,100,262.1,50,50,824850
NIFTY27OCT2217600PE.NFO,20/10/2022,09:41:38,262.4,262.35,100,262.75,50,100,824850
NIFTY27OCT2217600PE.NFO,20/10/2022,09:41:40,262.8,262.3,100,262.85,50,50,824850
NIFTY27OCT2217600PE.NFO,20/10/2022,09:41:41,262.65,262.4,200,262.6,50,100,821000
NIFTY27OCT2217600PE.NFO,20/10/2022,09:41:43,262,261.25,1050,261.8,50,400,821000
NIFTY27OCT2217600PE.NFO,20/10/2022,09:41:45,261.9,261.65,100,262.1,50,50,821000
NIFTY27OCT2217600PE.NFO,20/10/2022,09:41:46,262.1,261.85,50,262.2,50,50,821000
NIFTY27OCT2217600PE.NFO,20/10/2022,09:41:48,262.2,262,150,262.5,50,50,821000
NIFTY27OCT2217600PE.NFO,20/10/2022,09:41:50,262.2,262.05,50,262.5,50,0,821000
NIFTY27OCT2217600PE.NFO,20/10/2022,09:41:51,262.2,262.1,50,262.5,50,0,821000
NIFTY27OCT2217600PE.NFO,20/10/2022,09:41:53,262.5,262.15,50,262.65,50,50,821000
NIFTY27OCT2217600PE.NFO,20/10/2022,09:41:55,263.1,262.7,50,263.35,100,300,821000
NIFTY27OCT2217600PE.NFO,20/10/2022,09:41:56,262.85,262.95,50,263.6,300,150,821000
NIFTY27OCT2217600PE.NFO,20/10/2022,09:41:58,263.1,263.1,50,263.6,100,50,821000
NIFTY27OCT2217600PE.NFO,20/10/2022,09:42:00,263.6,263.25,50,263.95,100,100,821000
NIFTY27OCT2217600PE.NFO,20/10/2022,09:42:01,263.75,263.45,100,264,1200,100,821000
NIFTY27OCT2217600PE.NFO,20/10/2022,09:42:03,264,263.75,50,264.2,50,50,821000
NIFTY27OCT2217600PE.NFO,20/10/2022,09:42:05,264.2,264.2,50,264.5,50,50,821000
NIFTY27OCT2217600PE.NFO,20/10/2022,09:42:06,264.85,264.5,50,265,400,100,821000
NIFTY27OCT2217600PE.NFO,20/10/2022,09:42:08,266,265.65,50,266.4,100,650,821000
NIFTY27OCT2217600PE.NFO,20/10/2022,09:42:10,266.15,266,450,266.4,100,200,821000
NIFTY27OCT2217600PE.NFO,20/10/2022,09:42:11,266.15,266,100,266.4,450,0,821000
NIFTY27OCT2217600PE.NFO,20/10/2022,09:42:13,266.9,266.2,50,266.9,150,350,821000
NIFTY27OCT2217600PE.NFO,20/10/2022,09:42:15,268.6,267.9,50,268.6,400,2300,821000
NIFTY27OCT2217600PE.NFO,20/10/2022,09:42:16,268.9,268.15,50,268.9,50,450,821000
NIFTY27OCT2217600PE.NFO,20/10/2022,09:42:18,268.9,268.15,50,268.9,150,450,821000
NIFTY27OCT2217600PE.NFO,20/10/2022,09:42:20,268.95,267,1550,267.55,650,450,821000
NIFTY27OCT2217600PE.NFO,20/10/2022,09:42:22,269.65,268.35,100,269,100,10050,821000
NIFTY27OCT2217600PE.NFO,20/10/2022,09:42:23,268.95,268.55,50,269,50,150,821000
NIFTY27OCT2217600PE.NFO,20/10/2022,09:42:25,269.45,268.95,50,269.25,50,400,821000
NIFTY27OCT2217600PE.NFO,20/10/2022,09:42:27,269.45,268.5,400,269.2,50,0,821000
NIFTY27OCT2217600PE.NFO,20/10/2022,09:42:28,268.4,267.85,50,268.5,50,150,821000
NIFTY27OCT2217600PE.NFO,20/10/2022,09:42:30,269.15,268.8,350,269.55,150,1150,821000
NIFTY27OCT2217600PE.NFO,20/10/2022,09:42:32,268.2,268.3,50,268.9,100,2000,821000
NIFTY27OCT2217600PE.NFO,20/10/2022,09:42:34,268.9,268.25,400,268.85,50,100,821000
NIFTY27OCT2217600PE.NFO,20/10/2022,09:42:35,268.2,267.9,700,268.55,50,100,821000
NIFTY27OCT2217600PE.NFO,20/10/2022,09:42:37,268.6,268.5,650,268.9,150,150,821000
NIFTY27OCT2217600PE.NFO,20/10/2022,09:42:39,268.9,268.5,350,268.9,100,150,821000
NIFTY27OCT2217600PE.NFO,20/10/2022,09:42:40,269.25,268.95,250,269.4,50,1250,821000
NIFTY27OCT2217600PE.NFO,20/10/2022,09:42:42,268.8,268.7,50,269.3,50,1750,821000
NIFTY27OCT2217600PE.NFO,20/10/2022,09:42:44,268.25,268.25,150,269,100,150,821000
NIFTY27OCT2217600PE.NFO,20/10/2022,09:42:45,269.1,268.25,100,268.9,350,50,821000
NIFTY27OCT2217600PE.NFO,20/10/2022,09:42:47,269.15,268.45,100,269.2,450,250,821000
NIFTY27OCT2217600PE.NFO,20/10/2022,09:42:49,269.2,268.55,50,269.2,300,300,821000
NIFTY27OCT2217600PE.NFO,20/10/2022,09:42:50,268.75,268.05,50,268.8,350,500,821000
NIFTY27OCT2217600PE.NFO,20/10/2022,09:42:52,268.4,268.1,50,268.55,50,50,821000
NIFTY27OCT2217600PE.NFO,20/10/2022,09:42:54,268.55,268.6,50,269.3,100,50,821000
NIFTY27OCT2217600PE.NFO,20/10/2022,09:42:55,268.35,266.85,50,267.75,200,250,821000
NIFTY27OCT2217600PE.NFO,20/10/2022,09:42:57,267.8,267.15,50,267.85,650,50,821000
NIFTY27OCT2217600PE.NFO,20/10/2022,09:42:59,267.1,266.2,450,267.15,200,200,821000
NIFTY27OCT2217600PE.NFO,20/10/2022,09:43:00,267.1,266.95,50,267.4,50,0,821000
NIFTY27OCT2217600PE.NFO,20/10/2022,09:43:02,267.4,267.35,50,267.9,50,50,821000
NIFTY27OCT2217600PE.NFO,20/10/2022,09:43:04,268.2,267.6,50,268.35,200,150,821000
NIFTY27OCT2217600PE.NFO,20/10/2022,09:43:05,267.1,267.25,150,268,600,200,821000
NIFTY27OCT2217600PE.NFO,20/10/2022,09:43:07,267.1,267.3,100,268,800,0,821000
NIFTY27OCT2217600PE.NFO,20/10/2022,09:43:09,267.1,267.3,50,268,550,0,821000
NIFTY27OCT2217600PE.NFO,20/10/2022,09:43:10,267.1,267.3,50,267.95,450,0,821000
NIFTY27OCT2217600PE.NFO,20/10/2022,09:43:12,267.3,266.85,150,267.5,350,100,821000
NIFTY27OCT2217600PE.NFO,20/10/2022,09:43:14,267.3,266.5,100,267.25,100,100,821000
NIFTY27OCT2217600PE.NFO,20/10/2022,09:43:15,265.95,266.05,100,266.7,100,1000,821000
NIFTY27OCT2217600PE.NFO,20/10/2022,09:43:17,265.95,265.7,50,266.35,250,0,821000
NIFTY27OCT2217600PE.NFO,20/10/2022,09:43:19,265.95,265.4,100,266.15,450,0,821000
NIFTY27OCT2217600PE.NFO,20/10/2022,09:43:20,266,265.45,50,266.15,150,50,821000
NIFTY27OCT2217600PE.NFO,20/10/2022,09:43:22,265.7,265.2,50,265.8,600,150,821000
NIFTY27OCT2217600PE.NFO,20/10/2022,09:43:23,265.2,265.15,50,265.8,350,100,821000
NIFTY27OCT2217600PE.NFO,20/10/2022,09:43:25,265.6,265.3,50,266.05,350,100,821000
NIFTY27OCT2217600PE.NFO,20/10/2022,09:43:27,265.3,265.6,100,266.3,150,100,821000
NIFTY27OCT2217600PE.NFO,20/10/2022,09:43:28,265.3,265.5,450,266.3,350,0,821000
NIFTY27OCT2217600PE.NFO,20/10/2022,09:43:30,265.3,265,750,265.6,250,0,821000
NIFTY27OCT2217600PE.NFO,20/10/2022,09:43:32,265.3,265.1,450,265.55,50,0,821000
NIFTY27OCT2217600PE.NFO,20/10/2022,09:43:33,265.3,265,1050,265.55,50,0,821000
NIFTY27OCT2217600PE.NFO,20/10/2022,09:43:35,265,265,600,265.5,100,150,821000
NIFTY27OCT2217600PE.NFO,20/10/2022,09:43:37,265,264.6,50,265,50,600,821000
NIFTY27OCT2217600PE.NFO,20/10/2022,09:43:38,265,264.65,150,265.4,50,50,821000
NIFTY27OCT2217600PE.NFO,20/10/2022,09:43:40,264.15,264.25,50,264.9,500,100,821000
NIFTY27OCT2217600PE.NFO,20/10/2022,09:43:42,264.15,264.2,100,264.95,150,0,821000
NIFTY27OCT2217600PE.NFO,20/10/2022,09:43:43,264,262.95,400,263.8,250,150,821000
NIFTY27OCT2217600PE.NFO,20/10/2022,09:43:45,264,263.1,400,263.95,850,0,821000
NIFTY27OCT2217600PE.NFO,20/10/2022,09:43:47,264,262.5,200,263.25,150,0,821000
NIFTY27OCT2217600PE.NFO,20/10/2022,09:43:48,264,262.8,400,263.45,550,0,821000
NIFTY27OCT2217600PE.NFO,20/10/2022,09:43:50,264,263.5,50,264,100,0,821000
NIFTY27OCT2217600PE.NFO,20/10/2022,09:43:52,264,262.9,450,263.55,550,0,821000
NIFTY27OCT2217600PE.NFO,20/10/2022,09:43:53,264.45,264.3,100,264.9,150,350,821000
NIFTY27OCT2217600PE.NFO,20/10/2022,09:43:55,264.45,264.25,100,264.85,500,0,821000
NIFTY27OCT2217600PE.NFO,20/10/2022,09:43:57,264.45,264.45,300,265,150,0,821000
NIFTY27OCT2217600PE.NFO,20/10/2022,09:43:58,264.45,264.15,50,264.9,300,0,821000
NIFTY27OCT2217600PE.NFO,20/10/2022,09:44:00,264.45,264.15,50,264.75,500,0,821000
NIFTY27OCT2217600PE.NFO,20/10/2022,09:44:02,264.45,263.75,100,264.35,400,0,821000
NIFTY27OCT2217600PE.NFO,20/10/2022,09:44:03,264.45,263.15,50,263.8,500,0,821000
NIFTY27OCT2217600PE.NFO,20/10/2022,09:44:05,264.45,262.85,500,263.45,950,0,821000
NIFTY27OCT2217600PE.NFO,20/10/2022,09:44:07,264.2,263.8,50,264.2,500,50,821000
NIFTY27OCT2217600PE.NFO,20/10/2022,09:44:08,264.5,264.2,50,264.7,850,150,821000
NIFTY27OCT2217600PE.NFO,20/10/2022,09:44:10,264.75,264.55,100,265,50,50,821000
NIFTY27OCT2217600PE.NFO,20/10/2022,09:44:12,265,265.05,50,265.35,50,50,821000
NIFTY27OCT2217600PE.NFO,20/10/2022,09:44:13,265.35,264.55,50,265.2,150,150,821000
NIFTY27OCT2217600PE.NFO,20/10/2022,09:44:15,264.75,264.3,50,265,450,100,821000
NIFTY27OCT2217600PE.NFO,20/10/2022,09:44:17,264.45,264,1050,264.55,400,50,821000
NIFTY27OCT2217600PE.NFO,20/10/2022,09:44:18,264.7,264.7,400,265.4,50,550,821000
NIFTY27OCT2217600PE.NFO,20/10/2022,09:44:20,264.7,264.1,100,264.75,200,0,821000
NIFTY27OCT2217600PE.NFO,20/10/2022,09:44:21,264.4,264,1050,264.45,50,250,821000
NIFTY27OCT2217600PE.NFO,20/10/2022,09:44:23,264.5,264.5,450,264.8,50,50,821000
NIFTY27OCT2217600PE.NFO,20/10/2022,09:44:25,264,263.25,50,263.9,50,2500,821000
NIFTY27OCT2217600PE.NFO,20/10/2022,09:44:26,263.1,262.9,100,263.45,450,50,821000
NIFTY27OCT2217600PE.NFO,20/10/2022,09:44:28,264.2,263.8,100,264.45,50,100,821000
NIFTY27OCT2217600PE.NFO,20/10/2022,09:44:30,264.2,263.1,50,263.85,500,0,821000
NIFTY27OCT2217600PE.NFO,20/10/2022,09:44:31,263.45,263.15,50,263.8,50,50,821000
NIFTY27OCT2217600PE.NFO,20/10/2022,09:44:33,264.15,263.6,50,264.35,200,100,821000
NIFTY27OCT2217600PE.NFO,20/10/2022,09:44:35,264.1,264.05,50,264.65,50,300,821000
NIFTY27OCT2217600PE.NFO,20/10/2022,09:44:36,264.65,263.85,50,264.5,350,50,821000
NIFTY27OCT2217600PE.NFO,20/10/2022,09:44:38,264.65,264,150,264.65,400,0,821000
NIFTY27OCT2217600PE.NFO,20/10/2022,09:44:40,264.65,263.65,50,264.3,350,0,821000
NIFTY27OCT2217600PE.NFO,20/10/2022,09:44:41,264.5,263.8,50,264.15,50,300,820900
NIFTY27OCT2217600PE.NFO,20/10/2022,09:44:43,264.15,263.45,50,263.8,50,50,820900
NIFTY27OCT2217600PE.NFO,20/10/2022,09:44:45,263.8,263.15,50,263.75,50,50,820900
NIFTY27OCT2217600PE.NFO,20/10/2022,09:44:47,263.75,263.2,350,263.95,250,50,820900
NIFTY27OCT2217600PE.NFO,20/10/2022,09:44:48,263.35,263.3,450,263.95,50,150,820900
NIFTY27OCT2217600PE.NFO,20/10/2022,09:44:50,263.95,263.75,50,264.15,50,50,820900
NIFTY27OCT2217600PE.NFO,20/10/2022,09:44:52,264.15,264.1,50,264.65,50,100,820900
NIFTY27OCT2217600PE.NFO,20/10/2022,09:44:53,265.1,264.4,50,265.05,200,200,820900
NIFTY27OCT2217600PE.NFO,20/10/2022,09:44:55,265.1,264.1,400,264.8,50,0,820900
NIFTY27OCT2217600PE.NFO,20/10/2022,09:44:57,264.2,264,200,264.55,50,150,820900
NIFTY27OCT2217600PE.NFO,20/10/2022,09:44:58,263.95,263.6,550,264.15,50,250,820900
NIFTY27OCT2217600PE.NFO,20/10/2022,09:45:00,264.7,264.3,350,264.8,50,100,820900
NIFTY27OCT2217600PE.NFO,20/10/2022,09:45:02,264.8,264.55,800,265,700,50,820900
NIFTY27OCT2217600PE.NFO,20/10/2022,09:45:03,265,264.95,50,265.3,50,700,820900
NIFTY27OCT2217600PE.NFO,20/10/2022,09:45:05,265.4,265.3,400,265.75,50,100,820900
NIFTY27OCT2217600PE.NFO,20/10/2022,09:45:07,265.2,264.8,50,265.35,100,150,820900
NIFTY27OCT2217600PE.NFO,20/10/2022,09:45:08,265,264.95,50,265.3,450,100,820900
NIFTY27OCT2217600PE.NFO,20/10/2022,09:45:10,265.55,265.45,50,265.75,50,500,820900
NIFTY27OCT2217600PE.NFO,20/10/2022,09:45:12,265.9,265.5,50,266,2200,100,820900
NIFTY27OCT2217600PE.NFO,20/10/2022,09:45:13,265.3,265.2,50,265.85,300,100,820900
NIFTY27OCT2217600PE.NFO,20/10/2022,09:45:15,265.3,265.35,200,265.9,100,0,820900
NIFTY27OCT2217600PE.NFO,20/10/2022,09:45:17,265.3,265.4,100,266,2200,0,820900
NIFTY27OCT2217600PE.NFO,20/10/2022,09:45:18,265.4,265.5,550,266,2000,50,820900
NIFTY27OCT2217600PE.NFO,20/10/2022,09:45:20,266,265.5,350,266,2050,50,820900
NIFTY27OCT2217600PE.NFO,20/10/2022,09:45:22,266,265.4,350,266,2000,50,820900
NIFTY27OCT2217600PE.NFO,20/10/2022,09:45:23,265.3,265.3,350,265.8,100,150,820900
NIFTY27OCT2217600PE.NFO,20/10/2022,09:45:25,265.15,264.65,50,265.25,50,450,820900
NIFTY27OCT2217600PE.NFO,20/10/2022,09:45:27,265.55,265.4,100,266,1800,250,820900
NIFTY27OCT2217600PE.NFO,20/10/2022,09:45:28,266.1,265.15,50,265.85,250,1900,820900
NIFTY27OCT2217600PE.NFO,20/10/2022,09:45:30,266.95,266.35,50,267,250,100,820900
NIFTY27OCT2217600PE.NFO,20/10/2022,09:45:32,267,266.6,350,267.3,600,50,820900
NIFTY27OCT2217600PE.NFO,20/10/2022,09:45:33,267,267.15,50,267.4,150,0,820900
NIFTY27OCT2217600PE.NFO,20/10/2022,09:45:35,268.05,267.7,50,268.25,100,700,820900
NIFTY27OCT2217600PE.NFO,20/10/2022,09:45:37,267.65,267.25,50,268,50,400,820900
NIFTY27OCT2217600PE.NFO,20/10/2022,09:45:38,268.05,267.6,50,268.25,100,150,820900
NIFTY27OCT2217600PE.NFO,20/10/2022,09:45:40,267.75,267.75,50,268.4,650,100,820900
NIFTY27OCT2217600PE.NFO,20/10/2022,09:45:42,267.75,268.1,50,268.65,300,0,820900
NIFTY27OCT2217600PE.NFO,20/10/2022,09:45:43,268,267.55,50,268.15,400,450,820900
NIFTY27OCT2217600PE.NFO,20/10/2022,09:45:45,268.35,268.45,100,268.7,50,200,820900
NIFTY27OCT2217600PE.NFO,20/10/2022,09:45:47,269,268.6,50,269,950,650,820900
NIFTY27OCT2217600PE.NFO,20/10/2022,09:45:48,269,268.55,50,269,950,0,820900
NIFTY27OCT2217600PE.NFO,20/10/2022,09:45:50,268.9,268.3,400,268.95,400,600,820900
NIFTY27OCT2217600PE.NFO,20/10/2022,09:45:52,269.15,269.2,450,270,200,1800,820900
NIFTY27OCT2217600PE.NFO,20/10/2022,09:45:53,269.35,269.7,350,270.05,50,50,820900
NIFTY27OCT2217600PE.NFO,20/10/2022,09:45:55,270.25,269.85,50,270.5,100,400,820900
NIFTY27OCT2217600PE.NFO,20/10/2022,09:45:57,271,271,250,271.25,50,2250,820900
NIFTY27OCT2217600PE.NFO,20/10/2022,09:45:58,271.3,270.75,150,271.4,50,200,820900
NIFTY27OCT2217600PE.NFO,20/10/2022,09:46:00,271.4,270.95,100,271.55,100,150,820900
NIFTY27OCT2217600PE.NFO,20/10/2022,09:46:02,271,270.95,50,271.7,500,1100,820900
NIFTY27OCT2217600PE.NFO,20/10/2022,09:46:03,271.7,271.5,50,271.6,50,200,820900
NIFTY27OCT2217600PE.NFO,20/10/2022,09:46:05,272.3,272.1,50,272.7,50,950,820900
NIFTY27OCT2217600PE.NFO,20/10/2022,09:46:07,272.6,272,550,272.7,100,150,820900
NIFTY27OCT2217600PE.NFO,20/10/2022,09:46:08,272.75,272.1,350,272.6,50,200,820900
NIFTY27OCT2217600PE.NFO,20/10/2022,09:46:10,273.2,272.75,50,273.55,100,800,820900
NIFTY27OCT2217600PE.NFO,20/10/2022,09:46:12,275.15,274.95,50,275.45,50,3500,820900
NIFTY27OCT2217600PE.NFO,20/10/2022,09:46:13,275.35,274.85,50,275.55,250,300,820900
NIFTY27OCT2217600PE.NFO,20/10/2022,09:46:15,274.65,273.8,350,274.4,100,100,820900
NIFTY27OCT2217600PE.NFO,20/10/2022,09:46:17,273.7,273.25,100,273.9,50,150,820900
NIFTY27OCT2217600PE.NFO,20/10/2022,09:46:18,272.65,272.8,50,273.1,50,350,820900
NIFTY27OCT2217600PE.NFO,20/10/2022,09:46:20,274.15,273.8,100,274.3,50,100,820900
NIFTY27OCT2217600PE.NFO,20/10/2022,09:46:22,274.5,274.65,50,275,250,700,820900
NIFTY27OCT2217600PE.NFO,20/10/2022,09:46:23,273.8,273.2,400,274.05,50,400,820900
NIFTY27OCT2217600PE.NFO,20/10/2022,09:46:25,273.8,273.75,50,274.3,50,200,820900
NIFTY27OCT2217600PE.NFO,20/10/2022,09:46:27,273.85,273.6,500,274.2,50,100,820900
NIFTY27OCT2217600PE.NFO,20/10/2022,09:46:28,273.5,273.5,100,274.2,50,250,820900
NIFTY27OCT2217600PE.NFO,20/10/2022,09:46:30,273.75,273.65,50,274.2,50,50,820900
NIFTY27OCT2217600PE.NFO,20/10/2022,09:46:32,274.55,274,250,274.55,50,100,820900
NIFTY27OCT2217600PE.NFO,20/10/2022,09:46:33,274,273.2,500,273.85,50,100,820900
NIFTY27OCT2217600PE.NFO,20/10/2022,09:46:35,273,272.4,100,273.05,50,750,820900
NIFTY27OCT2217600PE.NFO,20/10/2022,09:46:37,271.4,270.9,800,271.7,50,500,820900
NIFTY27OCT2217600PE.NFO,20/10/2022,09:46:38,271.15,271.4,350,272.15,50,250,820900
NIFTY27OCT2217600PE.NFO,20/10/2022,09:46:40,272.45,272.3,1150,273.1,50,150,820900
NIFTY27OCT2217600PE.NFO,20/10/2022,09:46:42,273.15,272.8,1050,273.65,50,100,820900
NIFTY27OCT2217600PE.NFO,20/10/2022,09:46:43,273.15,272.9,50,273.55,100,0,820900
NIFTY27OCT2217600PE.NFO,20/10/2022,09:46:45,273.15,272.9,50,273.1,50,0,820900
NIFTY27OCT2217600PE.NFO,20/10/2022,09:46:47,273.05,272.95,50,273.65,250,50,820900
NIFTY27OCT2217600PE.NFO,20/10/2022,09:46:48,273.2,272.5,50,273.05,50,250,820900
NIFTY27OCT2217600PE.NFO,20/10/2022,09:46:50,272.5,272,350,272.75,100,50,820900
NIFTY27OCT2217600PE.NFO,20/10/2022,09:46:52,272.5,271.75,100,272.3,50,0,820900
NIFTY27OCT2217600PE.NFO,20/10/2022,09:46:53,272.3,271.8,350,272,1500,50,820900
NIFTY27OCT2217600PE.NFO,20/10/2022,09:46:55,271.95,271.3,350,272,450,1150,820900
NIFTY27OCT2217600PE.NFO,20/10/2022,09:46:57,271.95,271.65,50,272,450,50,820900
NIFTY27OCT2217600PE.NFO,20/10/2022,09:46:58,271.65,271.5,350,272,450,100,820900
NIFTY27OCT2217600PE.NFO,20/10/2022,09:47:00,273,272.8,350,273.45,100,700,820900
NIFTY27OCT2217600PE.NFO,20/10/2022,09:47:02,273,273.15,100,273.55,50,50,820900
NIFTY27OCT2217600PE.NFO,20/10/2022,09:47:04,273,273.15,50,273.55,50,0,820900
NIFTY27OCT2217600PE.NFO,20/10/2022,09:47:05,273.55,273.55,150,273.9,50,150,820900
NIFTY27OCT2217600PE.NFO,20/10/2022,09:47:07,273.85,273.55,50,273.9,50,200,820900
NIFTY27OCT2217600PE.NFO,20/10/2022,09:47:09,273.95,273.5,250,273.8,50,250,820900
NIFTY27OCT2217600PE.NFO,20/10/2022,09:47:10,272.8,272.7,350,272.9,50,50,820900
NIFTY27OCT2217600PE.NFO,20/10/2022,09:47:12,272.9,273,350,273.4,50,150,820900
NIFTY27OCT2217600PE.NFO,20/10/2022,09:47:14,273.4,273.3,50,273.8,50,100,820900
NIFTY27OCT2217600PE.NFO,20/10/2022,09:47:15,273.9,273.7,350,274,50,150,820900
NIFTY27OCT2217600PE.NFO,20/10/2022,09:47:17,274,273.65,50,274.05,50,650,820900
NIFTY27OCT2217600PE.NFO,20/10/2022,09:47:19,273.6,273.9,350,274.25,50,550,820900
NIFTY27OCT2217600PE.NFO,20/10/2022,09:47:20,274.45,273.65,50,274.5,300,250,820900
NIFTY27OCT2217600PE.NFO,20/10/2022,09:47:22,273.7,273.5,500,274.2,150,350,820900
NIFTY27OCT2217600PE.NFO,20/10/2022,09:47:24,274.4,273.85,200,274.45,250,100,820900
NIFTY27OCT2217600PE.NFO,20/10/2022,09:47:25,273.65,273.6,350,274.35,150,200,820900
NIFTY27OCT2217600PE.NFO,20/10/2022,09:47:27,274.05,273.5,550,274.1,50,50,820900
NIFTY27OCT2217600PE.NFO,20/10/2022,09:47:29,274.4,273.65,250,274.45,250,200,820900
NIFTY27OCT2217600PE.NFO,20/10/2022,09:47:30,274.4,273.9,50,274.45,150,0,820900
NIFTY27OCT2217600PE.NFO,20/10/2022,09:47:32,273.8,273.8,750,274.35,50,200,820900
NIFTY27OCT2217600PE.NFO,20/10/2022,09:47:34,273.8,273,300,273.35,50,0,820900
NIFTY27OCT2217600PE.NFO,20/10/2022,09:47:35,274,273.4,350,274,1850,950,820900
NIFTY27OCT2217600PE.NFO,20/10/2022,09:47:37,273.4,273.4,250,274,1650,1400,820900
NIFTY27OCT2217600PE.NFO,20/10/2022,09:47:39,273.7,273,500,273.65,100,550,820900
NIFTY27OCT2217600PE.NFO,20/10/2022,09:47:40,273.4,273,100,273.4,50,100,820900
NIFTY27OCT2217600PE.NFO,20/10/2022,09:47:42,273.4,273,150,273.3,50,50,819700
NIFTY27OCT2217600PE.NFO,20/10/2022,09:47:44,273.4,273,700,273.55,50,0,819700
NIFTY27OCT2217600PE.NFO,20/10/2022,09:47:45,273,273,100,273.5,100,100,819700
NIFTY27OCT2217600PE.NFO,20/10/2022,09:47:47,272,271.7,800,272.3,400,350,819700
NIFTY27OCT2217600PE.NFO,20/10/2022,09:47:49,271.2,270.65,500,271.25,100,250,819700
NIFTY27OCT2217600PE.NFO,20/10/2022,09:47:50,270.65,270.05,500,270.6,50,300,819700
NIFTY27OCT2217600PE.NFO,20/10/2022,09:47:52,271.85,271.8,350,272.45,50,850,819700
NIFTY27OCT2217600PE.NFO,20/10/2022,09:47:54,271.85,271.95,100,272.5,50,0,819700
NIFTY27OCT2217600PE.NFO,20/10/2022,09:47:55,272.5,272.4,300,273.1,50,50,819700
NIFTY27OCT2217600PE.NFO,20/10/2022,09:47:57,272.35,271.35,500,272.05,100,50,819700
NIFTY27OCT2217600PE.NFO,20/10/2022,09:47:59,272.35,271.25,500,271.95,50,0,819700
NIFTY27OCT2217600PE.NFO,20/10/2022,09:48:00,271.85,271.05,450,271.75,100,150,819700
NIFTY27OCT2217600PE.NFO,20/10/2022,09:48:02,271.25,271.1,50,271.65,50,150,819700
NIFTY27OCT2217600PE.NFO,20/10/2022,09:48:04,271.25,271,50,271.5,50,100,819700
NIFTY27OCT2217600PE.NFO,20/10/2022,09:48:05,271,270.4,350,271.05,50,150,819700
NIFTY27OCT2217600PE.NFO,20/10/2022,09:48:07,270,269.65,100,270.35,50,1050,819700
NIFTY27OCT2217600PE.NFO,20/10/2022,09:48:08,270.85,270.2,350,270.9,50,100,819700
NIFTY27OCT2217600PE.NFO,20/10/2022,09:48:10,270.15,270.3,450,271,200,50,819700
NIFTY27OCT2217600PE.NFO,20/10/2022,09:48:12,270.15,269.6,150,270.1,50,0,819700
NIFTY27OCT2217600PE.NFO,20/10/2022,09:48:13,270.15,269.1,350,269.75,100,0,819700
NIFTY27OCT2217600PE.NFO,20/10/2022,09:48:15,269.05,268.6,350,269.1,50,50,819700
NIFTY27OCT2217600PE.NFO,20/10/2022,09:48:17,269.1,269.1,50,269.75,100,50,819700
NIFTY27OCT2217600PE.NFO,20/10/2022,09:48:18,269.1,269.15,50,269.95,100,0,819700
NIFTY27OCT2217600PE.NFO,20/10/2022,09:48:20,269.55,270.1,50,270.95,150,700,819700
NIFTY27OCT2217600PE.NFO,20/10/2022,09:48:22,270.45,270.4,350,271.1,800,400,819700
NIFTY27OCT2217600PE.NFO,20/10/2022,09:48:23,270.45,270.05,50,270.65,550,0,819700
NIFTY27OCT2217600PE.NFO,20/10/2022,09:48:25,270.45,269.9,450,270.65,450,500,819700
NIFTY27OCT2217600PE.NFO,20/10/2022,09:48:27,270.45,269.95,50,270.65,500,0,819700
NIFTY27OCT2217600PE.NFO,20/10/2022,09:48:28,270.15,269.45,50,269.9,50,50,819700
NIFTY27OCT2217600PE.NFO,20/10/2022,09:48:30,269.55,269.1,950,269.75,50,50,819700
NIFTY27OCT2217600PE.NFO,20/10/2022,09:48:32,269,268.5,1000,269.25,100,100,819700
NIFTY27OCT2217600PE.NFO,20/10/2022,09:48:33,268.5,268.5,700,269.25,50,1400,819700
NIFTY27OCT2217600PE.NFO,20/10/2022,09:48:35,267,266.15,200,266.8,550,1000,819700
NIFTY27OCT2217600PE.NFO,20/10/2022,09:48:37,265.8,265.4,400,266.1,100,150,819700
NIFTY27OCT2217600PE.NFO,20/10/2022,09:48:38,264.5,264.45,50,264.9,50,100,819700
NIFTY27OCT2217600PE.NFO,20/10/2022,09:48:40,264.5,264.4,200,264.75,50,0,819700
NIFTY27OCT2217600PE.NFO,20/10/2022,09:48:42,262.3,262.15,100,262.8,100,1050,819700
NIFTY27OCT2217600PE.NFO,20/10/2022,09:48:43,260.4,260.2,50,260.45,100,2600,819700
NIFTY27OCT2217600PE.NFO,20/10/2022,09:48:45,259.25,259.2,100,259.8,450,1600,819700
NIFTY27OCT2217600PE.NFO,20/10/2022,09:48:47,260.5,260.35,150,260.9,100,600,819700
NIFTY27OCT2217600PE.NFO,20/10/2022,09:48:48,261.4,261.2,50,261.7,50,200,819700
NIFTY27OCT2217600PE.NFO,20/10/2022,09:48:50,261.3,260.55,50,261.2,400,100,819700
NIFTY27OCT2217600PE.NFO,20/10/2022,09:48:52,261,260.3,50,261,350,300,819700
NIFTY27OCT2217600PE.NFO,20/10/2022,09:48:53,260.1,260.4,200,260.8,50,700,819700
