Ticker,Date,Time,LTP,BuyPrice,BuyQty,SellPrice,SellQty,LTQ,OpenInterest
NIFTY27OCT2217600CE.NFO,20/10/2022,09:15:00,84.05,84.05,150,88.7,400,1050,0
NIFTY27OCT2217600CE.NFO,20/10/2022,09:15:00,84.05,84.05,150,88.7,400,0,0
NIFTY27OCT2217600CE.NFO,20/10/2022,09:15:00,85.5,84.05,150,88.7,400,0,0
NIFTY27OCT2217600CE.NFO,20/10/2022,09:15:00,84.05,84.05,150,88.7,400,0,0
NIFTY27OCT2217600CE.NFO,20/10/2022,09:15:01,73.85,72,50,79.05,450,5200,1977200
NIFTY27OCT2217600CE.NFO,20/10/2022,09:15:01,88.7,72,50,79.05,450,0,1977200
NIFTY27OCT2217600CE.NFO,20/10/2022,09:15:01,73.85,72,50,79.05,450,0,1977200
NIFTY27OCT2217600CE.NFO,20/10/2022,09:15:03,72.45,72.5,250,74.9,150,4400,1977200
NIFTY27OCT2217600CE.NFO,20/10/2022,09:15:03,70.1,72.5,250,74.9,150,0,1977200
NIFTY27OCT2217600CE.NFO,20/10/2022,09:15:05,77.9,75.8,200,77.3,50,3500,1977200
NIFTY27OCT2217600CE.NFO,20/10/2022,09:15:06,77.95,76.9,100,78.45,200,4100,1977200
NIFTY27OCT2217600CE.NFO,20/10/2022,09:15:08,74.95,74.35,200,76.9,50,10400,1977200
NIFTY27OCT2217600CE.NFO,20/10/2022,09:15:10,74,74,350,75.65,200,4700,1977200
NIFTY27OCT2217600CE.NFO,20/10/2022,09:15:11,74.1,73.1,150,74.1,200,4750,1977200
NIFTY27OCT2217600CE.NFO,20/10/2022,09:15:13,73.05,72.2,200,73.1,100,4150,1977200
NIFTY27OCT2217600CE.NFO,20/10/2022,09:15:15,73.6,72.95,200,73.6,200,8750,1977200
NIFTY27OCT2217600CE.NFO,20/10/2022,09:15:16,73.55,73.2,1000,74.05,200,4300,1977200
NIFTY27OCT2217600CE.NFO,20/10/2022,09:15:18,73.45,72.85,200,73.45,50,5800,1977200
NIFTY27OCT2217600CE.NFO,20/10/2022,09:15:19,72.8,72.8,450,73.55,50,6800,1977200
NIFTY27OCT2217600CE.NFO,20/10/2022,09:15:21,73.05,73.05,100,73.8,200,8300,1977200
NIFTY27OCT2217600CE.NFO,20/10/2022,09:15:23,73,73,450,73.7,50,1450,1977200
NIFTY27OCT2217600CE.NFO,20/10/2022,09:15:24,73.05,73,250,73.4,350,3400,1977200
NIFTY27OCT2217600CE.NFO,20/10/2022,09:15:26,73,72.75,100,73.25,50,7350,1977200
NIFTY27OCT2217600CE.NFO,20/10/2022,09:15:28,72.95,72.45,50,72.95,200,3200,1977200
NIFTY27OCT2217600CE.NFO,20/10/2022,09:15:29,73,72.85,50,73,50,1900,1977200
NIFTY27OCT2217600CE.NFO,20/10/2022,09:15:31,72.05,72.05,200,72.45,500,3050,1977200
NIFTY27OCT2217600CE.NFO,20/10/2022,09:15:33,71.3,71.35,350,71.9,50,2150,1977200
NIFTY27OCT2217600CE.NFO,20/10/2022,09:15:34,71.4,71.45,200,71.95,200,2700,1977200
NIFTY27OCT2217600CE.NFO,20/10/2022,09:15:36,71.75,71.7,350,72,2750,3750,1977200
NIFTY27OCT2217600CE.NFO,20/10/2022,09:15:38,71.5,71.5,250,71.95,200,3200,1977200
NIFTY27OCT2217600CE.NFO,20/10/2022,09:15:39,72,71.65,100,72,1100,7900,1977200
NIFTY27OCT2217600CE.NFO,20/10/2022,09:15:41,73.2,72.85,200,73.2,150,4900,1977200
NIFTY27OCT2217600CE.NFO,20/10/2022,09:15:43,72.2,71.75,200,72.25,600,3750,1977200
NIFTY27OCT2217600CE.NFO,20/10/2022,09:15:44,72.1,71.8,400,72.25,100,3750,1977200
NIFTY27OCT2217600CE.NFO,20/10/2022,09:15:46,71.65,71.65,50,71.8,50,900,1977200
NIFTY27OCT2217600CE.NFO,20/10/2022,09:15:48,71.45,71.2,100,71.6,1000,2250,1977200
NIFTY27OCT2217600CE.NFO,20/10/2022,09:15:49,71.55,71.5,250,71.75,50,1250,1977200
NIFTY27OCT2217600CE.NFO,20/10/2022,09:15:51,70.5,70.45,50,70.7,200,4350,1977200
NIFTY27OCT2217600CE.NFO,20/10/2022,09:15:53,70.35,70.05,550,70.55,200,5500,1977200
NIFTY27OCT2217600CE.NFO,20/10/2022,09:15:54,70.25,69.95,200,70.25,200,4700,1977200
NIFTY27OCT2217600CE.NFO,20/10/2022,09:15:54,70,69.95,200,70.25,200,0,1977200
NIFTY27OCT2217600CE.NFO,20/10/2022,09:15:56,70.65,70.45,100,70.65,350,2400,1977200
NIFTY27OCT2217600CE.NFO,20/10/2022,09:15:58,71.05,70.75,900,71.05,100,2250,1977200
NIFTY27OCT2217600CE.NFO,20/10/2022,09:15:59,70.45,70.15,400,70.4,50,2400,1977200
NIFTY27OCT2217600CE.NFO,20/10/2022,09:16:01,70.05,70,50,70.05,850,3400,1977200
NIFTY27OCT2217600CE.NFO,20/10/2022,09:16:01,69.9,70,50,70.05,850,0,1977200
NIFTY27OCT2217600CE.NFO,20/10/2022,09:16:03,68.2,68.2,50,68.65,150,25400,1977200
NIFTY27OCT2217600CE.NFO,20/10/2022,09:16:03,68.2,68.2,50,68.65,150,0,1977200
NIFTY27OCT2217600CE.NFO,20/10/2022,09:16:04,67.95,67.85,100,68.25,1250,6900,1977200
NIFTY27OCT2217600CE.NFO,20/10/2022,09:16:04,67.95,67.85,100,68.25,1250,0,1977200
NIFTY27OCT2217600CE.NFO,20/10/2022,09:16:06,68.45,68.45,100,68.7,100,3200,1977200
NIFTY27OCT2217600CE.NFO,20/10/2022,09:16:06,67.8,68.45,100,68.7,100,0,1977200
NIFTY27OCT2217600CE.NFO,20/10/2022,09:16:08,69.25,69.25,100,69.5,400,2950,1977200
NIFTY27OCT2217600CE.NFO,20/10/2022,09:16:09,69.65,69.7,450,69.9,400,1600,1977200
NIFTY27OCT2217600CE.NFO,20/10/2022,09:16:11,69.05,69.05,50,69.3,100,3550,1977200
NIFTY27OCT2217600CE.NFO,20/10/2022,09:16:12,68.95,68.8,350,69,50,1200,1977200
NIFTY27OCT2217600CE.NFO,20/10/2022,09:16:14,67.95,67.75,250,68,550,2600,1977200
NIFTY27OCT2217600CE.NFO,20/10/2022,09:16:16,68,67.9,50,68.15,550,1700,1977200
NIFTY27OCT2217600CE.NFO,20/10/2022,09:16:17,68.9,69.1,100,69.3,1300,1550,1977200
NIFTY27OCT2217600CE.NFO,20/10/2022,09:16:19,68.45,68.25,100,68.4,50,1150,1977200
NIFTY27OCT2217600CE.NFO,20/10/2022,09:16:21,67.95,67.8,100,68.1,550,1550,1977200
NIFTY27OCT2217600CE.NFO,20/10/2022,09:16:23,68.2,67.95,300,68.15,500,1950,1977200
NIFTY27OCT2217600CE.NFO,20/10/2022,09:16:23,67.7,67.95,300,68.15,500,0,1977200
NIFTY27OCT2217600CE.NFO,20/10/2022,09:16:24,68.75,68.8,100,69,1500,4100,1977200
NIFTY27OCT2217600CE.NFO,20/10/2022,09:16:26,68.8,68.85,50,69.05,50,1900,1977200
NIFTY27OCT2217600CE.NFO,20/10/2022,09:16:28,69.1,69.05,400,69.35,400,2750,1977200
NIFTY27OCT2217600CE.NFO,20/10/2022,09:16:29,68.85,68.85,300,69.05,50,2750,1977200
NIFTY27OCT2217600CE.NFO,20/10/2022,09:16:31,69,68.95,400,69.25,850,4600,1977200
NIFTY27OCT2217600CE.NFO,20/10/2022,09:16:33,68.9,68.85,550,69,2750,1800,1977200
NIFTY27OCT2217600CE.NFO,20/10/2022,09:16:34,69.3,69.15,300,69.25,300,7650,1977200
NIFTY27OCT2217600CE.NFO,20/10/2022,09:16:36,69.2,69.05,250,69.25,750,1900,1977200
NIFTY27OCT2217600CE.NFO,20/10/2022,09:16:37,69.4,69.35,250,69.6,750,3850,1977200
NIFTY27OCT2217600CE.NFO,20/10/2022,09:16:39,70.35,70.35,150,70.5,450,4700,1977200
NIFTY27OCT2217600CE.NFO,20/10/2022,09:16:41,70.7,70.55,600,70.7,400,600,1977200
NIFTY27OCT2217600CE.NFO,20/10/2022,09:16:42,70.65,70.55,500,70.8,300,550,1977200
NIFTY27OCT2217600CE.NFO,20/10/2022,09:16:44,71.25,71.05,50,71.25,300,2900,1977200
NIFTY27OCT2217600CE.NFO,20/10/2022,09:16:46,71.45,71.4,500,71.7,700,1550,1977200
NIFTY27OCT2217600CE.NFO,20/10/2022,09:16:47,71.05,70.95,50,71.1,1750,4000,1977200
NIFTY27OCT2217600CE.NFO,20/10/2022,09:16:49,71.25,71.05,100,71.25,450,4350,1977200
NIFTY27OCT2217600CE.NFO,20/10/2022,09:16:51,71,70.9,50,70.95,50,3300,1977200
NIFTY27OCT2217600CE.NFO,20/10/2022,09:16:52,70.85,70.7,50,70.85,300,2400,1977200
NIFTY27OCT2217600CE.NFO,20/10/2022,09:16:54,70.7,70.65,300,70.9,50,4300,1977200
NIFTY27OCT2217600CE.NFO,20/10/2022,09:16:56,70.75,70.55,250,70.75,50,2350,1977200
NIFTY27OCT2217600CE.NFO,20/10/2022,09:16:57,70.75,70.75,750,71,50,3150,1977200
NIFTY27OCT2217600CE.NFO,20/10/2022,09:16:59,71.2,71.1,650,71.35,300,550,1977200
NIFTY27OCT2217600CE.NFO,20/10/2022,09:17:01,71.05,71,650,71.2,650,2800,1977200
NIFTY27OCT2217600CE.NFO,20/10/2022,09:17:02,70.6,70.65,400,70.7,500,3400,1977200
NIFTY27OCT2217600CE.NFO,20/10/2022,09:17:04,70.85,70.85,750,71.1,950,3100,1977200
NIFTY27OCT2217600CE.NFO,20/10/2022,09:17:06,70.75,70.75,100,70.9,1200,5500,1977200
NIFTY27OCT2217600CE.NFO,20/10/2022,09:17:07,70.9,70.85,1250,71.05,300,400,1977200
NIFTY27OCT2217600CE.NFO,20/10/2022,09:17:09,70.8,70.85,150,71,700,1200,1977200
NIFTY27OCT2217600CE.NFO,20/10/2022,09:17:11,71.25,70.95,750,71.15,400,6550,1977200
NIFTY27OCT2217600CE.NFO,20/10/2022,09:17:12,71.35,71.1,2350,71.4,1300,5000,1977200
NIFTY27OCT2217600CE.NFO,20/10/2022,09:17:14,71.4,71.4,550,71.65,400,1700,1977200
NIFTY27OCT2217600CE.NFO,20/10/2022,09:17:16,71.45,71.25,150,71.45,650,4750,1977200
NIFTY27OCT2217600CE.NFO,20/10/2022,09:17:17,71.5,71.5,400,71.7,1750,3800,1977200
NIFTY27OCT2217600CE.NFO,20/10/2022,09:17:19,71.3,71.35,100,71.4,50,6550,1977200
NIFTY27OCT2217600CE.NFO,20/10/2022,09:17:21,71.4,71.3,450,71.5,700,850,1977200
NIFTY27OCT2217600CE.NFO,20/10/2022,09:17:22,71.3,71.3,400,71.45,100,3350,1977200
NIFTY27OCT2217600CE.NFO,20/10/2022,09:17:24,72.2,72.25,200,72.45,600,1500,1977200
NIFTY27OCT2217600CE.NFO,20/10/2022,09:17:26,72.25,72.2,450,72.4,3850,3100,1977200
NIFTY27OCT2217600CE.NFO,20/10/2022,09:17:27,72.2,72.05,650,72.2,300,4050,1977200
NIFTY27OCT2217600CE.NFO,20/10/2022,09:17:29,72.25,72.15,1300,72.35,450,8500,1977200
NIFTY27OCT2217600CE.NFO,20/10/2022,09:17:31,72.15,72.05,300,72.2,800,4550,1977200
NIFTY27OCT2217600CE.NFO,20/10/2022,09:17:32,71.4,71.3,600,71.45,750,7450,1977200
NIFTY27OCT2217600CE.NFO,20/10/2022,09:17:34,71.85,71.7,1350,71.85,2800,1050,1977200
NIFTY27OCT2217600CE.NFO,20/10/2022,09:17:36,71.75,71.75,1200,71.95,1100,3300,1977200
NIFTY27OCT2217600CE.NFO,20/10/2022,09:17:37,72.25,72.15,400,72.3,1100,1350,1977200
NIFTY27OCT2217600CE.NFO,20/10/2022,09:17:39,72.65,72.5,900,72.7,550,5900,1977200
NIFTY27OCT2217600CE.NFO,20/10/2022,09:17:41,72,71.95,300,72.1,50,1800,1991850
NIFTY27OCT2217600CE.NFO,20/10/2022,09:17:42,72,71.9,500,72.15,1750,1050,1991850
NIFTY27OCT2217600CE.NFO,20/10/2022,09:17:44,72.25,72.2,500,72.4,1150,3250,1991850
NIFTY27OCT2217600CE.NFO,20/10/2022,09:17:45,72.25,72.1,900,72.3,450,5400,1991850
NIFTY27OCT2217600CE.NFO,20/10/2022,09:17:47,72.5,72.35,650,72.55,300,1400,1991850
NIFTY27OCT2217600CE.NFO,20/10/2022,09:17:49,72.1,71.9,400,72.1,350,2450,1991850
NIFTY27OCT2217600CE.NFO,20/10/2022,09:17:50,71.9,71.75,300,71.9,1150,4900,1991850
NIFTY27OCT2217600CE.NFO,20/10/2022,09:17:52,72.15,72.15,50,72.25,100,7350,1991850
NIFTY27OCT2217600CE.NFO,20/10/2022,09:17:54,71.75,71.7,50,71.85,1850,450,1991850
NIFTY27OCT2217600CE.NFO,20/10/2022,09:17:55,72.05,71.85,400,72.05,50,4200,1991850
NIFTY27OCT2217600CE.NFO,20/10/2022,09:17:57,72.3,72.2,450,72.4,200,3950,1991850
NIFTY27OCT2217600CE.NFO,20/10/2022,09:17:59,71.95,71.9,1150,71.95,400,2850,1991850
NIFTY27OCT2217600CE.NFO,20/10/2022,09:18:00,71.15,71,2600,71.15,250,2900,1991850
NIFTY27OCT2217600CE.NFO,20/10/2022,09:18:02,71.2,71.3,150,71.45,900,10800,1991850
NIFTY27OCT2217600CE.NFO,20/10/2022,09:18:04,70.95,71,500,71.2,400,5750,1991850
NIFTY27OCT2217600CE.NFO,20/10/2022,09:18:05,70.9,70.9,50,71.1,1800,3650,1991850
NIFTY27OCT2217600CE.NFO,20/10/2022,09:18:07,70.45,70.45,100,70.6,1500,1500,1991850
NIFTY27OCT2217600CE.NFO,20/10/2022,09:18:09,69.6,69.5,100,69.6,50,6850,1991850
NIFTY27OCT2217600CE.NFO,20/10/2022,09:18:10,69.95,69.75,300,69.95,1050,2350,1991850
NIFTY27OCT2217600CE.NFO,20/10/2022,09:18:12,70.1,69.9,50,70.05,1050,750,1991850
NIFTY27OCT2217600CE.NFO,20/10/2022,09:18:14,69.4,69.45,300,69.6,450,4400,1991850
NIFTY27OCT2217600CE.NFO,20/10/2022,09:18:15,69.5,69.45,300,69.6,1150,1550,1991850
NIFTY27OCT2217600CE.NFO,20/10/2022,09:18:17,69.9,69.75,1050,70,1150,1500,1991850
NIFTY27OCT2217600CE.NFO,20/10/2022,09:18:19,69.95,69.8,50,69.95,300,800,1991850
NIFTY27OCT2217600CE.NFO,20/10/2022,09:18:20,69.9,69.7,500,69.9,2300,200,1991850
NIFTY27OCT2217600CE.NFO,20/10/2022,09:18:22,69.7,69.35,50,69.55,1700,450,1991850
NIFTY27OCT2217600CE.NFO,20/10/2022,09:18:23,69.4,69.25,300,69.4,300,1350,1991850
NIFTY27OCT2217600CE.NFO,20/10/2022,09:18:25,69.4,69.2,50,69.4,800,450,1991850
NIFTY27OCT2217600CE.NFO,20/10/2022,09:18:27,69,68.9,50,69,950,3000,1991850
NIFTY27OCT2217600CE.NFO,20/10/2022,09:18:28,68.8,68.7,1200,68.9,200,700,1991850
NIFTY27OCT2217600CE.NFO,20/10/2022,09:18:30,68.95,68.85,50,69,1400,950,1991850
NIFTY27OCT2217600CE.NFO,20/10/2022,09:18:32,68.85,68.65,250,68.85,350,3500,1991850
NIFTY27OCT2217600CE.NFO,20/10/2022,09:18:33,69.15,68.8,200,68.95,800,3950,1991850
NIFTY27OCT2217600CE.NFO,20/10/2022,09:18:35,68.8,68.75,50,68.9,100,2400,1991850
NIFTY27OCT2217600CE.NFO,20/10/2022,09:18:37,69.4,69.25,200,69.45,550,4250,1991850
NIFTY27OCT2217600CE.NFO,20/10/2022,09:18:39,70,70.4,50,70.5,1050,4400,1991850
NIFTY27OCT2217600CE.NFO,20/10/2022,09:18:40,70.45,70.55,200,70.75,650,850,1991850
NIFTY27OCT2217600CE.NFO,20/10/2022,09:18:42,71.15,70.95,50,71.1,1450,4500,1991850
NIFTY27OCT2217600CE.NFO,20/10/2022,09:18:44,71.05,71,350,71.25,1450,14600,1991850
NIFTY27OCT2217600CE.NFO,20/10/2022,09:18:45,71.6,71.6,450,71.75,50,2950,1991850
NIFTY27OCT2217600CE.NFO,20/10/2022,09:18:47,71.9,71.85,50,71.95,500,4450,1991850
NIFTY27OCT2217600CE.NFO,20/10/2022,09:18:49,72.35,72.15,100,72.35,100,4800,1991850
NIFTY27OCT2217600CE.NFO,20/10/2022,09:18:50,72.1,72,250,72.15,50,3450,1991850
NIFTY27OCT2217600CE.NFO,20/10/2022,09:18:52,71.45,71.45,50,71.6,400,2350,1991850
NIFTY27OCT2217600CE.NFO,20/10/2022,09:18:54,71,70.95,700,71.15,1600,3850,1991850
NIFTY27OCT2217600CE.NFO,20/10/2022,09:18:55,71.65,71.6,650,71.75,50,3800,1991850
NIFTY27OCT2217600CE.NFO,20/10/2022,09:18:57,71.9,71.8,100,71.95,400,1350,1991850
NIFTY27OCT2217600CE.NFO,20/10/2022,09:18:59,71.75,71.65,300,71.8,650,3150,1991850
NIFTY27OCT2217600CE.NFO,20/10/2022,09:19:00,72.4,72.3,50,72.4,100,6300,1991850
NIFTY27OCT2217600CE.NFO,20/10/2022,09:19:02,71.75,71.6,600,71.75,2650,1400,1991850
NIFTY27OCT2217600CE.NFO,20/10/2022,09:19:04,71.1,71.05,300,71.2,850,4250,1991850
NIFTY27OCT2217600CE.NFO,20/10/2022,09:19:05,71.45,71.55,1300,71.7,800,3800,1991850
NIFTY27OCT2217600CE.NFO,20/10/2022,09:19:07,71.55,71.55,450,71.75,450,5800,1991850
NIFTY27OCT2217600CE.NFO,20/10/2022,09:19:09,71.8,71.85,300,71.95,50,3300,1991850
NIFTY27OCT2217600CE.NFO,20/10/2022,09:19:10,72,71.9,250,72.05,50,2100,1991850
NIFTY27OCT2217600CE.NFO,20/10/2022,09:19:12,71.95,71.8,450,72,750,3200,1991850
NIFTY27OCT2217600CE.NFO,20/10/2022,09:19:14,71.85,71.95,50,72.15,400,4300,1991850
NIFTY27OCT2217600CE.NFO,20/10/2022,09:19:15,73.1,73.05,250,73.25,1200,1600,1991850
NIFTY27OCT2217600CE.NFO,20/10/2022,09:19:17,72.65,72.6,150,72.7,500,9800,1991850
NIFTY27OCT2217600CE.NFO,20/10/2022,09:19:19,72.45,72.5,450,72.75,250,6150,1991850
NIFTY27OCT2217600CE.NFO,20/10/2022,09:19:20,73.15,73.4,100,73.55,250,1800,1991850
NIFTY27OCT2217600CE.NFO,20/10/2022,09:19:22,73.1,72.95,300,73.15,250,1300,1991850
NIFTY27OCT2217600CE.NFO,20/10/2022,09:19:23,72.9,72.7,250,72.9,450,1800,1991850
NIFTY27OCT2217600CE.NFO,20/10/2022,09:19:25,72.3,72.5,50,72.7,500,2700,1991850
NIFTY27OCT2217600CE.NFO,20/10/2022,09:19:27,73,72.9,300,73.1,250,300,1991850
NIFTY27OCT2217600CE.NFO,20/10/2022,09:19:28,72.95,73.05,350,73.2,300,1250,1991850
NIFTY27OCT2217600CE.NFO,20/10/2022,09:19:30,73.3,73,250,73.2,1800,1550,1991850
NIFTY27OCT2217600CE.NFO,20/10/2022,09:19:32,73.45,73.15,300,73.4,2500,500,1991850
NIFTY27OCT2217600CE.NFO,20/10/2022,09:19:33,73.1,73,50,73.1,1200,600,1991850
NIFTY27OCT2217600CE.NFO,20/10/2022,09:19:35,73,73.45,1000,73.65,350,1550,1991850
NIFTY27OCT2217600CE.NFO,20/10/2022,09:19:37,73.2,73.35,300,73.4,500,1250,1991850
NIFTY27OCT2217600CE.NFO,20/10/2022,09:19:38,73.1,73.05,50,73.2,450,2450,1991850
NIFTY27OCT2217600CE.NFO,20/10/2022,09:19:40,73.65,73.55,250,73.65,900,1500,1991850
NIFTY27OCT2217600CE.NFO,20/10/2022,09:19:42,73.65,73.45,250,73.65,2600,3350,1991850
NIFTY27OCT2217600CE.NFO,20/10/2022,09:19:43,73.45,73.3,900,73.5,600,4050,1991850
NIFTY27OCT2217600CE.NFO,20/10/2022,09:19:45,73.5,73.4,1050,73.7,150,1450,1991850
NIFTY27OCT2217600CE.NFO,20/10/2022,09:19:47,73.5,73.35,250,73.5,250,1850,1991850
NIFTY27OCT2217600CE.NFO,20/10/2022,09:19:48,73.75,73.75,500,73.95,200,5050,1991850
NIFTY27OCT2217600CE.NFO,20/10/2022,09:19:50,74.35,74.25,1950,74.55,2850,3400,1991850
NIFTY27OCT2217600CE.NFO,20/10/2022,09:19:52,74.8,74.8,200,74.95,50,900,1991850
NIFTY27OCT2217600CE.NFO,20/10/2022,09:19:53,75.1,74.95,100,75.1,100,5950,1991850
NIFTY27OCT2217600CE.NFO,20/10/2022,09:19:55,75.1,74.9,450,75.05,50,3500,1991850
NIFTY27OCT2217600CE.NFO,20/10/2022,09:19:57,75.05,75,550,75.25,650,2650,1991850
NIFTY27OCT2217600CE.NFO,20/10/2022,09:19:58,74.9,74.75,50,74.95,150,4300,1991850
NIFTY27OCT2217600CE.NFO,20/10/2022,09:20:00,74.75,74.55,150,74.8,400,2550,1991850
NIFTY27OCT2217600CE.NFO,20/10/2022,09:20:02,74,73.85,400,74.05,100,2950,1991850
NIFTY27OCT2217600CE.NFO,20/10/2022,09:20:03,74.45,74.25,100,74.5,1550,550,1991850
NIFTY27OCT2217600CE.NFO,20/10/2022,09:20:05,74.7,74.7,50,74.9,50,3550,1991850
NIFTY27OCT2217600CE.NFO,20/10/2022,09:20:07,75.1,74.85,50,75.1,650,2550,1991850
NIFTY27OCT2217600CE.NFO,20/10/2022,09:20:08,74.9,74.85,50,74.95,350,3250,1991850
NIFTY27OCT2217600CE.NFO,20/10/2022,09:20:10,75.35,75.2,1750,75.4,300,1750,1991850
NIFTY27OCT2217600CE.NFO,20/10/2022,09:20:12,75.7,75.9,50,76,600,250,1991850
NIFTY27OCT2217600CE.NFO,20/10/2022,09:20:13,76.15,76.1,50,76.2,1000,4300,1991850
NIFTY27OCT2217600CE.NFO,20/10/2022,09:20:15,75.8,75.6,650,75.8,1400,1900,1991850
NIFTY27OCT2217600CE.NFO,20/10/2022,09:20:17,75.35,75.4,250,75.6,950,1650,1991850
NIFTY27OCT2217600CE.NFO,20/10/2022,09:20:18,74.85,74.65,50,74.85,950,3700,1991850
NIFTY27OCT2217600CE.NFO,20/10/2022,09:20:20,74.65,74.6,300,74.85,700,3700,1991850
NIFTY27OCT2217600CE.NFO,20/10/2022,09:20:22,74.4,74.4,300,74.55,150,1400,1991850
NIFTY27OCT2217600CE.NFO,20/10/2022,09:20:23,74.3,74.35,50,74.5,250,1100,1991850
NIFTY27OCT2217600CE.NFO,20/10/2022,09:20:25,74.3,74.5,750,74.65,50,350,1991850
NIFTY27OCT2217600CE.NFO,20/10/2022,09:20:27,75.3,75.15,50,75.35,50,1900,1991850
NIFTY27OCT2217600CE.NFO,20/10/2022,09:20:28,74.55,74.7,50,74.8,100,4400,1991850
NIFTY27OCT2217600CE.NFO,20/10/2022,09:20:30,74.85,74.65,350,74.9,1350,800,1991850
NIFTY27OCT2217600CE.NFO,20/10/2022,09:20:32,74.45,74.4,50,74.6,250,1900,1991850
NIFTY27OCT2217600CE.NFO,20/10/2022,09:20:33,74.3,74.4,400,74.6,1450,250,1991850
NIFTY27OCT2217600CE.NFO,20/10/2022,09:20:35,74.6,74.5,750,74.7,800,1050,1991850
NIFTY27OCT2217600CE.NFO,20/10/2022,09:20:37,74.1,74.2,950,74.45,300,200,1991850
NIFTY27OCT2217600CE.NFO,20/10/2022,09:20:38,74.5,74.5,1500,74.75,300,1150,1987350
NIFTY27OCT2217600CE.NFO,20/10/2022,09:20:40,74.55,74.55,50,74.75,300,700,1987350
NIFTY27OCT2217600CE.NFO,20/10/2022,09:20:42,75.3,75.7,350,75.85,50,650,1987350
NIFTY27OCT2217600CE.NFO,20/10/2022,09:20:44,75.9,75.55,350,75.75,300,1800,1987350
NIFTY27OCT2217600CE.NFO,20/10/2022,09:20:45,75.75,75.85,550,76,1450,2550,1987350
NIFTY27OCT2217600CE.NFO,20/10/2022,09:20:47,76.25,76.15,100,76.35,150,3450,1987350
NIFTY27OCT2217600CE.NFO,20/10/2022,09:20:49,76.5,76.3,50,76.55,100,950,1987350
NIFTY27OCT2217600CE.NFO,20/10/2022,09:20:50,75.9,75.7,550,75.95,1050,1500,1987350
NIFTY27OCT2217600CE.NFO,20/10/2022,09:20:52,75.9,75.8,950,75.9,50,650,1987350
NIFTY27OCT2217600CE.NFO,20/10/2022,09:20:54,74.9,74.7,400,74.95,50,3750,1987350
NIFTY27OCT2217600CE.NFO,20/10/2022,09:20:55,75.05,74.85,600,75.05,50,350,1987350
NIFTY27OCT2217600CE.NFO,20/10/2022,09:20:57,75.25,75.05,250,75.25,100,600,1987350
NIFTY27OCT2217600CE.NFO,20/10/2022,09:20:59,74.65,74.8,200,75,1600,350,1987350
NIFTY27OCT2217600CE.NFO,20/10/2022,09:21:00,74.75,74.7,300,74.9,250,3550,1987350
NIFTY27OCT2217600CE.NFO,20/10/2022,09:21:02,75.15,74.95,50,75.1,100,150,1987350
NIFTY27OCT2217600CE.NFO,20/10/2022,09:21:03,74.55,74.45,150,74.65,550,1200,1987350
NIFTY27OCT2217600CE.NFO,20/10/2022,09:21:05,74.85,74.8,250,74.95,50,350,1987350
NIFTY27OCT2217600CE.NFO,20/10/2022,09:21:07,74.8,74.8,50,75,350,2650,1987350
NIFTY27OCT2217600CE.NFO,20/10/2022,09:21:08,74.9,74.85,100,75,100,150,1987350
NIFTY27OCT2217600CE.NFO,20/10/2022,09:21:10,74.7,74.5,50,74.7,700,2600,1987350
NIFTY27OCT2217600CE.NFO,20/10/2022,09:21:12,74.25,74,1150,74.2,1100,2850,1987350
NIFTY27OCT2217600CE.NFO,20/10/2022,09:21:13,74.65,74.45,1300,74.7,1650,500,1987350
NIFTY27OCT2217600CE.NFO,20/10/2022,09:21:15,74.95,74.9,350,75.1,1300,750,1987350
NIFTY27OCT2217600CE.NFO,20/10/2022,09:21:17,74.6,74.4,350,74.65,2150,250,1987350
NIFTY27OCT2217600CE.NFO,20/10/2022,09:21:18,74.25,74.25,300,74.5,1000,700,1987350
NIFTY27OCT2217600CE.NFO,20/10/2022,09:21:20,73.45,73.5,200,73.7,1450,2350,1987350
NIFTY27OCT2217600CE.NFO,20/10/2022,09:21:22,74.15,74.15,1500,74.35,50,250,1987350
NIFTY27OCT2217600CE.NFO,20/10/2022,09:21:23,74.6,74.6,950,74.8,300,650,1987350
NIFTY27OCT2217600CE.NFO,20/10/2022,09:21:25,74.45,74.3,50,74.5,2150,300,1987350
NIFTY27OCT2217600CE.NFO,20/10/2022,09:21:27,74.9,74.7,50,74.9,300,2400,1987350
NIFTY27OCT2217600CE.NFO,20/10/2022,09:21:28,74.55,74.55,1700,74.8,550,3150,1987350
NIFTY27OCT2217600CE.NFO,20/10/2022,09:21:30,74.5,74.6,50,74.8,500,4050,1987350
NIFTY27OCT2217600CE.NFO,20/10/2022,09:21:32,74.35,74.3,350,74.5,1250,550,1987350
NIFTY27OCT2217600CE.NFO,20/10/2022,09:21:33,74.55,74.4,200,74.45,100,800,1987350
NIFTY27OCT2217600CE.NFO,20/10/2022,09:21:35,74.2,74.05,150,74.25,1700,1350,1987350
NIFTY27OCT2217600CE.NFO,20/10/2022,09:21:37,74.5,74.5,2050,74.7,50,1300,1987350
NIFTY27OCT2217600CE.NFO,20/10/2022,09:21:38,74.65,74.65,150,74.9,350,250,1987350
NIFTY27OCT2217600CE.NFO,20/10/2022,09:21:40,74.7,74.5,50,74.65,100,1700,1987350
NIFTY27OCT2217600CE.NFO,20/10/2022,09:21:42,74.45,74.45,1100,74.7,1800,200,1987350
NIFTY27OCT2217600CE.NFO,20/10/2022,09:21:43,74.6,74.4,950,74.6,900,300,1987350
NIFTY27OCT2217600CE.NFO,20/10/2022,09:21:45,74.65,74.6,50,74.7,750,600,1987350
NIFTY27OCT2217600CE.NFO,20/10/2022,09:21:47,74.7,74.5,50,74.7,1650,300,1987350
NIFTY27OCT2217600CE.NFO,20/10/2022,09:21:48,74.65,74.6,1850,74.8,1250,200,1987350
NIFTY27OCT2217600CE.NFO,20/10/2022,09:21:50,74.6,74.6,950,74.75,1000,500,1987350
NIFTY27OCT2217600CE.NFO,20/10/2022,09:21:52,74.95,74.8,1650,75,2550,200,1987350
NIFTY27OCT2217600CE.NFO,20/10/2022,09:21:53,75.4,75.25,450,75.45,1400,2250,1987350
NIFTY27OCT2217600CE.NFO,20/10/2022,09:21:55,75.8,75.65,350,75.85,1350,200,1987350
NIFTY27OCT2217600CE.NFO,20/10/2022,09:21:57,75.8,75.6,1000,75.8,1250,0,1987350
NIFTY27OCT2217600CE.NFO,20/10/2022,09:21:58,75.45,75.45,50,75.6,1300,900,1987350
NIFTY27OCT2217600CE.NFO,20/10/2022,09:22:00,75.15,75.3,50,75.45,50,1600,1987350
NIFTY27OCT2217600CE.NFO,20/10/2022,09:22:02,75,74.95,100,75.15,450,1950,1987350
NIFTY27OCT2217600CE.NFO,20/10/2022,09:22:03,74.95,74.85,250,75,1700,300,1987350
NIFTY27OCT2217600CE.NFO,20/10/2022,09:22:05,75.65,75.55,1800,75.7,50,1200,1987350
NIFTY27OCT2217600CE.NFO,20/10/2022,09:22:07,75.6,75.35,600,75.6,1800,350,1987350
NIFTY27OCT2217600CE.NFO,20/10/2022,09:22:08,75.1,75,450,75.2,400,2550,1987350
NIFTY27OCT2217600CE.NFO,20/10/2022,09:22:10,74.4,74.25,350,74.4,50,2150,1987350
NIFTY27OCT2217600CE.NFO,20/10/2022,09:22:12,74.65,74.6,100,74.8,400,400,1987350
NIFTY27OCT2217600CE.NFO,20/10/2022,09:22:13,74.8,74.65,50,74.85,900,100,1987350
NIFTY27OCT2217600CE.NFO,20/10/2022,09:22:15,74.45,74.55,350,74.7,750,550,1987350
NIFTY27OCT2217600CE.NFO,20/10/2022,09:22:17,75,74.9,800,75,50,200,1987350
NIFTY27OCT2217600CE.NFO,20/10/2022,09:22:18,75,75,350,75.15,300,200,1987350
NIFTY27OCT2217600CE.NFO,20/10/2022,09:22:20,74.85,74.9,50,75,950,350,1987350
NIFTY27OCT2217600CE.NFO,20/10/2022,09:22:22,74.8,74.8,400,75.05,1550,600,1987350
NIFTY27OCT2217600CE.NFO,20/10/2022,09:22:24,74.6,74.65,400,74.75,50,1050,1987350
NIFTY27OCT2217600CE.NFO,20/10/2022,09:22:25,74.75,74.6,450,74.8,800,700,1987350
NIFTY27OCT2217600CE.NFO,20/10/2022,09:22:27,74.6,74.55,50,74.7,1800,700,1987350
NIFTY27OCT2217600CE.NFO,20/10/2022,09:22:29,75.1,74.95,100,75.1,400,1750,1987350
NIFTY27OCT2217600CE.NFO,20/10/2022,09:22:30,75.45,75.3,50,75.5,50,3650,1987350
NIFTY27OCT2217600CE.NFO,20/10/2022,09:22:32,75.25,75.25,300,75.45,600,2250,1987350
NIFTY27OCT2217600CE.NFO,20/10/2022,09:22:34,75.8,75.65,300,75.85,200,2050,1987350
NIFTY27OCT2217600CE.NFO,20/10/2022,09:22:35,75.8,75.75,300,76,200,1450,1987350
NIFTY27OCT2217600CE.NFO,20/10/2022,09:22:37,75.8,75.5,250,75.65,100,1850,1987350
NIFTY27OCT2217600CE.NFO,20/10/2022,09:22:39,75.4,75.4,100,75.5,650,700,1987350
NIFTY27OCT2217600CE.NFO,20/10/2022,09:22:40,75.3,75.65,1800,75.85,300,750,1987350
NIFTY27OCT2217600CE.NFO,20/10/2022,09:22:42,75.9,75.7,950,75.9,50,50,1987350
NIFTY27OCT2217600CE.NFO,20/10/2022,09:22:44,75.85,75.8,100,76,1750,900,1987350
NIFTY27OCT2217600CE.NFO,20/10/2022,09:22:45,75.95,75.8,550,76.05,2000,1500,1987350
NIFTY27OCT2217600CE.NFO,20/10/2022,09:22:47,76,75.75,750,76,150,3450,1987350
NIFTY27OCT2217600CE.NFO,20/10/2022,09:22:49,75.8,75.75,50,75.95,300,550,1987350
NIFTY27OCT2217600CE.NFO,20/10/2022,09:22:50,75.8,75.8,600,76.05,50,200,1987350
NIFTY27OCT2217600CE.NFO,20/10/2022,09:22:52,75.5,75.35,300,75.55,50,1300,1987350
NIFTY27OCT2217600CE.NFO,20/10/2022,09:22:54,75.45,75.75,450,75.9,100,1000,1987350
NIFTY27OCT2217600CE.NFO,20/10/2022,09:22:55,75.65,75.6,550,75.8,50,650,1987350
NIFTY27OCT2217600CE.NFO,20/10/2022,09:22:57,75.8,75.55,300,75.75,300,1000,1987350
NIFTY27OCT2217600CE.NFO,20/10/2022,09:22:59,75.65,75.25,50,75.45,350,400,1987350
NIFTY27OCT2217600CE.NFO,20/10/2022,09:23:00,75.35,75.25,250,75.35,350,4300,1987350
NIFTY27OCT2217600CE.NFO,20/10/2022,09:23:02,75.15,74.95,350,75.25,50,3900,1987350
NIFTY27OCT2217600CE.NFO,20/10/2022,09:23:04,75.1,75.1,100,75.2,50,450,1987350
NIFTY27OCT2217600CE.NFO,20/10/2022,09:23:05,75.2,75.1,400,75.35,1350,700,1987350
NIFTY27OCT2217600CE.NFO,20/10/2022,09:23:07,75.25,75.25,50,75.45,50,1650,1987350
NIFTY27OCT2217600CE.NFO,20/10/2022,09:23:09,74.9,74.55,200,74.75,100,2450,1987350
NIFTY27OCT2217600CE.NFO,20/10/2022,09:23:10,75,74.8,1100,75,150,2900,1987350
NIFTY27OCT2217600CE.NFO,20/10/2022,09:23:12,74.95,74.85,50,75.1,1100,1550,1987350
NIFTY27OCT2217600CE.NFO,20/10/2022,09:23:14,75.5,75.35,50,75.45,100,600,1987350
NIFTY27OCT2217600CE.NFO,20/10/2022,09:23:15,74.95,74.95,200,75.05,50,950,1987350
NIFTY27OCT2217600CE.NFO,20/10/2022,09:23:17,74.95,74.55,200,74.8,1100,350,1987350
NIFTY27OCT2217600CE.NFO,20/10/2022,09:23:19,75.15,75.1,1750,75.35,550,350,1987350
NIFTY27OCT2217600CE.NFO,20/10/2022,09:23:20,74.75,74.6,100,74.8,1000,1100,1987350
NIFTY27OCT2217600CE.NFO,20/10/2022,09:23:22,74.75,74.55,300,74.7,750,1450,1987350
NIFTY27OCT2217600CE.NFO,20/10/2022,09:23:24,74.7,74.5,50,74.7,500,1950,1987350
NIFTY27OCT2217600CE.NFO,20/10/2022,09:23:25,74.3,74.1,2050,74.35,350,1600,1987350
NIFTY27OCT2217600CE.NFO,20/10/2022,09:23:27,74.5,74.4,1000,74.5,650,3600,1987350
NIFTY27OCT2217600CE.NFO,20/10/2022,09:23:29,74.45,74.3,300,74.5,50,1150,1987350
NIFTY27OCT2217600CE.NFO,20/10/2022,09:23:30,74.3,74.3,450,74.55,2050,850,1987350
NIFTY27OCT2217600CE.NFO,20/10/2022,09:23:32,74.25,74.05,300,74.2,50,900,1987350
NIFTY27OCT2217600CE.NFO,20/10/2022,09:23:34,74.25,73.95,50,74.15,350,2500,1987350
NIFTY27OCT2217600CE.NFO,20/10/2022,09:23:35,74.1,74.1,50,74.25,1100,400,1987350
NIFTY27OCT2217600CE.NFO,20/10/2022,09:23:37,73.9,73.75,300,73.95,100,900,1987350
NIFTY27OCT2217600CE.NFO,20/10/2022,09:23:39,74.3,74,50,74.25,850,3350,1981800
NIFTY27OCT2217600CE.NFO,20/10/2022,09:23:40,73.8,73.7,1750,73.95,1000,350,1981800
NIFTY27OCT2217600CE.NFO,20/10/2022,09:23:42,73.9,74,500,74.2,300,250,1981800
NIFTY27OCT2217600CE.NFO,20/10/2022,09:23:44,74.35,74.1,350,74.35,350,1750,1981800
NIFTY27OCT2217600CE.NFO,20/10/2022,09:23:45,74.15,74,350,74.15,50,550,1981800
NIFTY27OCT2217600CE.NFO,20/10/2022,09:23:47,74.15,74.25,250,74.4,1200,150,1981800
NIFTY27OCT2217600CE.NFO,20/10/2022,09:23:49,74.5,74.35,300,74.55,600,600,1981800
NIFTY27OCT2217600CE.NFO,20/10/2022,09:23:50,74.05,74,50,74.15,50,2100,1981800
NIFTY27OCT2217600CE.NFO,20/10/2022,09:23:52,74.25,74.2,450,74.3,50,1200,1981800
NIFTY27OCT2217600CE.NFO,20/10/2022,09:23:54,74.45,74,350,74.2,50,300,1981800
NIFTY27OCT2217600CE.NFO,20/10/2022,09:23:55,74,74,100,74.15,1600,1850,1981800
NIFTY27OCT2217600CE.NFO,20/10/2022,09:23:57,73.6,73.55,300,73.8,2350,1950,1981800
NIFTY27OCT2217600CE.NFO,20/10/2022,09:23:59,73.7,73.5,1250,73.7,100,500,1981800
NIFTY27OCT2217600CE.NFO,20/10/2022,09:24:00,74,74,50,74.1,1550,100,1981800
NIFTY27OCT2217600CE.NFO,20/10/2022,09:24:02,74.5,74.35,350,74.6,100,300,1981800
NIFTY27OCT2217600CE.NFO,20/10/2022,09:24:04,74.2,74.1,1150,74.2,2800,350,1981800
NIFTY27OCT2217600CE.NFO,20/10/2022,09:24:05,74.4,74.35,750,74.6,350,2950,1981800
NIFTY27OCT2217600CE.NFO,20/10/2022,09:24:07,74.6,74.35,600,74.55,450,6250,1981800
NIFTY27OCT2217600CE.NFO,20/10/2022,09:24:09,74.4,74.4,900,74.6,350,750,1981800
NIFTY27OCT2217600CE.NFO,20/10/2022,09:24:10,74.5,74.55,100,74.75,400,650,1981800
NIFTY27OCT2217600CE.NFO,20/10/2022,09:24:12,74.75,74.5,650,74.7,1500,300,1981800
NIFTY27OCT2217600CE.NFO,20/10/2022,09:24:14,74.7,74.45,400,74.65,350,100,1981800
NIFTY27OCT2217600CE.NFO,20/10/2022,09:24:15,74.5,74.4,250,74.55,350,1450,1981800
NIFTY27OCT2217600CE.NFO,20/10/2022,09:24:17,74.45,74.4,1200,74.65,150,1300,1981800
NIFTY27OCT2217600CE.NFO,20/10/2022,09:24:19,74.2,74.45,250,74.65,350,800,1981800
NIFTY27OCT2217600CE.NFO,20/10/2022,09:24:20,74.7,74.6,100,74.85,1100,400,1981800
NIFTY27OCT2217600CE.NFO,20/10/2022,09:24:22,75.05,75,500,75.15,50,2200,1981800
NIFTY27OCT2217600CE.NFO,20/10/2022,09:24:24,75.1,75.1,50,75.3,100,750,1981800
NIFTY27OCT2217600CE.NFO,20/10/2022,09:24:25,74.8,74.75,100,74.85,300,100,1981800
NIFTY27OCT2217600CE.NFO,20/10/2022,09:24:27,75,75,200,75.1,100,1500,1981800
NIFTY27OCT2217600CE.NFO,20/10/2022,09:24:29,75.3,75.35,1700,75.55,50,1400,1981800
NIFTY27OCT2217600CE.NFO,20/10/2022,09:24:30,75.7,75.55,300,75.75,150,2050,1981800
NIFTY27OCT2217600CE.NFO,20/10/2022,09:24:32,75.45,75.25,50,75.45,350,1000,1981800
NIFTY27OCT2217600CE.NFO,20/10/2022,09:24:34,75.4,75.35,800,75.6,700,600,1981800
NIFTY27OCT2217600CE.NFO,20/10/2022,09:24:35,75.2,75.2,1300,75.4,100,1000,1981800
NIFTY27OCT2217600CE.NFO,20/10/2022,09:24:37,75.15,75.05,50,75.25,800,450,1981800
NIFTY27OCT2217600CE.NFO,20/10/2022,09:24:39,75.15,74.7,350,74.9,500,1200,1981800
NIFTY27OCT2217600CE.NFO,20/10/2022,09:24:40,74.85,74.8,1500,75,50,800,1981800
NIFTY27OCT2217600CE.NFO,20/10/2022,09:24:42,74.9,74.85,2350,75.05,400,1750,1981800
NIFTY27OCT2217600CE.NFO,20/10/2022,09:24:44,75.05,75,2900,75.25,300,350,1981800
NIFTY27OCT2217600CE.NFO,20/10/2022,09:24:45,75.3,75.15,50,75.3,400,2050,1981800
NIFTY27OCT2217600CE.NFO,20/10/2022,09:24:47,74.55,74.45,200,74.65,400,700,1981800
NIFTY27OCT2217600CE.NFO,20/10/2022,09:24:49,74.35,74.25,350,74.45,50,2000,1981800
NIFTY27OCT2217600CE.NFO,20/10/2022,09:24:50,74.6,74.75,350,74.95,50,200,1981800
NIFTY27OCT2217600CE.NFO,20/10/2022,09:24:52,74.75,74.85,1200,75.05,50,450,1981800
NIFTY27OCT2217600CE.NFO,20/10/2022,09:24:54,75.05,74.9,400,75.15,1450,150,1981800
NIFTY27OCT2217600CE.NFO,20/10/2022,09:24:55,75.1,75.05,450,75.25,450,10600,1981800
NIFTY27OCT2217600CE.NFO,20/10/2022,09:24:57,75,74.95,400,75.2,2150,250,1981800
NIFTY27OCT2217600CE.NFO,20/10/2022,09:24:59,74.85,74.8,1150,75.05,50,550,1981800
NIFTY27OCT2217600CE.NFO,20/10/2022,09:25:00,74.45,74.4,50,74.5,300,1600,1981800
NIFTY27OCT2217600CE.NFO,20/10/2022,09:25:02,74.1,74.15,350,74.35,200,500,1981800
NIFTY27OCT2217600CE.NFO,20/10/2022,09:25:04,74.05,74.1,100,74.3,300,4500,1981800
NIFTY27OCT2217600CE.NFO,20/10/2022,09:25:05,74.2,74.35,300,74.45,50,400,1981800
NIFTY27OCT2217600CE.NFO,20/10/2022,09:25:07,74.05,73.85,600,74.1,1500,2000,1981800
NIFTY27OCT2217600CE.NFO,20/10/2022,09:25:09,74.4,74.1,450,74.3,400,1500,1981800
NIFTY27OCT2217600CE.NFO,20/10/2022,09:25:10,74.2,73.95,50,74.1,800,1200,1981800
NIFTY27OCT2217600CE.NFO,20/10/2022,09:25:12,74.05,73.9,1000,74.1,50,800,1981800
NIFTY27OCT2217600CE.NFO,20/10/2022,09:25:14,74,73.85,150,74.05,300,300,1981800
NIFTY27OCT2217600CE.NFO,20/10/2022,09:25:15,74,73.75,50,74,2050,800,1981800
NIFTY27OCT2217600CE.NFO,20/10/2022,09:25:17,73.7,73.7,1900,73.9,50,1100,1981800
NIFTY27OCT2217600CE.NFO,20/10/2022,09:25:19,74.2,73.95,900,74.15,50,850,1981800
NIFTY27OCT2217600CE.NFO,20/10/2022,09:25:20,73.85,74.15,100,74.35,400,200,1981800
NIFTY27OCT2217600CE.NFO,20/10/2022,09:25:22,75,74.9,100,75.05,50,400,1981800
NIFTY27OCT2217600CE.NFO,20/10/2022,09:25:24,74.95,74.95,200,75.2,1800,750,1981800
NIFTY27OCT2217600CE.NFO,20/10/2022,09:25:25,75.1,75.15,50,75.35,1550,950,1981800
NIFTY27OCT2217600CE.NFO,20/10/2022,09:25:27,75.45,75.5,100,75.7,50,1100,1981800
NIFTY27OCT2217600CE.NFO,20/10/2022,09:25:29,75.95,75.7,450,75.95,350,3500,1981800
NIFTY27OCT2217600CE.NFO,20/10/2022,09:25:30,78.7,78.45,400,78.7,50,9700,1981800
NIFTY27OCT2217600CE.NFO,20/10/2022,09:25:32,77.35,77.1,400,77.35,350,6800,1981800
NIFTY27OCT2217600CE.NFO,20/10/2022,09:25:34,76.85,76.65,250,76.8,50,2900,1981800
NIFTY27OCT2217600CE.NFO,20/10/2022,09:25:35,77.5,77.3,50,77.55,100,1300,1981800
NIFTY27OCT2217600CE.NFO,20/10/2022,09:25:37,77.2,77.25,300,77.4,700,600,1981800
NIFTY27OCT2217600CE.NFO,20/10/2022,09:25:39,78,78.15,1200,78.2,150,4500,1981800
NIFTY27OCT2217600CE.NFO,20/10/2022,09:25:40,78.15,78.2,250,78.3,50,2050,1981800
NIFTY27OCT2217600CE.NFO,20/10/2022,09:25:42,78.15,77.85,600,78.05,50,2300,1981800
NIFTY27OCT2217600CE.NFO,20/10/2022,09:25:44,77.9,77.55,300,77.8,650,1150,1981800
NIFTY27OCT2217600CE.NFO,20/10/2022,09:25:45,77.9,77.8,50,78,50,650,1981800
NIFTY27OCT2217600CE.NFO,20/10/2022,09:25:47,77,76.85,100,76.95,100,600,1981800
NIFTY27OCT2217600CE.NFO,20/10/2022,09:25:49,77,77.05,50,77.25,300,800,1981800
NIFTY27OCT2217600CE.NFO,20/10/2022,09:25:50,76.35,76.25,100,76.4,100,2050,1981800
NIFTY27OCT2217600CE.NFO,20/10/2022,09:25:52,76.45,76.3,1050,76.55,400,1450,1981800
NIFTY27OCT2217600CE.NFO,20/10/2022,09:25:54,76.8,76.6,350,76.75,100,6600,1981800
NIFTY27OCT2217600CE.NFO,20/10/2022,09:25:55,77.35,77.3,200,77.45,100,1150,1981800
NIFTY27OCT2217600CE.NFO,20/10/2022,09:25:57,76.9,76.75,350,76.95,550,1750,1981800
NIFTY27OCT2217600CE.NFO,20/10/2022,09:25:59,76.9,76.95,100,77.2,400,1450,1981800
NIFTY27OCT2217600CE.NFO,20/10/2022,09:26:00,77.6,77.55,250,77.7,50,1650,1981800
NIFTY27OCT2217600CE.NFO,20/10/2022,09:26:02,76.9,77,250,77.15,250,600,1981800
NIFTY27OCT2217600CE.NFO,20/10/2022,09:26:04,77.55,77.15,300,77.35,800,300,1981800
NIFTY27OCT2217600CE.NFO,20/10/2022,09:26:05,77.2,76.75,150,76.9,900,1600,1981800
NIFTY27OCT2217600CE.NFO,20/10/2022,09:26:07,76.65,76.45,100,76.65,400,750,1981800
NIFTY27OCT2217600CE.NFO,20/10/2022,09:26:09,76.35,76.35,1100,76.55,400,500,1981800
NIFTY27OCT2217600CE.NFO,20/10/2022,09:26:10,76.5,76.35,900,76.55,750,1600,1981800
NIFTY27OCT2217600CE.NFO,20/10/2022,09:26:12,76.4,76,2050,76.15,500,1100,1981800
NIFTY27OCT2217600CE.NFO,20/10/2022,09:26:14,75.85,75.75,100,75.9,750,2600,1981800
NIFTY27OCT2217600CE.NFO,20/10/2022,09:26:15,76.25,76.1,250,76.3,650,900,1981800
NIFTY27OCT2217600CE.NFO,20/10/2022,09:26:17,76.45,76.25,650,76.45,150,100,1981800
NIFTY27OCT2217600CE.NFO,20/10/2022,09:26:19,76.55,76.45,100,76.65,200,700,1981800
NIFTY27OCT2217600CE.NFO,20/10/2022,09:26:20,77.05,76.8,550,77.05,700,700,1981800
NIFTY27OCT2217600CE.NFO,20/10/2022,09:26:22,76.75,76.6,400,76.85,100,200,1981800
NIFTY27OCT2217600CE.NFO,20/10/2022,09:26:24,76.6,76.35,350,76.5,300,850,1981800
NIFTY27OCT2217600CE.NFO,20/10/2022,09:26:25,76.55,76.5,1300,76.7,300,1850,1981800
NIFTY27OCT2217600CE.NFO,20/10/2022,09:26:27,76.3,76.25,50,76.4,300,400,1981800
NIFTY27OCT2217600CE.NFO,20/10/2022,09:26:29,76.15,76,250,76.1,600,800,1981800
NIFTY27OCT2217600CE.NFO,20/10/2022,09:26:30,75.8,75.9,250,76,100,1700,1981800
NIFTY27OCT2217600CE.NFO,20/10/2022,09:26:32,75.5,75.65,250,75.85,600,500,1981800
NIFTY27OCT2217600CE.NFO,20/10/2022,09:26:34,75.55,75.4,1100,75.6,950,1450,1981800
NIFTY27OCT2217600CE.NFO,20/10/2022,09:26:35,75.15,75,450,75.15,650,4050,1981800
NIFTY27OCT2217600CE.NFO,20/10/2022,09:26:37,75.4,75.35,350,75.45,50,1600,1981800
NIFTY27OCT2217600CE.NFO,20/10/2022,09:26:39,75.65,75.6,1150,75.75,50,750,1981800
NIFTY27OCT2217600CE.NFO,20/10/2022,09:26:40,75.3,75.25,400,75.5,250,3200,2005700
NIFTY27OCT2217600CE.NFO,20/10/2022,09:26:42,75.55,75.35,750,75.55,1300,700,2005700
NIFTY27OCT2217600CE.NFO,20/10/2022,09:26:44,74.6,74.15,50,74.35,950,1800,2005700
NIFTY27OCT2217600CE.NFO,20/10/2022,09:26:45,74.3,74.55,400,74.8,1900,800,2005700
NIFTY27OCT2217600CE.NFO,20/10/2022,09:26:47,74.15,74.05,450,74.2,250,600,2005700
NIFTY27OCT2217600CE.NFO,20/10/2022,09:26:49,73.9,73.6,50,73.8,650,2200,2005700
NIFTY27OCT2217600CE.NFO,20/10/2022,09:26:50,73.55,73.4,300,73.65,950,3250,2005700
NIFTY27OCT2217600CE.NFO,20/10/2022,09:26:52,73.15,72.75,300,72.9,950,2550,2005700
NIFTY27OCT2217600CE.NFO,20/10/2022,09:26:54,72.8,72.6,50,72.65,100,1950,2005700
NIFTY27OCT2217600CE.NFO,20/10/2022,09:26:55,72.85,72.85,100,73,450,4800,2005700
NIFTY27OCT2217600CE.NFO,20/10/2022,09:26:57,72.8,72.55,50,72.75,350,2300,2005700
NIFTY27OCT2217600CE.NFO,20/10/2022,09:26:59,73.4,73.35,250,73.5,50,2400,2005700
NIFTY27OCT2217600CE.NFO,20/10/2022,09:27:00,72.75,72.55,200,72.75,250,900,2005700
NIFTY27OCT2217600CE.NFO,20/10/2022,09:27:02,73.35,73.1,750,73.3,150,3000,2005700
NIFTY27OCT2217600CE.NFO,20/10/2022,09:27:04,73,72.65,200,72.9,400,2000,2005700
NIFTY27OCT2217600CE.NFO,20/10/2022,09:27:05,73,72.95,600,73.15,100,400,2005700
NIFTY27OCT2217600CE.NFO,20/10/2022,09:27:07,73,73,1100,73.2,400,1150,2005700
NIFTY27OCT2217600CE.NFO,20/10/2022,09:27:09,73.7,73.65,150,73.8,450,5400,2005700
NIFTY27OCT2217600CE.NFO,20/10/2022,09:27:10,74.2,74.1,50,74.3,250,1150,2005700
NIFTY27OCT2217600CE.NFO,20/10/2022,09:27:12,74.25,74.2,150,74.4,800,250,2005700
NIFTY27OCT2217600CE.NFO,20/10/2022,09:27:14,74.4,74.35,400,74.6,350,150,2005700
NIFTY27OCT2217600CE.NFO,20/10/2022,09:27:15,74.15,73.85,700,74.1,450,200,2005700
NIFTY27OCT2217600CE.NFO,20/10/2022,09:27:17,74.4,74.35,950,74.6,250,1750,2005700
NIFTY27OCT2217600CE.NFO,20/10/2022,09:27:19,74.15,74.15,350,74.35,100,2850,2005700
NIFTY27OCT2217600CE.NFO,20/10/2022,09:27:20,73.5,73.4,400,73.6,250,3450,2005700
NIFTY27OCT2217600CE.NFO,20/10/2022,09:27:22,73.35,73.4,900,73.6,50,50,2005700
NIFTY27OCT2217600CE.NFO,20/10/2022,09:27:24,73.75,73.7,250,73.85,50,2300,2005700
NIFTY27OCT2217600CE.NFO,20/10/2022,09:27:25,74,74,50,74.1,500,400,2005700
NIFTY27OCT2217600CE.NFO,20/10/2022,09:27:27,73.75,73.45,50,73.6,700,2150,2005700
NIFTY27OCT2217600CE.NFO,20/10/2022,09:27:29,73.5,73.35,150,73.5,500,800,2005700
NIFTY27OCT2217600CE.NFO,20/10/2022,09:27:30,73.45,73.5,400,73.7,50,1700,2005700
NIFTY27OCT2217600CE.NFO,20/10/2022,09:27:32,73.7,73.55,500,73.75,300,150,2005700
NIFTY27OCT2217600CE.NFO,20/10/2022,09:27:34,73.85,73.85,250,74.05,700,3050,2005700
NIFTY27OCT2217600CE.NFO,20/10/2022,09:27:35,74.4,74.4,1200,74.6,450,550,2005700
NIFTY27OCT2217600CE.NFO,20/10/2022,09:27:37,74.25,74.15,350,74.35,850,2750,2005700
NIFTY27OCT2217600CE.NFO,20/10/2022,09:27:39,74.5,74.4,550,74.55,300,150,2005700
NIFTY27OCT2217600CE.NFO,20/10/2022,09:27:40,74.25,74.1,3250,74.3,50,1000,2005700
NIFTY27OCT2217600CE.NFO,20/10/2022,09:27:42,74.3,74.25,50,74.3,450,2900,2005700
NIFTY27OCT2217600CE.NFO,20/10/2022,09:27:44,74.1,73.95,2800,74.2,250,500,2005700
NIFTY27OCT2217600CE.NFO,20/10/2022,09:27:45,73.7,73.55,800,73.75,50,850,2005700
NIFTY27OCT2217600CE.NFO,20/10/2022,09:27:47,73.75,73.6,1500,73.8,50,1200,2005700
NIFTY27OCT2217600CE.NFO,20/10/2022,09:27:49,73.65,73.7,50,73.9,1150,500,2005700
NIFTY27OCT2217600CE.NFO,20/10/2022,09:27:50,73.7,73.65,100,73.85,450,200,2005700
NIFTY27OCT2217600CE.NFO,20/10/2022,09:27:52,74.2,74.35,2600,74.6,50,3250,2005700
NIFTY27OCT2217600CE.NFO,20/10/2022,09:27:54,74.9,74.65,350,74.8,450,600,2005700
NIFTY27OCT2217600CE.NFO,20/10/2022,09:27:55,74.7,74.65,50,74.8,300,550,2005700
NIFTY27OCT2217600CE.NFO,20/10/2022,09:27:57,74.35,74.1,1350,74.3,350,1000,2005700
NIFTY27OCT2217600CE.NFO,20/10/2022,09:27:59,74.45,74.25,950,74.45,50,150,2005700
NIFTY27OCT2217600CE.NFO,20/10/2022,09:28:00,74.15,74.05,400,74.25,950,150,2005700
NIFTY27OCT2217600CE.NFO,20/10/2022,09:28:02,74.05,74.2,1200,74.4,650,750,2005700
NIFTY27OCT2217600CE.NFO,20/10/2022,09:28:04,74.15,74.3,100,74.5,750,100,2005700
NIFTY27OCT2217600CE.NFO,20/10/2022,09:28:05,74.6,74.6,400,74.85,500,450,2005700
NIFTY27OCT2217600CE.NFO,20/10/2022,09:28:07,75,74.85,950,75,250,250,2005700
NIFTY27OCT2217600CE.NFO,20/10/2022,09:28:09,75.65,75.5,800,75.7,100,2500,2005700
NIFTY27OCT2217600CE.NFO,20/10/2022,09:28:10,75.4,75.5,450,75.7,400,7300,2005700
NIFTY27OCT2217600CE.NFO,20/10/2022,09:28:12,75.1,74.7,400,74.9,800,300,2005700
NIFTY27OCT2217600CE.NFO,20/10/2022,09:28:14,74.8,74.5,450,74.7,50,800,2005700
NIFTY27OCT2217600CE.NFO,20/10/2022,09:28:15,74.5,74.4,100,74.6,350,1400,2005700
NIFTY27OCT2217600CE.NFO,20/10/2022,09:28:17,74.95,74.85,250,75,2450,800,2005700
NIFTY27OCT2217600CE.NFO,20/10/2022,09:28:19,75.15,75.05,350,75.2,50,4050,2005700
NIFTY27OCT2217600CE.NFO,20/10/2022,09:28:21,74.8,74.7,100,74.85,400,1600,2005700
NIFTY27OCT2217600CE.NFO,20/10/2022,09:28:22,74.7,74.75,250,74.95,50,650,2005700
NIFTY27OCT2217600CE.NFO,20/10/2022,09:28:24,75.2,75,1800,75.2,50,1850,2005700
NIFTY27OCT2217600CE.NFO,20/10/2022,09:28:26,75,74.75,300,74.95,650,750,2005700
NIFTY27OCT2217600CE.NFO,20/10/2022,09:28:27,75.05,75.05,650,75.25,400,300,2005700
NIFTY27OCT2217600CE.NFO,20/10/2022,09:28:29,75,74.9,50,75,200,1050,2005700
NIFTY27OCT2217600CE.NFO,20/10/2022,09:28:31,74.6,74.6,450,74.8,350,600,2005700
NIFTY27OCT2217600CE.NFO,20/10/2022,09:28:32,74.9,74.9,400,75.05,50,350,2005700
NIFTY27OCT2217600CE.NFO,20/10/2022,09:28:34,74.75,74.5,50,74.7,550,950,2005700
NIFTY27OCT2217600CE.NFO,20/10/2022,09:28:36,74.65,74.6,50,74.75,550,3050,2005700
NIFTY27OCT2217600CE.NFO,20/10/2022,09:28:37,74.7,74.65,750,74.85,200,1050,2005700
NIFTY27OCT2217600CE.NFO,20/10/2022,09:28:39,74.6,74.35,800,74.6,850,300,2005700
NIFTY27OCT2217600CE.NFO,20/10/2022,09:28:41,74.3,74.1,700,74.3,850,2950,2005700
NIFTY27OCT2217600CE.NFO,20/10/2022,09:28:42,74.3,74.2,50,74.35,300,3650,2005700
NIFTY27OCT2217600CE.NFO,20/10/2022,09:28:44,74.15,74.15,50,74.3,250,50,2005700
NIFTY27OCT2217600CE.NFO,20/10/2022,09:28:46,73.9,73.75,950,74,900,300,2005700
NIFTY27OCT2217600CE.NFO,20/10/2022,09:28:47,73.9,73.9,300,74.05,400,2750,2005700
NIFTY27OCT2217600CE.NFO,20/10/2022,09:28:49,73.75,73.85,100,74,50,200,2005700
NIFTY27OCT2217600CE.NFO,20/10/2022,09:28:51,74,73.75,450,73.95,450,200,2005700
NIFTY27OCT2217600CE.NFO,20/10/2022,09:28:52,73.25,73.05,50,73.2,700,400,2005700
NIFTY27OCT2217600CE.NFO,20/10/2022,09:28:54,73,72.8,250,72.9,50,1500,2005700
NIFTY27OCT2217600CE.NFO,20/10/2022,09:28:55,73.2,73.05,650,73.25,150,2500,2005700
NIFTY27OCT2217600CE.NFO,20/10/2022,09:28:57,73.05,73.25,100,73.4,100,3250,2005700
NIFTY27OCT2217600CE.NFO,20/10/2022,09:28:59,73.25,73.25,350,73.45,500,1550,2005700
NIFTY27OCT2217600CE.NFO,20/10/2022,09:29:00,73.55,73.45,650,73.6,50,1750,2005700
NIFTY27OCT2217600CE.NFO,20/10/2022,09:29:02,73.55,73.5,50,73.6,50,0,2005700
NIFTY27OCT2217600CE.NFO,20/10/2022,09:29:04,73.65,73.7,50,73.9,1900,1100,2005700
NIFTY27OCT2217600CE.NFO,20/10/2022,09:29:05,74.3,74.15,1250,74.35,300,1900,2005700
NIFTY27OCT2217600CE.NFO,20/10/2022,09:29:07,73.75,73.7,450,73.95,950,3250,2005700
NIFTY27OCT2217600CE.NFO,20/10/2022,09:29:09,73.95,74,400,74.1,50,1800,2005700
NIFTY27OCT2217600CE.NFO,20/10/2022,09:29:10,73.7,73.55,100,73.75,300,700,2005700
NIFTY27OCT2217600CE.NFO,20/10/2022,09:29:12,73.65,73.65,1350,73.85,400,1350,2005700
NIFTY27OCT2217600CE.NFO,20/10/2022,09:29:14,73.2,73.1,500,73.2,50,500,2005700
NIFTY27OCT2217600CE.NFO,20/10/2022,09:29:15,73.25,73.25,350,73.45,700,950,2005700
NIFTY27OCT2217600CE.NFO,20/10/2022,09:29:17,73.35,73.25,450,73.5,400,500,2005700
NIFTY27OCT2217600CE.NFO,20/10/2022,09:29:19,73.25,73.15,50,73.25,400,2000,2005700
NIFTY27OCT2217600CE.NFO,20/10/2022,09:29:20,73.3,73.35,1700,73.55,450,1800,2005700
NIFTY27OCT2217600CE.NFO,20/10/2022,09:29:22,72.95,72.75,2050,73,200,2000,2005700
NIFTY27OCT2217600CE.NFO,20/10/2022,09:29:24,73.05,72.85,350,73,150,300,2005700
NIFTY27OCT2217600CE.NFO,20/10/2022,09:29:25,72.8,72.55,650,72.75,1200,150,2005700
NIFTY27OCT2217600CE.NFO,20/10/2022,09:29:27,72.6,72.6,1950,72.8,50,6100,2005700
NIFTY27OCT2217600CE.NFO,20/10/2022,09:29:29,72.6,72.7,1300,72.85,50,750,2005700
NIFTY27OCT2217600CE.NFO,20/10/2022,09:29:31,72.65,72.65,250,72.75,300,450,2005700
NIFTY27OCT2217600CE.NFO,20/10/2022,09:29:32,73,72.9,2150,73.15,450,950,2005700
NIFTY27OCT2217600CE.NFO,20/10/2022,09:29:34,72.6,72.5,400,72.6,100,2550,2005700
NIFTY27OCT2217600CE.NFO,20/10/2022,09:29:36,72.2,72.25,600,72.45,100,1250,2005700
NIFTY27OCT2217600CE.NFO,20/10/2022,09:29:37,72.25,72.3,2400,72.5,50,100,2005700
NIFTY27OCT2217600CE.NFO,20/10/2022,09:29:39,72.3,72.3,1800,72.5,1250,500,2043850
NIFTY27OCT2217600CE.NFO,20/10/2022,09:29:41,72.2,72.1,1050,72.2,950,1050,2043850
NIFTY27OCT2217600CE.NFO,20/10/2022,09:29:42,72.1,72,2950,72.1,950,2950,2043850
NIFTY27OCT2217600CE.NFO,20/10/2022,09:29:44,72,71.9,50,72.05,1150,3500,2043850
NIFTY27OCT2217600CE.NFO,20/10/2022,09:29:46,71.85,71.7,50,71.8,50,3000,2043850
NIFTY27OCT2217600CE.NFO,20/10/2022,09:29:47,71.5,71.5,800,71.7,800,200,2043850
NIFTY27OCT2217600CE.NFO,20/10/2022,09:29:49,71.65,71.55,1750,71.75,400,7300,2043850
NIFTY27OCT2217600CE.NFO,20/10/2022,09:29:51,71.4,71.25,950,71.45,750,4000,2043850
NIFTY27OCT2217600CE.NFO,20/10/2022,09:29:52,70.6,70.6,400,70.8,800,5400,2043850
NIFTY27OCT2217600CE.NFO,20/10/2022,09:29:54,71,70.75,50,71,400,500,2043850
NIFTY27OCT2217600CE.NFO,20/10/2022,09:29:56,70.5,70.35,200,70.55,550,4500,2043850
NIFTY27OCT2217600CE.NFO,20/10/2022,09:29:57,70.1,70.1,200,70.3,700,2650,2043850
NIFTY27OCT2217600CE.NFO,20/10/2022,09:29:59,70.4,70.25,50,70.45,50,1400,2043850
NIFTY27OCT2217600CE.NFO,20/10/2022,09:30:01,69.95,69.9,50,70.05,50,11250,2043850
NIFTY27OCT2217600CE.NFO,20/10/2022,09:30:02,70.05,70.05,900,70.25,300,2450,2043850
NIFTY27OCT2217600CE.NFO,20/10/2022,09:30:04,69.65,69.65,350,69.8,450,4900,2043850
NIFTY27OCT2217600CE.NFO,20/10/2022,09:30:06,69.6,69.35,350,69.6,700,450,2043850
NIFTY27OCT2217600CE.NFO,20/10/2022,09:30:07,69.4,69.4,50,69.6,2150,1250,2043850
NIFTY27OCT2217600CE.NFO,20/10/2022,09:30:09,69.95,69.95,500,70.15,50,2050,2043850
NIFTY27OCT2217600CE.NFO,20/10/2022,09:30:11,69.85,69.65,100,69.8,350,300,2043850
NIFTY27OCT2217600CE.NFO,20/10/2022,09:30:12,69.8,69.7,50,69.9,350,2950,2043850
NIFTY27OCT2217600CE.NFO,20/10/2022,09:30:14,70.15,70.2,1000,70.4,350,2450,2043850
NIFTY27OCT2217600CE.NFO,20/10/2022,09:30:16,70.1,70.25,100,70.45,200,1350,2043850
NIFTY27OCT2217600CE.NFO,20/10/2022,09:30:17,70.75,70.45,250,70.65,1850,1050,2043850
NIFTY27OCT2217600CE.NFO,20/10/2022,09:30:19,70.5,70.45,400,70.65,700,2000,2043850
NIFTY27OCT2217600CE.NFO,20/10/2022,09:30:20,70.45,70.4,950,70.6,50,4550,2043850
NIFTY27OCT2217600CE.NFO,20/10/2022,09:30:22,70.15,70.1,50,70.25,700,1500,2043850
NIFTY27OCT2217600CE.NFO,20/10/2022,09:30:24,70.8,70.65,200,70.85,750,1000,2043850
NIFTY27OCT2217600CE.NFO,20/10/2022,09:30:25,70.9,70.65,750,70.9,50,1100,2043850
NIFTY27OCT2217600CE.NFO,20/10/2022,09:30:27,71.1,71.15,400,71.35,300,4950,2043850
NIFTY27OCT2217600CE.NFO,20/10/2022,09:30:29,71.15,71.05,400,71.2,450,2450,2043850
NIFTY27OCT2217600CE.NFO,20/10/2022,09:30:30,71,70.75,100,70.95,550,550,2043850
NIFTY27OCT2217600CE.NFO,20/10/2022,09:30:32,70.9,70.85,400,71.1,2400,2000,2043850
NIFTY27OCT2217600CE.NFO,20/10/2022,09:30:34,71.5,71.35,300,71.55,50,3800,2043850
NIFTY27OCT2217600CE.NFO,20/10/2022,09:30:35,71.7,71.55,300,71.75,100,1900,2043850
NIFTY27OCT2217600CE.NFO,20/10/2022,09:30:37,71.85,71.75,350,71.95,1150,950,2043850
NIFTY27OCT2217600CE.NFO,20/10/2022,09:30:39,72.4,72.4,100,72.5,100,1200,2043850
NIFTY27OCT2217600CE.NFO,20/10/2022,09:30:40,72.75,72.7,450,72.9,2100,4000,2043850
NIFTY27OCT2217600CE.NFO,20/10/2022,09:30:42,72.15,71.85,1200,72.1,100,900,2043850
NIFTY27OCT2217600CE.NFO,20/10/2022,09:30:44,71.85,71.85,50,72.05,300,1600,2043850
NIFTY27OCT2217600CE.NFO,20/10/2022,09:30:45,72.1,72.05,300,72.3,2650,2700,2043850
NIFTY27OCT2217600CE.NFO,20/10/2022,09:30:47,72.15,71.95,800,72.15,300,850,2043850
NIFTY27OCT2217600CE.NFO,20/10/2022,09:30:49,72.15,71.85,300,72.05,1350,0,2043850
NIFTY27OCT2217600CE.NFO,20/10/2022,09:30:50,72.2,72.3,1350,72.5,50,1250,2043850
NIFTY27OCT2217600CE.NFO,20/10/2022,09:30:52,72.2,72.25,350,72.45,550,150,2043850
NIFTY27OCT2217600CE.NFO,20/10/2022,09:30:54,72.05,71.95,1450,72.2,400,3550,2043850
NIFTY27OCT2217600CE.NFO,20/10/2022,09:30:55,72.4,72.25,50,72.4,150,1850,2043850
NIFTY27OCT2217600CE.NFO,20/10/2022,09:30:57,72.45,72.4,50,72.6,100,450,2043850
NIFTY27OCT2217600CE.NFO,20/10/2022,09:30:59,72.95,72.7,750,72.95,1700,1250,2043850
NIFTY27OCT2217600CE.NFO,20/10/2022,09:31:00,72.9,72.5,400,72.7,850,1000,2043850
NIFTY27OCT2217600CE.NFO,20/10/2022,09:31:02,73,72.85,300,73.05,350,2000,2043850
NIFTY27OCT2217600CE.NFO,20/10/2022,09:31:04,72.7,72.55,50,72.7,400,300,2043850
NIFTY27OCT2217600CE.NFO,20/10/2022,09:31:05,72.5,72.25,450,72.4,600,600,2043850
NIFTY27OCT2217600CE.NFO,20/10/2022,09:31:07,72,71.85,800,72,50,3650,2043850
NIFTY27OCT2217600CE.NFO,20/10/2022,09:31:09,71.35,71.3,150,71.5,50,1200,2043850
NIFTY27OCT2217600CE.NFO,20/10/2022,09:31:10,71.3,71.15,1000,71.35,100,850,2043850
NIFTY27OCT2217600CE.NFO,20/10/2022,09:31:12,70.75,70.65,450,70.85,50,2150,2043850
NIFTY27OCT2217600CE.NFO,20/10/2022,09:31:14,70.5,70.35,500,70.5,50,1700,2043850
NIFTY27OCT2217600CE.NFO,20/10/2022,09:31:15,70.4,70.4,50,70.65,1850,1800,2043850
NIFTY27OCT2217600CE.NFO,20/10/2022,09:31:17,69.6,69.55,500,69.7,1300,1450,2043850
NIFTY27OCT2217600CE.NFO,20/10/2022,09:31:19,69.6,69.45,100,69.6,1150,2050,2043850
NIFTY27OCT2217600CE.NFO,20/10/2022,09:31:20,69.8,69.7,600,69.9,2250,1100,2043850
NIFTY27OCT2217600CE.NFO,20/10/2022,09:31:22,69.2,69.2,50,69.35,1050,1550,2043850
NIFTY27OCT2217600CE.NFO,20/10/2022,09:31:24,69.75,69.55,650,69.8,350,6500,2043850
NIFTY27OCT2217600CE.NFO,20/10/2022,09:31:25,69.75,69.55,400,69.75,450,200,2043850
NIFTY27OCT2217600CE.NFO,20/10/2022,09:31:27,70,69.75,50,69.95,1600,2150,2043850
NIFTY27OCT2217600CE.NFO,20/10/2022,09:31:29,69.9,70.3,50,70.45,50,650,2043850
NIFTY27OCT2217600CE.NFO,20/10/2022,09:31:30,69.85,69.85,200,70,1000,5300,2043850
NIFTY27OCT2217600CE.NFO,20/10/2022,09:31:32,69.65,69.3,1000,69.55,1650,1300,2043850
NIFTY27OCT2217600CE.NFO,20/10/2022,09:31:34,69.75,69.65,50,69.8,450,150,2043850
NIFTY27OCT2217600CE.NFO,20/10/2022,09:31:35,70.45,70.3,250,70.45,750,1750,2043850
NIFTY27OCT2217600CE.NFO,20/10/2022,09:31:37,70.95,70.85,400,70.95,450,950,2043850
NIFTY27OCT2217600CE.NFO,20/10/2022,09:31:39,70.9,70.75,100,70.95,250,3000,2043850
NIFTY27OCT2217600CE.NFO,20/10/2022,09:31:41,70.6,70.55,50,70.7,200,800,2043850
NIFTY27OCT2217600CE.NFO,20/10/2022,09:31:42,70.65,70.45,550,70.6,250,200,2043850
NIFTY27OCT2217600CE.NFO,20/10/2022,09:31:44,70.6,70.35,700,70.6,850,700,2043850
NIFTY27OCT2217600CE.NFO,20/10/2022,09:31:46,70.25,70,350,70.2,300,1200,2043850
NIFTY27OCT2217600CE.NFO,20/10/2022,09:31:47,70,70.05,100,70.2,50,200,2043850
NIFTY27OCT2217600CE.NFO,20/10/2022,09:31:49,70.35,70.2,600,70.35,100,550,2043850
NIFTY27OCT2217600CE.NFO,20/10/2022,09:31:51,70.2,70.25,100,70.35,250,700,2043850
NIFTY27OCT2217600CE.NFO,20/10/2022,09:31:52,70.25,70.1,250,70.25,100,1100,2043850
NIFTY27OCT2217600CE.NFO,20/10/2022,09:31:54,68.85,68.95,50,69.05,50,15250,2043850
NIFTY27OCT2217600CE.NFO,20/10/2022,09:31:56,68.8,68.6,850,68.8,50,250,2043850
NIFTY27OCT2217600CE.NFO,20/10/2022,09:31:57,69.5,69.65,950,69.95,450,1500,2043850
NIFTY27OCT2217600CE.NFO,20/10/2022,09:31:59,70,69.8,50,69.95,100,700,2043850
NIFTY27OCT2217600CE.NFO,20/10/2022,09:32:01,69.5,69.35,50,69.5,600,3050,2043850
NIFTY27OCT2217600CE.NFO,20/10/2022,09:32:02,69.7,69.3,500,69.45,1700,50,2043850
NIFTY27OCT2217600CE.NFO,20/10/2022,09:32:04,69.3,69.05,300,69.2,1650,350,2043850
NIFTY27OCT2217600CE.NFO,20/10/2022,09:32:06,69,68.8,400,69,950,250,2043850
NIFTY27OCT2217600CE.NFO,20/10/2022,09:32:07,69.05,69.1,100,69.2,1000,2850,2043850
NIFTY27OCT2217600CE.NFO,20/10/2022,09:32:09,69.15,68.95,300,69.2,1800,700,2043850
NIFTY27OCT2217600CE.NFO,20/10/2022,09:32:11,69.1,68.85,500,69.1,50,2350,2043850
NIFTY27OCT2217600CE.NFO,20/10/2022,09:32:12,69,68.8,800,69,650,450,2043850
NIFTY27OCT2217600CE.NFO,20/10/2022,09:32:14,69.15,68.85,200,69,700,650,2043850
NIFTY27OCT2217600CE.NFO,20/10/2022,09:32:16,68.75,68.7,100,68.9,550,100,2043850
NIFTY27OCT2217600CE.NFO,20/10/2022,09:32:17,68.85,68.8,600,69,1150,1550,2043850
NIFTY27OCT2217600CE.NFO,20/10/2022,09:32:19,69.05,68.7,450,68.9,300,1000,2043850
NIFTY27OCT2217600CE.NFO,20/10/2022,09:32:20,69.2,69,150,69.15,1400,650,2043850
NIFTY27OCT2217600CE.NFO,20/10/2022,09:32:22,69.2,69.3,100,69.45,200,1000,2043850
NIFTY27OCT2217600CE.NFO,20/10/2022,09:32:24,69.25,69.25,50,69.35,100,100,2043850
NIFTY27OCT2217600CE.NFO,20/10/2022,09:32:25,69.05,69.15,200,69.35,650,1950,2043850
NIFTY27OCT2217600CE.NFO,20/10/2022,09:32:27,69.15,69.15,100,69.3,300,300,2043850
NIFTY27OCT2217600CE.NFO,20/10/2022,09:32:29,69.05,69,2300,69.25,350,2650,2043850
NIFTY27OCT2217600CE.NFO,20/10/2022,09:32:30,69.25,69,1000,69.25,1100,3300,2043850
NIFTY27OCT2217600CE.NFO,20/10/2022,09:32:32,69,69,600,69.15,350,200,2043850
NIFTY27OCT2217600CE.NFO,20/10/2022,09:32:34,69.1,69,400,69.25,1150,1700,2043850
NIFTY27OCT2217600CE.NFO,20/10/2022,09:32:35,69.05,69.1,450,69.3,200,450,2043850
NIFTY27OCT2217600CE.NFO,20/10/2022,09:32:37,69.45,69.1,450,69.35,600,400,2043850
NIFTY27OCT2217600CE.NFO,20/10/2022,09:32:39,68.25,68.3,300,68.4,750,1050,2043850
NIFTY27OCT2217600CE.NFO,20/10/2022,09:32:40,67.1,67.05,400,67.1,150,12150,2046400
NIFTY27OCT2217600CE.NFO,20/10/2022,09:32:40,67.05,67.05,400,67.1,150,0,2046400
NIFTY27OCT2217600CE.NFO,20/10/2022,09:32:42,67.55,67.2,50,67.35,1750,4000,2046400
NIFTY27OCT2217600CE.NFO,20/10/2022,09:32:42,67,67.2,50,67.35,1750,0,2046400
NIFTY27OCT2217600CE.NFO,20/10/2022,09:32:44,67.1,67.1,1150,67.35,1050,3200,2046400
NIFTY27OCT2217600CE.NFO,20/10/2022,09:32:44,66.9,67.1,1150,67.35,1050,0,2046400
NIFTY27OCT2217600CE.NFO,20/10/2022,09:32:45,67.2,67.15,50,67.35,1500,11450,2046400
NIFTY27OCT2217600CE.NFO,20/10/2022,09:32:47,66.9,66.65,50,66.9,2550,2450,2046400
NIFTY27OCT2217600CE.NFO,20/10/2022,09:32:47,66.75,66.65,50,66.9,2550,0,2046400
NIFTY27OCT2217600CE.NFO,20/10/2022,09:32:49,67,66.85,100,67.05,400,750,2046400
NIFTY27OCT2217600CE.NFO,20/10/2022,09:32:49,66.7,66.85,100,67.05,400,0,2046400
NIFTY27OCT2217600CE.NFO,20/10/2022,09:32:50,66.95,66.9,300,67.15,700,1700,2046400
NIFTY27OCT2217600CE.NFO,20/10/2022,09:32:52,67.35,67.15,400,67.35,350,2200,2046400
NIFTY27OCT2217600CE.NFO,20/10/2022,09:32:54,67.3,67.2,550,67.4,350,500,2046400
NIFTY27OCT2217600CE.NFO,20/10/2022,09:32:55,67.35,67.35,1200,67.5,17550,350,2046400
NIFTY27OCT2217600CE.NFO,20/10/2022,09:32:57,67.1,67.1,250,67.25,400,18350,2046400
NIFTY27OCT2217600CE.NFO,20/10/2022,09:32:59,67.1,67,1750,67.2,450,750,2046400
NIFTY27OCT2217600CE.NFO,20/10/2022,09:33:00,67.05,66.85,1950,67.1,450,3550,2046400
NIFTY27OCT2217600CE.NFO,20/10/2022,09:33:02,67.45,67.35,1100,67.55,100,9650,2046400
NIFTY27OCT2217600CE.NFO,20/10/2022,09:33:04,67.25,67.15,200,67.35,100,2350,2046400
NIFTY27OCT2217600CE.NFO,20/10/2022,09:33:05,67.15,67,1000,67.1,50,700,2046400
NIFTY27OCT2217600CE.NFO,20/10/2022,09:33:07,67.1,67.1,50,67.25,50,1950,2046400
NIFTY27OCT2217600CE.NFO,20/10/2022,09:33:09,66.9,67.1,1250,67.3,350,1050,2046400
NIFTY27OCT2217600CE.NFO,20/10/2022,09:33:10,66.95,66.8,650,66.95,50,2700,2046400
NIFTY27OCT2217600CE.NFO,20/10/2022,09:33:10,66.4,66.8,650,66.95,50,0,2046400
NIFTY27OCT2217600CE.NFO,20/10/2022,09:33:12,66.65,66.55,400,66.75,150,1050,2046400
NIFTY27OCT2217600CE.NFO,20/10/2022,09:33:14,66.55,66.6,1500,66.75,50,1050,2046400
NIFTY27OCT2217600CE.NFO,20/10/2022,09:33:15,66.85,66.75,700,66.9,150,2250,2046400
NIFTY27OCT2217600CE.NFO,20/10/2022,09:33:17,66.75,66.75,1400,66.95,350,3900,2046400
NIFTY27OCT2217600CE.NFO,20/10/2022,09:33:19,66.6,66.75,100,66.9,300,1950,2046400
NIFTY27OCT2217600CE.NFO,20/10/2022,09:33:20,66.6,66.6,650,66.7,50,500,2046400
NIFTY27OCT2217600CE.NFO,20/10/2022,09:33:22,66.75,66.7,350,66.9,900,200,2046400
NIFTY27OCT2217600CE.NFO,20/10/2022,09:33:24,66.8,66.75,650,66.85,150,300,2046400
NIFTY27OCT2217600CE.NFO,20/10/2022,09:33:25,66.9,66.8,50,67,3700,300,2046400
NIFTY27OCT2217600CE.NFO,20/10/2022,09:33:27,66.5,66.4,100,66.6,900,1300,2046400
NIFTY27OCT2217600CE.NFO,20/10/2022,09:33:29,66.45,66.45,250,66.6,350,1650,2046400
NIFTY27OCT2217600CE.NFO,20/10/2022,09:33:30,66.6,66.45,50,66.6,1850,1250,2046400
NIFTY27OCT2217600CE.NFO,20/10/2022,09:33:32,66.4,66.3,400,66.5,1700,600,2046400
NIFTY27OCT2217600CE.NFO,20/10/2022,09:33:34,66.25,66.25,450,66.4,50,550,2046400
NIFTY27OCT2217600CE.NFO,20/10/2022,09:33:34,66.25,66.25,450,66.4,50,0,2046400
NIFTY27OCT2217600CE.NFO,20/10/2022,09:33:35,66.45,66.35,50,66.4,500,1650,2046400
NIFTY27OCT2217600CE.NFO,20/10/2022,09:33:37,66.3,66.25,1550,66.3,50,800,2046400
NIFTY27OCT2217600CE.NFO,20/10/2022,09:33:39,66.35,66.25,100,66.35,100,4000,2046400
NIFTY27OCT2217600CE.NFO,20/10/2022,09:33:40,66,66,2000,66.15,1200,3000,2046400
NIFTY27OCT2217600CE.NFO,20/10/2022,09:33:40,66,66,2000,66.15,1200,0,2046400
NIFTY27OCT2217600CE.NFO,20/10/2022,09:33:42,65.7,65.7,1100,65.9,100,7200,2046400
NIFTY27OCT2217600CE.NFO,20/10/2022,09:33:42,65.7,65.7,1100,65.9,100,0,2046400
NIFTY27OCT2217600CE.NFO,20/10/2022,09:33:44,65.8,65.8,100,66,500,750,2046400
NIFTY27OCT2217600CE.NFO,20/10/2022,09:33:45,65.85,65.8,1350,66,900,750,2046400
NIFTY27OCT2217600CE.NFO,20/10/2022,09:33:47,65.95,65.75,250,65.95,300,4250,2046400
NIFTY27OCT2217600CE.NFO,20/10/2022,09:33:47,65.6,65.75,250,65.95,300,0,2046400
NIFTY27OCT2217600CE.NFO,20/10/2022,09:33:49,65.45,65.45,700,65.65,250,5600,2046400
NIFTY27OCT2217600CE.NFO,20/10/2022,09:33:49,65.4,65.45,700,65.65,250,0,2046400
NIFTY27OCT2217600CE.NFO,20/10/2022,09:33:50,65.95,65.9,450,66.05,50,1300,2046400
NIFTY27OCT2217600CE.NFO,20/10/2022,09:33:52,66,65.95,600,66.15,2000,3750,2046400
NIFTY27OCT2217600CE.NFO,20/10/2022,09:33:54,65.8,65.6,400,65.8,1600,3800,2046400
NIFTY27OCT2217600CE.NFO,20/10/2022,09:33:56,65.65,65.9,150,66,50,600,2046400
NIFTY27OCT2217600CE.NFO,20/10/2022,09:33:57,66.15,66.05,700,66.3,2950,400,2046400
NIFTY27OCT2217600CE.NFO,20/10/2022,09:33:59,66,66.05,200,66.2,350,200,2046400
NIFTY27OCT2217600CE.NFO,20/10/2022,09:34:01,65.85,65.8,1150,65.95,400,1200,2046400
NIFTY27OCT2217600CE.NFO,20/10/2022,09:34:02,66,65.85,1350,66.05,600,300,2046400
NIFTY27OCT2217600CE.NFO,20/10/2022,09:34:04,65.85,65.7,550,65.9,500,800,2046400
NIFTY27OCT2217600CE.NFO,20/10/2022,09:34:06,65.75,65.85,600,66.05,500,1600,2046400
NIFTY27OCT2217600CE.NFO,20/10/2022,09:34:07,66.1,66.15,350,66.25,250,950,2046400
NIFTY27OCT2217600CE.NFO,20/10/2022,09:34:09,66.05,66.05,2500,66.2,50,450,2046400
NIFTY27OCT2217600CE.NFO,20/10/2022,09:34:11,66.15,66,1150,66.1,550,450,2046400
NIFTY27OCT2217600CE.NFO,20/10/2022,09:34:12,66.05,66.05,100,66.15,2000,950,2046400
NIFTY27OCT2217600CE.NFO,20/10/2022,09:34:14,66,66,1100,66.15,1700,350,2046400
NIFTY27OCT2217600CE.NFO,20/10/2022,09:34:16,66.15,66.1,1400,66.15,1050,650,2046400
NIFTY27OCT2217600CE.NFO,20/10/2022,09:34:17,66.15,66,1200,66.15,700,600,2046400
NIFTY27OCT2217600CE.NFO,20/10/2022,09:34:19,66,66.05,50,66.1,50,1100,2046400
NIFTY27OCT2217600CE.NFO,20/10/2022,09:34:21,66.2,66.05,350,66.25,100,3250,2046400
NIFTY27OCT2217600CE.NFO,20/10/2022,09:34:22,66.2,66,550,66.2,2600,3750,2046400
NIFTY27OCT2217600CE.NFO,20/10/2022,09:34:24,65.95,65.85,2050,66.05,600,750,2046400
NIFTY27OCT2217600CE.NFO,20/10/2022,09:34:26,66.1,66.2,400,66.35,1550,250,2046400
NIFTY27OCT2217600CE.NFO,20/10/2022,09:34:27,66.3,66.55,1000,66.7,50,350,2046400
NIFTY27OCT2217600CE.NFO,20/10/2022,09:34:29,66.2,66.15,200,66.25,400,1300,2046400
NIFTY27OCT2217600CE.NFO,20/10/2022,09:34:31,66.2,66.1,1800,66.25,300,450,2046400
NIFTY27OCT2217600CE.NFO,20/10/2022,09:34:32,66.3,65.75,400,65.95,1950,100,2046400
NIFTY27OCT2217600CE.NFO,20/10/2022,09:34:34,65.85,65.75,400,65.9,50,1500,2046400
NIFTY27OCT2217600CE.NFO,20/10/2022,09:34:36,65.75,65.85,1750,66.1,1900,150,2046400
NIFTY27OCT2217600CE.NFO,20/10/2022,09:34:37,66.05,66.05,1300,66.25,400,400,2046400
NIFTY27OCT2217600CE.NFO,20/10/2022,09:34:39,66.1,66,100,66.2,500,2050,2046400
NIFTY27OCT2217600CE.NFO,20/10/2022,09:34:40,65.85,65.75,50,65.85,600,200,2046400
NIFTY27OCT2217600CE.NFO,20/10/2022,09:34:42,66,65.8,850,66,1000,150,2046400
NIFTY27OCT2217600CE.NFO,20/10/2022,09:34:44,65.9,65.95,750,66.1,50,1100,2046400
NIFTY27OCT2217600CE.NFO,20/10/2022,09:34:45,66,66.1,50,66.25,950,1400,2046400
NIFTY27OCT2217600CE.NFO,20/10/2022,09:34:47,66,66,500,66.15,50,200,2046400
NIFTY27OCT2217600CE.NFO,20/10/2022,09:34:49,66,66,200,66.15,700,1350,2046400
NIFTY27OCT2217600CE.NFO,20/10/2022,09:34:50,65.65,65.65,1600,65.85,600,3100,2046400
NIFTY27OCT2217600CE.NFO,20/10/2022,09:34:52,65.55,65.55,1000,65.7,50,750,2046400
NIFTY27OCT2217600CE.NFO,20/10/2022,09:34:54,65.8,65.8,2050,66,50,850,2046400
NIFTY27OCT2217600CE.NFO,20/10/2022,09:34:55,66.3,66.4,100,66.65,1250,850,2046400
NIFTY27OCT2217600CE.NFO,20/10/2022,09:34:57,66.65,66.6,50,66.75,1050,1250,2046400
NIFTY27OCT2217600CE.NFO,20/10/2022,09:34:59,66.2,66.25,100,66.45,750,350,2046400
NIFTY27OCT2217600CE.NFO,20/10/2022,09:35:00,66,65.85,550,66.05,200,1600,2046400
NIFTY27OCT2217600CE.NFO,20/10/2022,09:35:02,65.7,65.7,1300,65.85,400,400,2046400
NIFTY27OCT2217600CE.NFO,20/10/2022,09:35:04,65.9,65.7,1950,65.9,350,450,2046400
NIFTY27OCT2217600CE.NFO,20/10/2022,09:35:05,65.55,65.5,250,65.65,100,450,2046400
NIFTY27OCT2217600CE.NFO,20/10/2022,09:35:07,65.45,65.55,1550,65.75,500,700,2046400
NIFTY27OCT2217600CE.NFO,20/10/2022,09:35:09,65.7,65.8,50,65.9,450,1900,2046400
NIFTY27OCT2217600CE.NFO,20/10/2022,09:35:10,65.65,65.7,50,65.9,1450,3150,2046400
NIFTY27OCT2217600CE.NFO,20/10/2022,09:35:12,66.4,66.1,50,66.25,650,4550,2046400
NIFTY27OCT2217600CE.NFO,20/10/2022,09:35:14,66.15,66.05,1600,66.3,1150,550,2046400
NIFTY27OCT2217600CE.NFO,20/10/2022,09:35:15,66.1,65.95,400,66.1,800,1700,2046400
NIFTY27OCT2217600CE.NFO,20/10/2022,09:35:17,65.95,65.75,200,65.9,350,550,2046400
NIFTY27OCT2217600CE.NFO,20/10/2022,09:35:19,66,65.85,1600,66.05,200,4350,2046400
NIFTY27OCT2217600CE.NFO,20/10/2022,09:35:20,66.15,65.75,450,66,2850,150,2046400
NIFTY27OCT2217600CE.NFO,20/10/2022,09:35:22,65.95,65.7,1600,65.9,50,550,2046400
NIFTY27OCT2217600CE.NFO,20/10/2022,09:35:24,65.9,65.8,1450,66,50,100,2046400
NIFTY27OCT2217600CE.NFO,20/10/2022,09:35:25,65.75,65.75,50,65.95,550,200,2046400
NIFTY27OCT2217600CE.NFO,20/10/2022,09:35:27,65.9,65.9,250,66.1,50,200,2046400
NIFTY27OCT2217600CE.NFO,20/10/2022,09:35:29,66,66.05,50,66.1,50,800,2046400
NIFTY27OCT2217600CE.NFO,20/10/2022,09:35:30,66,65.8,350,66,2800,2950,2046400
NIFTY27OCT2217600CE.NFO,20/10/2022,09:35:32,66,66.05,900,66.25,450,450,2046400
NIFTY27OCT2217600CE.NFO,20/10/2022,09:35:34,65.95,65.95,50,66.15,2150,350,2046400
NIFTY27OCT2217600CE.NFO,20/10/2022,09:35:35,66.1,65.95,950,66.15,600,200,2046400
NIFTY27OCT2217600CE.NFO,20/10/2022,09:35:37,66.55,66.4,50,66.6,2750,1100,2046400
NIFTY27OCT2217600CE.NFO,20/10/2022,09:35:39,66.7,66.6,600,66.8,1100,5000,2046400
NIFTY27OCT2217600CE.NFO,20/10/2022,09:35:40,66.3,66.45,50,66.65,700,1300,2046400
NIFTY27OCT2217600CE.NFO,20/10/2022,09:35:42,66.6,66.35,1750,66.6,2650,800,2080450
NIFTY27OCT2217600CE.NFO,20/10/2022,09:35:44,66.5,66.25,350,66.45,150,1600,2080450
NIFTY27OCT2217600CE.NFO,20/10/2022,09:35:45,66.45,66.45,1700,66.65,1100,350,2080450
NIFTY27OCT2217600CE.NFO,20/10/2022,09:35:47,66.25,66.1,1250,66.25,250,800,2080450
NIFTY27OCT2217600CE.NFO,20/10/2022,09:35:49,66.2,66.25,50,66.45,150,150,2080450
NIFTY27OCT2217600CE.NFO,20/10/2022,09:35:50,66.15,66.15,2300,66.35,150,600,2080450
NIFTY27OCT2217600CE.NFO,20/10/2022,09:35:52,66.3,66.25,700,66.45,1250,450,2080450
NIFTY27OCT2217600CE.NFO,20/10/2022,09:35:54,66.3,66.2,50,66.35,400,1550,2080450
NIFTY27OCT2217600CE.NFO,20/10/2022,09:35:55,66.2,66.1,1100,66.3,2650,100,2080450
NIFTY27OCT2217600CE.NFO,20/10/2022,09:35:57,66.15,65.95,100,66.1,50,1900,2080450
NIFTY27OCT2217600CE.NFO,20/10/2022,09:35:59,66.3,66,1550,66.2,600,700,2080450
NIFTY27OCT2217600CE.NFO,20/10/2022,09:36:00,66.15,66.15,350,66.35,100,200,2080450
NIFTY27OCT2217600CE.NFO,20/10/2022,09:36:02,66.15,66,1000,66.15,50,600,2080450
NIFTY27OCT2217600CE.NFO,20/10/2022,09:36:04,66,65.9,100,66,1050,150,2080450
NIFTY27OCT2217600CE.NFO,20/10/2022,09:36:06,65.85,65.75,1350,66,1800,350,2080450
NIFTY27OCT2217600CE.NFO,20/10/2022,09:36:07,66.05,66.05,600,66.25,750,700,2080450
NIFTY27OCT2217600CE.NFO,20/10/2022,09:36:09,66.05,65.95,500,66.15,650,1600,2080450
NIFTY27OCT2217600CE.NFO,20/10/2022,09:36:11,65.85,65.85,1150,66,50,200,2080450
NIFTY27OCT2217600CE.NFO,20/10/2022,09:36:12,65.85,65.85,300,66,700,700,2080450
NIFTY27OCT2217600CE.NFO,20/10/2022,09:36:14,65.85,65.75,100,65.9,350,1450,2080450
NIFTY27OCT2217600CE.NFO,20/10/2022,09:36:16,65.85,65.9,50,66.05,50,2450,2080450
NIFTY27OCT2217600CE.NFO,20/10/2022,09:36:17,65.9,65.85,1850,66,100,500,2080450
NIFTY27OCT2217600CE.NFO,20/10/2022,09:36:19,65.9,65.85,1450,66.05,350,250,2080450
NIFTY27OCT2217600CE.NFO,20/10/2022,09:36:21,66,65.9,800,66.15,1100,150,2080450
NIFTY27OCT2217600CE.NFO,20/10/2022,09:36:22,66,65.85,1150,66,200,400,2080450
NIFTY27OCT2217600CE.NFO,20/10/2022,09:36:24,66.2,66.05,100,66.25,550,600,2080450
NIFTY27OCT2217600CE.NFO,20/10/2022,09:36:26,66.15,66.1,800,66.3,1650,800,2080450
NIFTY27OCT2217600CE.NFO,20/10/2022,09:36:27,66.3,66.25,250,66.45,1050,1750,2080450
NIFTY27OCT2217600CE.NFO,20/10/2022,09:36:29,66.5,66.5,200,66.6,700,650,2080450
NIFTY27OCT2217600CE.NFO,20/10/2022,09:36:31,66.55,66.55,550,66.8,1300,800,2080450
NIFTY27OCT2217600CE.NFO,20/10/2022,09:36:32,66.7,66.65,200,66.85,400,100,2080450
NIFTY27OCT2217600CE.NFO,20/10/2022,09:36:34,67.2,67.25,50,67.4,50,550,2080450
NIFTY27OCT2217600CE.NFO,20/10/2022,09:36:36,67.75,67.35,50,67.55,450,1400,2080450
NIFTY27OCT2217600CE.NFO,20/10/2022,09:36:37,67.35,67.55,50,67.7,350,3200,2080450
NIFTY27OCT2217600CE.NFO,20/10/2022,09:36:39,67.2,67.15,50,67.35,50,600,2080450
NIFTY27OCT2217600CE.NFO,20/10/2022,09:36:41,67.35,67.2,1850,67.4,1150,100,2080450
NIFTY27OCT2217600CE.NFO,20/10/2022,09:36:42,67.15,67.2,1750,67.35,350,1050,2080450
NIFTY27OCT2217600CE.NFO,20/10/2022,09:36:44,67.25,67.3,150,67.35,50,300,2080450
NIFTY27OCT2217600CE.NFO,20/10/2022,09:36:46,67.55,67.35,1000,67.6,1150,2200,2080450
NIFTY27OCT2217600CE.NFO,20/10/2022,09:36:47,67.7,67.55,650,67.75,50,200,2080450
NIFTY27OCT2217600CE.NFO,20/10/2022,09:36:49,67.9,67.9,450,68,1650,2200,2080450
NIFTY27OCT2217600CE.NFO,20/10/2022,09:36:51,68.1,67.95,50,68.1,1450,1900,2080450
NIFTY27OCT2217600CE.NFO,20/10/2022,09:36:52,68.25,68.35,50,68.5,50,1500,2080450
NIFTY27OCT2217600CE.NFO,20/10/2022,09:36:54,68.25,68.25,1450,68.45,50,1050,2080450
NIFTY27OCT2217600CE.NFO,20/10/2022,09:36:56,68.6,68.4,600,68.5,50,1200,2080450
NIFTY27OCT2217600CE.NFO,20/10/2022,09:36:57,68.65,68.4,1700,68.65,1300,1750,2080450
NIFTY27OCT2217600CE.NFO,20/10/2022,09:36:59,68.6,68.6,100,68.75,50,1300,2080450
NIFTY27OCT2217600CE.NFO,20/10/2022,09:37:01,69.2,68.85,350,69,100,2350,2080450
NIFTY27OCT2217600CE.NFO,20/10/2022,09:37:02,69,68.95,400,69.15,2350,950,2080450
NIFTY27OCT2217600CE.NFO,20/10/2022,09:37:04,69.3,69.1,700,69.3,900,1950,2080450
NIFTY27OCT2217600CE.NFO,20/10/2022,09:37:06,69.2,69.1,600,69.3,800,1900,2080450
NIFTY27OCT2217600CE.NFO,20/10/2022,09:37:07,69.55,69.4,400,69.6,650,2300,2080450
NIFTY27OCT2217600CE.NFO,20/10/2022,09:37:09,68.95,69.05,500,69.2,50,800,2080450
NIFTY27OCT2217600CE.NFO,20/10/2022,09:37:11,69.15,69.25,200,69.35,100,300,2080450
NIFTY27OCT2217600CE.NFO,20/10/2022,09:37:12,69.15,69.05,50,69.25,400,1400,2080450
NIFTY27OCT2217600CE.NFO,20/10/2022,09:37:14,69.1,68.95,350,69.15,1100,250,2080450
NIFTY27OCT2217600CE.NFO,20/10/2022,09:37:16,68.9,68.85,50,69,100,450,2080450
NIFTY27OCT2217600CE.NFO,20/10/2022,09:37:17,69.4,69.3,250,69.45,1300,600,2080450
NIFTY27OCT2217600CE.NFO,20/10/2022,09:37:19,69.45,69.3,150,69.5,50,400,2080450
NIFTY27OCT2217600CE.NFO,20/10/2022,09:37:20,69.4,69.7,850,69.85,50,1050,2080450
NIFTY27OCT2217600CE.NFO,20/10/2022,09:37:22,69.4,69.4,200,69.5,1100,850,2080450
NIFTY27OCT2217600CE.NFO,20/10/2022,09:37:24,69.75,69.65,50,69.85,750,1900,2080450
NIFTY27OCT2217600CE.NFO,20/10/2022,09:37:25,69.6,69.6,300,69.8,500,500,2080450
NIFTY27OCT2217600CE.NFO,20/10/2022,09:37:27,69.25,69,250,69.1,50,1100,2080450
NIFTY27OCT2217600CE.NFO,20/10/2022,09:37:29,68.25,68,400,68.15,600,2500,2080450
NIFTY27OCT2217600CE.NFO,20/10/2022,09:37:30,68.5,68.3,600,68.5,450,500,2080450
NIFTY27OCT2217600CE.NFO,20/10/2022,09:37:32,68.8,68.9,450,69.05,100,250,2080450
NIFTY27OCT2217600CE.NFO,20/10/2022,09:37:34,68.7,68.7,150,68.85,550,950,2080450
NIFTY27OCT2217600CE.NFO,20/10/2022,09:37:35,68.5,68.6,100,68.8,850,100,2080450
NIFTY27OCT2217600CE.NFO,20/10/2022,09:37:37,68.4,68.5,550,68.7,500,3000,2080450
NIFTY27OCT2217600CE.NFO,20/10/2022,09:37:39,68.6,68.45,50,68.6,350,250,2080450
NIFTY27OCT2217600CE.NFO,20/10/2022,09:37:40,68.5,68.3,400,68.5,750,550,2080450
NIFTY27OCT2217600CE.NFO,20/10/2022,09:37:42,68.75,68.45,450,68.65,50,600,2080450
NIFTY27OCT2217600CE.NFO,20/10/2022,09:37:44,68.45,68.45,650,68.6,50,100,2080450
NIFTY27OCT2217600CE.NFO,20/10/2022,09:37:45,68.45,68.4,1200,68.55,100,100,2080450
NIFTY27OCT2217600CE.NFO,20/10/2022,09:37:47,68.6,68.45,400,68.7,2500,350,2080450
NIFTY27OCT2217600CE.NFO,20/10/2022,09:37:49,68.75,68.5,450,68.7,1150,300,2080450
NIFTY27OCT2217600CE.NFO,20/10/2022,09:37:50,68.5,68.5,150,68.7,1550,700,2080450
NIFTY27OCT2217600CE.NFO,20/10/2022,09:37:52,68.45,68.65,50,68.85,1550,500,2080450
NIFTY27OCT2217600CE.NFO,20/10/2022,09:37:54,68.6,68.75,50,68.9,300,200,2080450
NIFTY27OCT2217600CE.NFO,20/10/2022,09:37:55,69.15,69.15,450,69.3,150,900,2080450
NIFTY27OCT2217600CE.NFO,20/10/2022,09:37:57,69.45,69.5,50,69.65,50,800,2080450
NIFTY27OCT2217600CE.NFO,20/10/2022,09:37:59,69.35,69.3,350,69.5,850,1850,2080450
NIFTY27OCT2217600CE.NFO,20/10/2022,09:38:00,69.55,69.35,400,69.55,550,150,2080450
NIFTY27OCT2217600CE.NFO,20/10/2022,09:38:02,68.8,68.65,50,68.8,550,1350,2080450
NIFTY27OCT2217600CE.NFO,20/10/2022,09:38:04,68.9,68.6,400,68.8,600,600,2080450
NIFTY27OCT2217600CE.NFO,20/10/2022,09:38:05,68.6,68.9,400,69.05,150,50,2080450
NIFTY27OCT2217600CE.NFO,20/10/2022,09:38:07,68.3,68.25,100,68.45,850,1300,2080450
NIFTY27OCT2217600CE.NFO,20/10/2022,09:38:09,68.4,68.25,1050,68.45,950,100,2080450
NIFTY27OCT2217600CE.NFO,20/10/2022,09:38:11,68.6,68.4,50,68.5,50,500,2080450
NIFTY27OCT2217600CE.NFO,20/10/2022,09:38:12,68.8,68.75,750,68.9,100,200,2080450
NIFTY27OCT2217600CE.NFO,20/10/2022,09:38:14,68.6,68.55,200,68.7,600,950,2080450
NIFTY27OCT2217600CE.NFO,20/10/2022,09:38:16,68.45,68.2,450,68.45,750,300,2080450
NIFTY27OCT2217600CE.NFO,20/10/2022,09:38:17,68,67.95,600,68.15,850,1750,2080450
NIFTY27OCT2217600CE.NFO,20/10/2022,09:38:19,68.45,68.3,950,68.55,1950,1000,2080450
NIFTY27OCT2217600CE.NFO,20/10/2022,09:38:21,68.45,68.3,100,68.5,450,1150,2080450
NIFTY27OCT2217600CE.NFO,20/10/2022,09:38:22,68.3,68.15,350,68.35,1200,50,2080450
NIFTY27OCT2217600CE.NFO,20/10/2022,09:38:24,68.35,68.4,100,68.45,350,100,2080450
NIFTY27OCT2217600CE.NFO,20/10/2022,09:38:26,68.35,68.25,400,68.5,1300,300,2080450
NIFTY27OCT2217600CE.NFO,20/10/2022,09:38:27,68.4,68.3,400,68.5,650,50,2080450
NIFTY27OCT2217600CE.NFO,20/10/2022,09:38:29,68.55,68.45,350,68.6,450,1600,2080450
NIFTY27OCT2217600CE.NFO,20/10/2022,09:38:31,68.5,68.45,50,68.6,100,1000,2080450
NIFTY27OCT2217600CE.NFO,20/10/2022,09:38:32,68.6,68.6,350,68.75,600,500,2080450
NIFTY27OCT2217600CE.NFO,20/10/2022,09:38:34,67.9,67.85,450,68,400,550,2080450
NIFTY27OCT2217600CE.NFO,20/10/2022,09:38:36,68.2,68,1250,68.2,450,250,2080450
NIFTY27OCT2217600CE.NFO,20/10/2022,09:38:37,68.1,68.15,100,68.3,350,850,2080450
NIFTY27OCT2217600CE.NFO,20/10/2022,09:38:39,68.3,68.35,350,68.5,400,600,2088250
NIFTY27OCT2217600CE.NFO,20/10/2022,09:38:41,68.25,68.25,150,68.4,600,150,2088250
NIFTY27OCT2217600CE.NFO,20/10/2022,09:38:42,68.2,68.2,650,68.3,1900,1050,2088250
NIFTY27OCT2217600CE.NFO,20/10/2022,09:38:44,68.2,68.15,300,68.3,1900,0,2088250
NIFTY27OCT2217600CE.NFO,20/10/2022,09:38:46,68.2,68.1,50,68.25,800,3050,2088250
NIFTY27OCT2217600CE.NFO,20/10/2022,09:38:47,68.1,68,800,68.1,100,450,2088250
NIFTY27OCT2217600CE.NFO,20/10/2022,09:38:49,68,68,1400,68.1,2100,50,2088250
NIFTY27OCT2217600CE.NFO,20/10/2022,09:38:51,67.95,67.95,550,68,2300,1900,2088250
NIFTY27OCT2217600CE.NFO,20/10/2022,09:38:52,68,68.05,150,68.15,700,3300,2088250
NIFTY27OCT2217600CE.NFO,20/10/2022,09:38:54,68.05,68,50,68.05,50,700,2088250
NIFTY27OCT2217600CE.NFO,20/10/2022,09:38:56,67.85,67.85,350,68.05,950,1050,2088250
NIFTY27OCT2217600CE.NFO,20/10/2022,09:38:57,67.75,67.7,250,67.85,150,1300,2088250
NIFTY27OCT2217600CE.NFO,20/10/2022,09:38:59,66.9,66.8,50,67,150,3300,2088250
NIFTY27OCT2217600CE.NFO,20/10/2022,09:39:01,66.5,66.35,100,66.55,750,1700,2088250
NIFTY27OCT2217600CE.NFO,20/10/2022,09:39:02,66.8,66.8,250,67,900,1550,2088250
NIFTY27OCT2217600CE.NFO,20/10/2022,09:39:04,67.25,67.25,500,67.45,900,1400,2088250
NIFTY27OCT2217600CE.NFO,20/10/2022,09:39:06,68,67.75,700,68,500,2800,2088250
NIFTY27OCT2217600CE.NFO,20/10/2022,09:39:07,68,67.65,50,67.8,1050,0,2088250
NIFTY27OCT2217600CE.NFO,20/10/2022,09:39:09,67.55,67.65,200,67.75,100,450,2088250
NIFTY27OCT2217600CE.NFO,20/10/2022,09:39:11,67.65,67.45,50,67.6,800,100,2088250
NIFTY27OCT2217600CE.NFO,20/10/2022,09:39:12,67.3,67.4,50,67.5,600,350,2088250
NIFTY27OCT2217600CE.NFO,20/10/2022,09:39:14,67.6,67.4,350,67.5,550,2800,2088250
NIFTY27OCT2217600CE.NFO,20/10/2022,09:39:16,67.7,67.65,700,67.85,1600,300,2088250
NIFTY27OCT2217600CE.NFO,20/10/2022,09:39:17,67.7,67.5,750,67.7,700,0,2088250
NIFTY27OCT2217600CE.NFO,20/10/2022,09:39:19,67.35,67.25,1050,67.5,3150,350,2088250
NIFTY27OCT2217600CE.NFO,20/10/2022,09:39:20,67.6,67.25,350,67.45,100,100,2088250
NIFTY27OCT2217600CE.NFO,20/10/2022,09:39:22,67.5,67.5,50,67.6,50,2400,2088250
NIFTY27OCT2217600CE.NFO,20/10/2022,09:39:24,67.5,67.55,300,67.75,450,0,2088250
NIFTY27OCT2217600CE.NFO,20/10/2022,09:39:25,67.5,67.7,350,67.9,800,0,2088250
NIFTY27OCT2217600CE.NFO,20/10/2022,09:39:27,67.75,67.65,300,67.75,1200,50,2088250
NIFTY27OCT2217600CE.NFO,20/10/2022,09:39:29,67.65,67.6,600,67.8,1900,1200,2088250
NIFTY27OCT2217600CE.NFO,20/10/2022,09:39:30,67.55,67.7,500,67.85,100,1350,2088250
NIFTY27OCT2217600CE.NFO,20/10/2022,09:39:32,67.8,67.9,350,68,200,400,2088250
NIFTY27OCT2217600CE.NFO,20/10/2022,09:39:34,68.75,68.65,50,68.75,50,950,2088250
NIFTY27OCT2217600CE.NFO,20/10/2022,09:39:35,68.45,68.35,50,68.55,550,400,2088250
NIFTY27OCT2217600CE.NFO,20/10/2022,09:39:37,68.45,68.55,50,68.7,1050,400,2088250
NIFTY27OCT2217600CE.NFO,20/10/2022,09:39:39,68.5,68.45,50,68.6,850,200,2088250
NIFTY27OCT2217600CE.NFO,20/10/2022,09:39:40,68.55,68.7,100,68.85,600,300,2088250
NIFTY27OCT2217600CE.NFO,20/10/2022,09:39:42,68.55,68.6,2300,68.85,750,800,2088250
NIFTY27OCT2217600CE.NFO,20/10/2022,09:39:44,68.25,68.25,700,68.45,550,2300,2088250
NIFTY27OCT2217600CE.NFO,20/10/2022,09:39:45,68.45,68.15,50,68.35,100,350,2088250
NIFTY27OCT2217600CE.NFO,20/10/2022,09:39:47,68.55,68.45,50,68.6,400,350,2088250
NIFTY27OCT2217600CE.NFO,20/10/2022,09:39:49,68.4,68.3,100,68.5,400,150,2088250
NIFTY27OCT2217600CE.NFO,20/10/2022,09:39:50,68.45,68.3,400,68.45,50,150,2088250
NIFTY27OCT2217600CE.NFO,20/10/2022,09:39:52,68.4,68.35,450,68.5,3600,50,2088250
NIFTY27OCT2217600CE.NFO,20/10/2022,09:39:54,68.4,68.4,1150,68.5,3550,100,2088250
NIFTY27OCT2217600CE.NFO,20/10/2022,09:39:55,68.45,68.45,50,68.5,3550,550,2088250
NIFTY27OCT2217600CE.NFO,20/10/2022,09:39:57,68.5,68.45,350,68.65,1100,5150,2088250
NIFTY27OCT2217600CE.NFO,20/10/2022,09:39:59,68.5,68.5,1900,68.65,450,400,2088250
NIFTY27OCT2217600CE.NFO,20/10/2022,09:40:00,68.05,68.15,750,68.35,350,4850,2088250
NIFTY27OCT2217600CE.NFO,20/10/2022,09:40:02,68.45,68.45,50,68.6,50,200,2088250
NIFTY27OCT2217600CE.NFO,20/10/2022,09:40:04,68.05,67.85,150,68.05,750,850,2088250
NIFTY27OCT2217600CE.NFO,20/10/2022,09:40:05,68.25,68,1500,68.2,150,950,2088250
NIFTY27OCT2217600CE.NFO,20/10/2022,09:40:07,68.2,68.2,800,68.4,850,50,2088250
NIFTY27OCT2217600CE.NFO,20/10/2022,09:40:09,68.4,68.3,100,68.45,250,2050,2088250
NIFTY27OCT2217600CE.NFO,20/10/2022,09:40:10,68.15,68.15,350,68.35,250,400,2088250
NIFTY27OCT2217600CE.NFO,20/10/2022,09:40:12,68.45,68.4,350,68.6,350,100,2088250
NIFTY27OCT2217600CE.NFO,20/10/2022,09:40:14,68.2,68,300,68.2,400,1200,2088250
NIFTY27OCT2217600CE.NFO,20/10/2022,09:40:15,68.2,68.15,350,68.25,50,300,2088250
NIFTY27OCT2217600CE.NFO,20/10/2022,09:40:17,68.2,68.05,100,68.2,100,250,2088250
NIFTY27OCT2217600CE.NFO,20/10/2022,09:40:19,68.3,68.3,600,68.4,50,200,2088250
NIFTY27OCT2217600CE.NFO,20/10/2022,09:40:20,68,68,1150,68.2,50,1350,2088250
NIFTY27OCT2217600CE.NFO,20/10/2022,09:40:22,68.3,68.3,500,68.4,50,50,2088250
NIFTY27OCT2217600CE.NFO,20/10/2022,09:40:24,68.2,68.25,350,68.4,50,150,2088250
NIFTY27OCT2217600CE.NFO,20/10/2022,09:40:25,68.55,68.5,50,68.55,50,150,2088250
NIFTY27OCT2217600CE.NFO,20/10/2022,09:40:27,68.6,68.45,50,68.55,1100,200,2088250
NIFTY27OCT2217600CE.NFO,20/10/2022,09:40:29,68.9,68.95,50,69,1550,800,2088250
NIFTY27OCT2217600CE.NFO,20/10/2022,09:40:30,68.9,68.9,200,69,250,4200,2088250
NIFTY27OCT2217600CE.NFO,20/10/2022,09:40:32,68.75,68.55,400,68.75,200,4600,2088250
NIFTY27OCT2217600CE.NFO,20/10/2022,09:40:34,68.6,68.85,150,68.95,50,1250,2088250
NIFTY27OCT2217600CE.NFO,20/10/2022,09:40:35,68.65,68.75,150,68.95,750,1350,2088250
NIFTY27OCT2217600CE.NFO,20/10/2022,09:40:37,68.9,69,150,69.2,50,100,2088250
NIFTY27OCT2217600CE.NFO,20/10/2022,09:40:39,68.95,68.8,900,69,50,3050,2088250
NIFTY27OCT2217600CE.NFO,20/10/2022,09:40:40,69,68.75,500,68.95,250,700,2088250
NIFTY27OCT2217600CE.NFO,20/10/2022,09:40:42,68.95,68.95,200,69.15,2550,300,2088250
NIFTY27OCT2217600CE.NFO,20/10/2022,09:40:44,69,69.05,200,69.2,100,1000,2088250
NIFTY27OCT2217600CE.NFO,20/10/2022,09:40:45,69.5,69.35,600,69.55,350,450,2088250
NIFTY27OCT2217600CE.NFO,20/10/2022,09:40:47,69.1,69,450,69.15,400,300,2088250
NIFTY27OCT2217600CE.NFO,20/10/2022,09:40:48,69.1,69.2,1800,69.4,50,0,2088250
NIFTY27OCT2217600CE.NFO,20/10/2022,09:40:50,68.1,68.05,350,68.25,350,5400,2088250
NIFTY27OCT2217600CE.NFO,20/10/2022,09:40:52,68.35,68.15,350,68.3,50,550,2088250
NIFTY27OCT2217600CE.NFO,20/10/2022,09:40:53,68.55,68.5,1600,68.65,50,750,2088250
NIFTY27OCT2217600CE.NFO,20/10/2022,09:40:55,68.5,68.5,1250,68.75,2100,600,2088250
NIFTY27OCT2217600CE.NFO,20/10/2022,09:40:57,68.7,68.5,350,68.6,100,50,2088250
NIFTY27OCT2217600CE.NFO,20/10/2022,09:40:58,68.55,68.6,1350,68.8,300,200,2088250
NIFTY27OCT2217600CE.NFO,20/10/2022,09:41:00,68.5,68.4,400,68.6,1700,200,2088250
NIFTY27OCT2217600CE.NFO,20/10/2022,09:41:02,68.5,68.25,1850,68.5,1450,200,2088250
NIFTY27OCT2217600CE.NFO,20/10/2022,09:41:03,68.05,68.1,600,68.25,950,350,2088250
NIFTY27OCT2217600CE.NFO,20/10/2022,09:41:05,68.2,68.2,100,68.3,400,250,2088250
NIFTY27OCT2217600CE.NFO,20/10/2022,09:41:07,68.35,68.15,450,68.3,300,800,2088250
NIFTY27OCT2217600CE.NFO,20/10/2022,09:41:08,68.15,68.05,550,68.25,300,250,2088250
NIFTY27OCT2217600CE.NFO,20/10/2022,09:41:10,68.2,68.05,200,68.25,1850,200,2088250
NIFTY27OCT2217600CE.NFO,20/10/2022,09:41:11,67.6,67.6,50,67.8,1100,650,2088250
NIFTY27OCT2217600CE.NFO,20/10/2022,09:41:13,67.7,67.7,1150,67.9,350,150,2088250
NIFTY27OCT2217600CE.NFO,20/10/2022,09:41:15,67.4,67.4,300,67.55,50,150,2088250
NIFTY27OCT2217600CE.NFO,20/10/2022,09:41:16,67.2,67.4,500,67.6,500,650,2088250
NIFTY27OCT2217600CE.NFO,20/10/2022,09:41:18,67.1,67.15,150,67.35,1250,2000,2088250
NIFTY27OCT2217600CE.NFO,20/10/2022,09:41:20,67.2,67.1,400,67.35,3100,500,2088250
NIFTY27OCT2217600CE.NFO,20/10/2022,09:41:21,67.25,67.15,100,67.35,1700,300,2088250
NIFTY27OCT2217600CE.NFO,20/10/2022,09:41:23,67.1,67.1,350,67.25,350,650,2088250
NIFTY27OCT2217600CE.NFO,20/10/2022,09:41:25,67.1,67,1250,67.1,2250,600,2088250
NIFTY27OCT2217600CE.NFO,20/10/2022,09:41:26,67,67,1050,67.1,1450,200,2088250
NIFTY27OCT2217600CE.NFO,20/10/2022,09:41:28,67.15,67,1300,67.15,100,150,2088250
NIFTY27OCT2217600CE.NFO,20/10/2022,09:41:30,67,67,400,67.05,100,1150,2088250
NIFTY27OCT2217600CE.NFO,20/10/2022,09:41:31,66.95,67.05,350,67.2,1650,4850,2088250
NIFTY27OCT2217600CE.NFO,20/10/2022,09:41:33,67.15,67,450,67.2,2200,50,2088250
NIFTY27OCT2217600CE.NFO,20/10/2022,09:41:35,67.5,67.35,500,67.5,50,3050,2088250
NIFTY27OCT2217600CE.NFO,20/10/2022,09:41:36,67.55,67.4,350,67.5,100,2400,2088250
NIFTY27OCT2217600CE.NFO,20/10/2022,09:41:38,67,67,800,67.2,3200,1200,2088250
NIFTY27OCT2217600CE.NFO,20/10/2022,09:41:40,67.05,67.05,450,67.25,800,300,2088250
NIFTY27OCT2217600CE.NFO,20/10/2022,09:41:41,67.3,67.2,50,67.35,1500,50,2101650
NIFTY27OCT2217600CE.NFO,20/10/2022,09:41:43,67.6,67.4,1650,67.6,50,250,2101650
NIFTY27OCT2217600CE.NFO,20/10/2022,09:41:45,67.15,67,950,67.2,2400,2050,2101650
NIFTY27OCT2217600CE.NFO,20/10/2022,09:41:46,67.15,67.05,450,67.2,50,1950,2101650
NIFTY27OCT2217600CE.NFO,20/10/2022,09:41:48,67.05,67,1550,67.15,1900,250,2101650
NIFTY27OCT2217600CE.NFO,20/10/2022,09:41:50,67.05,66.85,350,67.05,2300,0,2101650
NIFTY27OCT2217600CE.NFO,20/10/2022,09:41:51,67.15,66.9,1400,67.1,1300,200,2101650
NIFTY27OCT2217600CE.NFO,20/10/2022,09:41:53,67,66.85,100,67.05,2650,800,2101650
NIFTY27OCT2217600CE.NFO,20/10/2022,09:41:55,66.55,66.6,50,66.8,500,350,2101650
NIFTY27OCT2217600CE.NFO,20/10/2022,09:41:56,66.6,66.65,250,66.75,1100,1800,2101650
NIFTY27OCT2217600CE.NFO,20/10/2022,09:41:58,66.8,66.6,50,66.7,300,300,2101650
NIFTY27OCT2217600CE.NFO,20/10/2022,09:42:00,66.45,66.35,450,66.55,150,2500,2101650
NIFTY27OCT2217600CE.NFO,20/10/2022,09:42:01,66.45,66.4,900,66.65,500,600,2101650
NIFTY27OCT2217600CE.NFO,20/10/2022,09:42:03,66.35,66.15,500,66.35,50,300,2101650
NIFTY27OCT2217600CE.NFO,20/10/2022,09:42:05,66.1,66,2000,66.25,500,950,2101650
NIFTY27OCT2217600CE.NFO,20/10/2022,09:42:06,66,65.75,400,65.95,550,1600,2101650
NIFTY27OCT2217600CE.NFO,20/10/2022,09:42:08,65.4,65.4,800,65.5,50,1650,2101650
NIFTY27OCT2217600CE.NFO,20/10/2022,09:42:10,65.7,65.45,50,65.65,2300,800,2101650
NIFTY27OCT2217600CE.NFO,20/10/2022,09:42:11,65.35,65.4,100,65.6,5150,1700,2101650
NIFTY27OCT2217600CE.NFO,20/10/2022,09:42:11,65.3,65.4,100,65.6,5150,0,2101650
NIFTY27OCT2217600CE.NFO,20/10/2022,09:42:13,65.3,65.3,1900,65.4,2550,4800,2101650
NIFTY27OCT2217600CE.NFO,20/10/2022,09:42:13,65.1,65.3,1900,65.4,2550,0,2101650
NIFTY27OCT2217600CE.NFO,20/10/2022,09:42:15,64.4,64.3,450,64.45,100,16650,2101650
NIFTY27OCT2217600CE.NFO,20/10/2022,09:42:15,64.3,64.3,450,64.45,100,0,2101650
NIFTY27OCT2217600CE.NFO,20/10/2022,09:42:16,64.45,64.2,50,64.3,600,3000,2101650
NIFTY27OCT2217600CE.NFO,20/10/2022,09:42:18,64.2,64,7300,64.15,100,1600,2101650
NIFTY27OCT2217600CE.NFO,20/10/2022,09:42:18,64.15,64,7300,64.15,100,0,2101650
NIFTY27OCT2217600CE.NFO,20/10/2022,09:42:20,64.55,64.3,100,64.5,1250,1950,2101650
NIFTY27OCT2217600CE.NFO,20/10/2022,09:42:20,64.05,64.3,100,64.5,1250,0,2101650
NIFTY27OCT2217600CE.NFO,20/10/2022,09:42:21,64.4,64.2,850,64.35,100,450,2101650
NIFTY27OCT2217600CE.NFO,20/10/2022,09:42:23,64,64,6050,64.2,1950,3850,2101650
NIFTY27OCT2217600CE.NFO,20/10/2022,09:42:23,64,64,6050,64.2,1950,0,2101650
NIFTY27OCT2217600CE.NFO,20/10/2022,09:42:25,64,64,5900,64.15,100,1550,2101650
NIFTY27OCT2217600CE.NFO,20/10/2022,09:42:26,64.25,64.15,850,64.3,100,1150,2101650
NIFTY27OCT2217600CE.NFO,20/10/2022,09:42:28,64.5,64.35,600,64.55,450,9450,2101650
NIFTY27OCT2217600CE.NFO,20/10/2022,09:42:30,64.35,64.3,100,64.4,100,350,2101650
NIFTY27OCT2217600CE.NFO,20/10/2022,09:42:31,64.25,64.25,150,64.4,50,2650,2101650
NIFTY27OCT2217600CE.NFO,20/10/2022,09:42:33,64.05,64.1,150,64.3,500,1800,2101650
NIFTY27OCT2217600CE.NFO,20/10/2022,09:42:35,64.6,64.5,1600,64.75,500,250,2101650
NIFTY27OCT2217600CE.NFO,20/10/2022,09:42:36,64.35,64.25,50,64.4,850,350,2101650
NIFTY27OCT2217600CE.NFO,20/10/2022,09:42:38,64.3,64.3,350,64.5,50,2700,2101650
NIFTY27OCT2217600CE.NFO,20/10/2022,09:42:40,64.3,64.3,300,64.45,250,400,2101650
NIFTY27OCT2217600CE.NFO,20/10/2022,09:42:41,64.35,64.4,50,64.45,100,1700,2101650
NIFTY27OCT2217600CE.NFO,20/10/2022,09:42:43,64.55,64.45,350,64.55,50,250,2101650
NIFTY27OCT2217600CE.NFO,20/10/2022,09:42:45,64.25,64.2,1800,64.4,1050,5000,2101650
NIFTY27OCT2217600CE.NFO,20/10/2022,09:42:46,64.25,64.15,100,64.3,50,650,2101650
NIFTY27OCT2217600CE.NFO,20/10/2022,09:42:48,64.35,64.25,350,64.4,350,350,2101650
NIFTY27OCT2217600CE.NFO,20/10/2022,09:42:50,64.05,64.05,1100,64.2,50,2500,2101650
NIFTY27OCT2217600CE.NFO,20/10/2022,09:42:51,64.55,64.5,1200,64.7,50,1000,2101650
NIFTY27OCT2217600CE.NFO,20/10/2022,09:42:53,64.45,64.3,50,64.5,800,700,2101650
NIFTY27OCT2217600CE.NFO,20/10/2022,09:42:55,64.7,64.8,100,65,400,550,2101650
NIFTY27OCT2217600CE.NFO,20/10/2022,09:42:56,64.75,64.8,100,64.95,1250,900,2101650
NIFTY27OCT2217600CE.NFO,20/10/2022,09:42:58,65.25,65.05,150,65.25,450,3750,2101650
NIFTY27OCT2217600CE.NFO,20/10/2022,09:43:00,65.1,64.9,500,65.1,1600,200,2101650
NIFTY27OCT2217600CE.NFO,20/10/2022,09:43:01,64.8,64.65,850,64.85,50,300,2101650
NIFTY27OCT2217600CE.NFO,20/10/2022,09:43:03,64.8,64.55,700,64.75,50,1500,2101650
NIFTY27OCT2217600CE.NFO,20/10/2022,09:43:05,64.8,64.8,950,65,100,150,2101650
NIFTY27OCT2217600CE.NFO,20/10/2022,09:43:06,64.65,64.75,50,64.95,3550,450,2101650
NIFTY27OCT2217600CE.NFO,20/10/2022,09:43:08,64.75,64.75,800,64.95,2250,300,2101650
NIFTY27OCT2217600CE.NFO,20/10/2022,09:43:10,64.7,64.65,400,64.85,1350,550,2101650
NIFTY27OCT2217600CE.NFO,20/10/2022,09:43:11,64.9,64.9,1750,65.15,50,1950,2101650
NIFTY27OCT2217600CE.NFO,20/10/2022,09:43:13,64.85,65,600,65.2,800,2850,2101650
NIFTY27OCT2217600CE.NFO,20/10/2022,09:43:15,65.15,65.3,350,65.4,50,800,2101650
NIFTY27OCT2217600CE.NFO,20/10/2022,09:43:16,65.2,65.2,2700,65.4,50,650,2101650
NIFTY27OCT2217600CE.NFO,20/10/2022,09:43:18,65.35,65.2,350,65.35,50,200,2101650
NIFTY27OCT2217600CE.NFO,20/10/2022,09:43:20,65.4,65.25,500,65.45,100,800,2101650
NIFTY27OCT2217600CE.NFO,20/10/2022,09:43:22,65.3,65.25,1650,65.45,150,500,2101650
NIFTY27OCT2217600CE.NFO,20/10/2022,09:43:23,65.4,65.25,2500,65.4,50,450,2101650
NIFTY27OCT2217600CE.NFO,20/10/2022,09:43:25,65.15,65.2,3300,65.35,50,1150,2101650
NIFTY27OCT2217600CE.NFO,20/10/2022,09:43:27,65.25,65.1,2500,65.3,2000,150,2101650
NIFTY27OCT2217600CE.NFO,20/10/2022,09:43:28,65.35,65.25,650,65.5,550,200,2101650
NIFTY27OCT2217600CE.NFO,20/10/2022,09:43:30,65.4,65.45,400,65.65,100,400,2101650
NIFTY27OCT2217600CE.NFO,20/10/2022,09:43:32,65.6,65.4,900,65.6,1100,650,2101650
NIFTY27OCT2217600CE.NFO,20/10/2022,09:43:33,65.5,65.5,200,65.75,550,850,2101650
NIFTY27OCT2217600CE.NFO,20/10/2022,09:43:35,65.75,65.65,1450,65.85,50,1000,2101650
NIFTY27OCT2217600CE.NFO,20/10/2022,09:43:37,65.7,65.65,400,65.75,200,2000,2101650
NIFTY27OCT2217600CE.NFO,20/10/2022,09:43:38,65.8,65.6,50,65.8,800,350,2101650
NIFTY27OCT2217600CE.NFO,20/10/2022,09:43:40,65.95,65.8,450,66,150,3050,2101650
NIFTY27OCT2217600CE.NFO,20/10/2022,09:43:42,65.95,65.7,1400,65.9,1050,1500,2101650
NIFTY27OCT2217600CE.NFO,20/10/2022,09:43:43,65.95,66.05,250,66.35,850,800,2101650
NIFTY27OCT2217600CE.NFO,20/10/2022,09:43:45,66.15,66.15,400,66.35,300,200,2101650
NIFTY27OCT2217600CE.NFO,20/10/2022,09:43:47,66.55,66.35,550,66.55,50,450,2101650
NIFTY27OCT2217600CE.NFO,20/10/2022,09:43:48,66.3,66.25,50,66.4,500,1300,2101650
NIFTY27OCT2217600CE.NFO,20/10/2022,09:43:50,66,66,100,66.15,400,50,2101650
NIFTY27OCT2217600CE.NFO,20/10/2022,09:43:51,66,66.2,50,66.4,2350,50,2101650
NIFTY27OCT2217600CE.NFO,20/10/2022,09:43:53,65.65,65.7,100,65.9,100,1850,2101650
NIFTY27OCT2217600CE.NFO,20/10/2022,09:43:55,66,65.75,400,65.9,50,900,2101650
NIFTY27OCT2217600CE.NFO,20/10/2022,09:43:56,65.65,65.7,1350,65.9,550,100,2101650
NIFTY27OCT2217600CE.NFO,20/10/2022,09:43:58,65.65,65.65,200,65.9,50,3450,2101650
NIFTY27OCT2217600CE.NFO,20/10/2022,09:44:00,65.9,65.85,100,66.05,350,450,2101650
NIFTY27OCT2217600CE.NFO,20/10/2022,09:44:01,65.9,66,150,66.05,50,700,2101650
NIFTY27OCT2217600CE.NFO,20/10/2022,09:44:03,66.15,66.15,1500,66.35,950,1100,2101650
NIFTY27OCT2217600CE.NFO,20/10/2022,09:44:05,66.3,66.25,1200,66.5,250,450,2101650
NIFTY27OCT2217600CE.NFO,20/10/2022,09:44:06,65.9,65.9,650,66.1,1300,500,2101650
NIFTY27OCT2217600CE.NFO,20/10/2022,09:44:08,65.8,65.75,150,65.9,250,450,2101650
NIFTY27OCT2217600CE.NFO,20/10/2022,09:44:10,65.9,65.75,50,65.9,1200,800,2101650
NIFTY27OCT2217600CE.NFO,20/10/2022,09:44:11,65.6,65.55,100,65.65,50,400,2101650
NIFTY27OCT2217600CE.NFO,20/10/2022,09:44:13,65.55,65.6,50,65.8,1650,150,2101650
NIFTY27OCT2217600CE.NFO,20/10/2022,09:44:15,65.85,65.8,350,65.95,50,800,2101650
NIFTY27OCT2217600CE.NFO,20/10/2022,09:44:16,65.7,65.9,1000,66.15,100,700,2101650
NIFTY27OCT2217600CE.NFO,20/10/2022,09:44:18,65.7,65.65,50,65.85,4000,900,2101650
NIFTY27OCT2217600CE.NFO,20/10/2022,09:44:20,65.95,65.85,100,66.05,600,1050,2101650
NIFTY27OCT2217600CE.NFO,20/10/2022,09:44:21,66.3,66,1350,66.2,1050,300,2101650
NIFTY27OCT2217600CE.NFO,20/10/2022,09:44:23,65.8,65.8,100,66,400,150,2101650
NIFTY27OCT2217600CE.NFO,20/10/2022,09:44:25,66.3,66.25,550,66.45,400,2100,2101650
NIFTY27OCT2217600CE.NFO,20/10/2022,09:44:26,66.3,66.35,100,66.55,350,150,2101650
NIFTY27OCT2217600CE.NFO,20/10/2022,09:44:28,66.2,66.15,50,66.35,2150,750,2101650
NIFTY27OCT2217600CE.NFO,20/10/2022,09:44:30,66.3,66.3,1850,66.5,400,250,2101650
NIFTY27OCT2217600CE.NFO,20/10/2022,09:44:31,66.2,66.15,1150,66.35,100,100,2101650
NIFTY27OCT2217600CE.NFO,20/10/2022,09:44:33,66,66.05,650,66.3,1500,700,2101650
NIFTY27OCT2217600CE.NFO,20/10/2022,09:44:35,66.15,66.05,350,66.2,350,300,2101650
NIFTY27OCT2217600CE.NFO,20/10/2022,09:44:36,66.25,66.15,750,66.25,200,600,2101650
NIFTY27OCT2217600CE.NFO,20/10/2022,09:44:38,66,66,200,66.15,350,1150,2101650
NIFTY27OCT2217600CE.NFO,20/10/2022,09:44:40,66.15,66.05,350,66.2,500,50,2101650
NIFTY27OCT2217600CE.NFO,20/10/2022,09:44:41,66.15,66,900,66.15,2650,0,2101650
NIFTY27OCT2217600CE.NFO,20/10/2022,09:44:43,66.1,66.05,450,66.15,50,850,2112200
NIFTY27OCT2217600CE.NFO,20/10/2022,09:44:45,66.2,66.05,700,66.3,2400,1300,2112200
NIFTY27OCT2217600CE.NFO,20/10/2022,09:44:46,65.9,65.85,3000,66,600,1700,2112200
NIFTY27OCT2217600CE.NFO,20/10/2022,09:44:48,66,66,150,66.05,50,1150,2112200
NIFTY27OCT2217600CE.NFO,20/10/2022,09:44:50,65.8,65.85,700,66,50,650,2112200
NIFTY27OCT2217600CE.NFO,20/10/2022,09:44:52,65.9,65.7,400,65.85,400,400,2112200
NIFTY27OCT2217600CE.NFO,20/10/2022,09:44:53,65.75,65.75,50,65.85,500,550,2112200
NIFTY27OCT2217600CE.NFO,20/10/2022,09:44:55,65.85,65.8,350,65.95,50,300,2112200
NIFTY27OCT2217600CE.NFO,20/10/2022,09:44:57,65.85,65.9,350,66.05,100,1050,2112200
NIFTY27OCT2217600CE.NFO,20/10/2022,09:44:58,66.05,66.1,50,66.2,550,1300,2112200
NIFTY27OCT2217600CE.NFO,20/10/2022,09:45:00,65.6,65.65,650,65.9,1400,950,2112200
NIFTY27OCT2217600CE.NFO,20/10/2022,09:45:02,65.8,65.65,50,65.8,1350,1850,2112200
NIFTY27OCT2217600CE.NFO,20/10/2022,09:45:03,65.5,65.45,100,65.65,350,550,2112200
NIFTY27OCT2217600CE.NFO,20/10/2022,09:45:05,65.4,65.35,150,65.5,250,350,2112200
NIFTY27OCT2217600CE.NFO,20/10/2022,09:45:07,65.7,65.75,100,65.95,400,1950,2112200
NIFTY27OCT2217600CE.NFO,20/10/2022,09:45:08,65.85,65.75,650,65.9,550,500,2112200
NIFTY27OCT2217600CE.NFO,20/10/2022,09:45:10,65.5,65.55,50,65.7,1050,1550,2112200
NIFTY27OCT2217600CE.NFO,20/10/2022,09:45:12,65.5,65.5,50,65.55,50,200,2112200
NIFTY27OCT2217600CE.NFO,20/10/2022,09:45:13,65.6,65.5,50,65.7,2500,700,2112200
NIFTY27OCT2217600CE.NFO,20/10/2022,09:45:15,65.6,65.6,200,65.75,1800,150,2112200
NIFTY27OCT2217600CE.NFO,20/10/2022,09:45:17,65.7,65.6,50,65.8,900,100,2112200
NIFTY27OCT2217600CE.NFO,20/10/2022,09:45:18,65.65,65.6,50,65.7,1300,200,2112200
NIFTY27OCT2217600CE.NFO,20/10/2022,09:45:20,65.8,65.6,50,65.75,1200,300,2112200
NIFTY27OCT2217600CE.NFO,20/10/2022,09:45:22,65.65,65.65,100,65.85,800,200,2112200
NIFTY27OCT2217600CE.NFO,20/10/2022,09:45:23,65.85,65.7,350,65.9,1000,50,2112200
NIFTY27OCT2217600CE.NFO,20/10/2022,09:45:25,66.2,66.05,350,66.15,50,500,2112200
NIFTY27OCT2217600CE.NFO,20/10/2022,09:45:27,65.9,65.8,350,65.9,250,1050,2112200
NIFTY27OCT2217600CE.NFO,20/10/2022,09:45:28,66.05,65.85,700,66,50,500,2112200
NIFTY27OCT2217600CE.NFO,20/10/2022,09:45:30,65.5,65.45,50,65.6,900,2100,2112200
NIFTY27OCT2217600CE.NFO,20/10/2022,09:45:32,65.5,65.35,100,65.55,100,400,2112200
NIFTY27OCT2217600CE.NFO,20/10/2022,09:45:33,65.45,65.2,150,65.4,300,650,2112200
NIFTY27OCT2217600CE.NFO,20/10/2022,09:45:35,65,65,350,65.15,50,3600,2112200
NIFTY27OCT2217600CE.NFO,20/10/2022,09:45:37,65.3,65.2,350,65.35,100,1050,2112200
NIFTY27OCT2217600CE.NFO,20/10/2022,09:45:38,65,65.05,50,65.25,1000,1000,2112200
NIFTY27OCT2217600CE.NFO,20/10/2022,09:45:40,65.4,65.1,400,65.3,150,250,2112200
NIFTY27OCT2217600CE.NFO,20/10/2022,09:45:42,65.05,65.05,550,65.1,1000,100,2112200
NIFTY27OCT2217600CE.NFO,20/10/2022,09:45:43,65.1,65.1,450,65.3,1600,900,2112200
NIFTY27OCT2217600CE.NFO,20/10/2022,09:45:45,64.95,64.8,350,65,650,550,2112200
NIFTY27OCT2217600CE.NFO,20/10/2022,09:45:47,64.65,64.55,100,64.7,350,550,2112200
NIFTY27OCT2217600CE.NFO,20/10/2022,09:45:48,64.75,64.5,1200,64.7,350,1050,2112200
NIFTY27OCT2217600CE.NFO,20/10/2022,09:45:50,64.5,64.45,300,64.75,1300,50,2112200
NIFTY27OCT2217600CE.NFO,20/10/2022,09:45:52,64.25,64.15,950,64.35,2850,1400,2112200
NIFTY27OCT2217600CE.NFO,20/10/2022,09:45:53,64.1,64.05,50,64.15,1350,1750,2112200
NIFTY27OCT2217600CE.NFO,20/10/2022,09:45:55,64,64,3650,64.05,1600,10100,2112200
NIFTY27OCT2217600CE.NFO,20/10/2022,09:45:57,63.55,63.5,1400,63.7,650,15800,2112200
NIFTY27OCT2217600CE.NFO,20/10/2022,09:45:57,63.55,63.5,1400,63.7,650,0,2112200
NIFTY27OCT2217600CE.NFO,20/10/2022,09:45:58,64.05,64.05,100,64.2,250,20050,2112200
NIFTY27OCT2217600CE.NFO,20/10/2022,09:46:00,64,64.05,50,64.2,850,450,2112200
NIFTY27OCT2217600CE.NFO,20/10/2022,09:46:02,63.95,63.9,400,64.1,800,15100,2112200
NIFTY27OCT2217600CE.NFO,20/10/2022,09:46:03,63.85,63.8,900,64,750,1900,2112200
NIFTY27OCT2217600CE.NFO,20/10/2022,09:46:05,63.5,63.35,100,63.55,50,1000,2112200
NIFTY27OCT2217600CE.NFO,20/10/2022,09:46:05,63.3,63.35,100,63.55,50,0,2112200
NIFTY27OCT2217600CE.NFO,20/10/2022,09:46:07,63.4,63.3,50,63.5,1250,1200,2112200
NIFTY27OCT2217600CE.NFO,20/10/2022,09:46:07,63.2,63.3,50,63.5,1250,0,2112200
NIFTY27OCT2217600CE.NFO,20/10/2022,09:46:08,63.3,63.2,1250,63.4,250,100,2112200
NIFTY27OCT2217600CE.NFO,20/10/2022,09:46:10,62.8,62.75,500,62.95,100,4350,2112200
NIFTY27OCT2217600CE.NFO,20/10/2022,09:46:10,62.8,62.75,500,62.95,100,0,2112200
NIFTY27OCT2217600CE.NFO,20/10/2022,09:46:12,62.4,62.25,100,62.45,450,5550,2112200
NIFTY27OCT2217600CE.NFO,20/10/2022,09:46:12,62.15,62.25,100,62.45,450,0,2112200
NIFTY27OCT2217600CE.NFO,20/10/2022,09:46:13,62.55,62.3,450,62.5,900,2650,2112200
NIFTY27OCT2217600CE.NFO,20/10/2022,09:46:15,62.6,62.6,1700,62.8,800,2450,2112200
NIFTY27OCT2217600CE.NFO,20/10/2022,09:46:17,63,62.8,950,63,1050,2350,2112200
NIFTY27OCT2217600CE.NFO,20/10/2022,09:46:18,63.25,63,1200,63.2,650,4250,2112200
NIFTY27OCT2217600CE.NFO,20/10/2022,09:46:20,62.9,62.7,200,62.9,900,1950,2112200
NIFTY27OCT2217600CE.NFO,20/10/2022,09:46:22,62.4,62.45,50,62.6,1150,1950,2112200
NIFTY27OCT2217600CE.NFO,20/10/2022,09:46:23,62.4,62.6,300,62.7,1000,1050,2112200
NIFTY27OCT2217600CE.NFO,20/10/2022,09:46:25,62.45,62.45,50,62.65,550,3000,2112200
NIFTY27OCT2217600CE.NFO,20/10/2022,09:46:27,62.75,62.7,2700,62.95,300,1450,2112200
NIFTY27OCT2217600CE.NFO,20/10/2022,09:46:28,62.85,62.8,1150,63,1050,1050,2112200
NIFTY27OCT2217600CE.NFO,20/10/2022,09:46:30,62.8,62.75,150,63,2250,1300,2112200
NIFTY27OCT2217600CE.NFO,20/10/2022,09:46:32,62.8,62.8,50,62.95,400,2300,2112200
NIFTY27OCT2217600CE.NFO,20/10/2022,09:46:33,62.65,62.75,150,62.95,350,100,2112200
NIFTY27OCT2217600CE.NFO,20/10/2022,09:46:35,63.1,63.2,600,63.4,300,900,2112200
NIFTY27OCT2217600CE.NFO,20/10/2022,09:46:37,63.75,63.7,1850,63.9,50,1850,2112200
NIFTY27OCT2217600CE.NFO,20/10/2022,09:46:38,63.55,63.55,2100,63.75,100,1500,2112200
NIFTY27OCT2217600CE.NFO,20/10/2022,09:46:40,63.55,63.35,100,63.5,100,150,2112200
NIFTY27OCT2217600CE.NFO,20/10/2022,09:46:42,63.35,63.05,350,63.2,1050,450,2112200
NIFTY27OCT2217600CE.NFO,20/10/2022,09:46:43,63.4,63.2,100,63.35,450,1050,2112200
NIFTY27OCT2217600CE.NFO,20/10/2022,09:46:45,63.2,63.05,100,63.2,150,1250,2112200
NIFTY27OCT2217600CE.NFO,20/10/2022,09:46:47,63.15,63.15,50,63.3,50,450,2112200
NIFTY27OCT2217600CE.NFO,20/10/2022,09:46:48,63.2,63.3,750,63.45,50,2050,2112200
NIFTY27OCT2217600CE.NFO,20/10/2022,09:46:50,63.35,63.35,900,63.55,100,250,2112200
NIFTY27OCT2217600CE.NFO,20/10/2022,09:46:52,63.55,63.4,1350,63.6,950,500,2112200
NIFTY27OCT2217600CE.NFO,20/10/2022,09:46:53,63.4,63.55,50,63.6,50,550,2112200
NIFTY27OCT2217600CE.NFO,20/10/2022,09:46:55,63.5,63.5,1150,63.65,100,2550,2112200
NIFTY27OCT2217600CE.NFO,20/10/2022,09:46:57,63.55,63.4,200,63.6,200,600,2112200
NIFTY27OCT2217600CE.NFO,20/10/2022,09:46:58,63.4,63.35,350,63.5,50,200,2112200
NIFTY27OCT2217600CE.NFO,20/10/2022,09:47:00,63.1,63,550,63.15,1000,2900,2112200
NIFTY27OCT2217600CE.NFO,20/10/2022,09:47:02,63,62.95,400,63.1,50,1100,2112200
NIFTY27OCT2217600CE.NFO,20/10/2022,09:47:03,63,62.9,2250,63.1,250,950,2112200
NIFTY27OCT2217600CE.NFO,20/10/2022,09:47:05,62.8,62.8,2250,63,350,1150,2112200
NIFTY27OCT2217600CE.NFO,20/10/2022,09:47:07,63,62.8,100,62.9,350,500,2112200
NIFTY27OCT2217600CE.NFO,20/10/2022,09:47:08,62.95,62.75,450,62.95,1300,100,2112200
NIFTY27OCT2217600CE.NFO,20/10/2022,09:47:10,63.2,63.1,100,63.15,50,1850,2112200
NIFTY27OCT2217600CE.NFO,20/10/2022,09:47:12,63,62.85,550,63,300,550,2112200
NIFTY27OCT2217600CE.NFO,20/10/2022,09:47:13,62.85,62.85,100,63,850,650,2112200
NIFTY27OCT2217600CE.NFO,20/10/2022,09:47:15,62.85,62.7,1000,62.85,500,250,2112200
NIFTY27OCT2217600CE.NFO,20/10/2022,09:47:17,62.7,62.7,850,62.85,100,1300,2112200
NIFTY27OCT2217600CE.NFO,20/10/2022,09:47:18,62.65,62.6,900,62.8,50,550,2112200
NIFTY27OCT2217600CE.NFO,20/10/2022,09:47:20,62.8,62.65,300,62.85,500,1050,2112200
NIFTY27OCT2217600CE.NFO,20/10/2022,09:47:22,62.75,62.55,400,62.75,350,700,2112200
NIFTY27OCT2217600CE.NFO,20/10/2022,09:47:23,62.6,62.5,300,62.65,400,2150,2112200
NIFTY27OCT2217600CE.NFO,20/10/2022,09:47:25,62.8,62.75,150,62.9,300,100,2112200
NIFTY27OCT2217600CE.NFO,20/10/2022,09:47:27,62.85,62.8,50,62.95,400,700,2112200
NIFTY27OCT2217600CE.NFO,20/10/2022,09:47:28,63,62.85,100,63,2700,1850,2112200
NIFTY27OCT2217600CE.NFO,20/10/2022,09:47:30,62.8,62.6,750,62.8,1300,300,2112200
NIFTY27OCT2217600CE.NFO,20/10/2022,09:47:32,62.55,62.55,250,62.7,50,3050,2112200
NIFTY27OCT2217600CE.NFO,20/10/2022,09:47:33,63,62.9,650,63,2950,450,2112200
NIFTY27OCT2217600CE.NFO,20/10/2022,09:47:35,62.9,62.6,50,62.8,900,4250,2112200
NIFTY27OCT2217600CE.NFO,20/10/2022,09:47:37,62.6,62.55,450,62.75,100,1500,2112200
NIFTY27OCT2217600CE.NFO,20/10/2022,09:47:38,62.7,62.8,50,62.95,500,300,2112200
NIFTY27OCT2217600CE.NFO,20/10/2022,09:47:40,62.8,62.65,50,62.85,1700,2100,2112200
NIFTY27OCT2217600CE.NFO,20/10/2022,09:47:42,62.7,62.8,50,62.95,350,250,2150150
NIFTY27OCT2217600CE.NFO,20/10/2022,09:47:43,62.6,62.6,350,62.75,650,600,2150150
NIFTY27OCT2217600CE.NFO,20/10/2022,09:47:45,62.55,62.6,1850,62.8,200,800,2150150
NIFTY27OCT2217600CE.NFO,20/10/2022,09:47:47,63.2,63,500,63.1,50,600,2150150
NIFTY27OCT2217600CE.NFO,20/10/2022,09:47:48,63.25,63.25,50,63.4,50,2900,2150150
NIFTY27OCT2217600CE.NFO,20/10/2022,09:47:50,63.4,63.25,400,63.45,1700,250,2150150
NIFTY27OCT2217600CE.NFO,20/10/2022,09:47:52,62.8,62.75,100,62.85,100,550,2150150
NIFTY27OCT2217600CE.NFO,20/10/2022,09:47:53,62.95,62.7,1100,62.9,600,850,2150150
NIFTY27OCT2217600CE.NFO,20/10/2022,09:47:55,62.65,62.65,950,62.8,50,450,2150150
NIFTY27OCT2217600CE.NFO,20/10/2022,09:47:57,62.95,63.05,100,63.15,250,2350,2150150
NIFTY27OCT2217600CE.NFO,20/10/2022,09:47:58,63.05,63,350,63.15,250,50,2150150
NIFTY27OCT2217600CE.NFO,20/10/2022,09:48:00,63.4,63.05,750,63.25,250,600,2150150
NIFTY27OCT2217600CE.NFO,20/10/2022,09:48:02,63.4,63.15,1400,63.35,100,2150,2150150
NIFTY27OCT2217600CE.NFO,20/10/2022,09:48:03,63.35,63.3,100,63.45,650,950,2150150
NIFTY27OCT2217600CE.NFO,20/10/2022,09:48:05,63.3,63.3,650,63.45,600,2650,2150150
