Ticker,Date,Time,LTP,BuyPrice,BuyQty,SellPrice,SellQty,LTQ,OpenInterest
NIFTY27OCT2217800PE.NFO,25/10/2022,09:15:00,95.95,83.5,400,85.2,300,2600,0
NIFTY27OCT2217800PE.NFO,25/10/2022,09:15:00,95.95,83.5,400,85.2,300,0,0
NIFTY27OCT2217800PE.NFO,25/10/2022,09:15:00,96,83.5,400,85.2,300,0,0
NIFTY27OCT2217800PE.NFO,25/10/2022,09:15:00,84.4,83.5,400,85.2,300,0,0
NIFTY27OCT2217800PE.NFO,25/10/2022,09:15:01,80.65,80.75,300,80.8,50,13800,1736350
NIFTY27OCT2217800PE.NFO,25/10/2022,09:15:01,80.55,80.75,300,80.8,50,0,1736350
NIFTY27OCT2217800PE.NFO,25/10/2022,09:15:03,82.8,81.35,350,82.7,400,51250,1736350
NIFTY27OCT2217800PE.NFO,25/10/2022,09:15:03,78.7,81.35,350,82.7,400,0,1736350
NIFTY27OCT2217800PE.NFO,25/10/2022,09:15:04,81.9,81.95,1000,82.45,50,53950,1736350
NIFTY27OCT2217800PE.NFO,25/10/2022,09:15:06,83.75,83.75,50,84.2,250,78050,1736350
NIFTY27OCT2217800PE.NFO,25/10/2022,09:15:07,84.9,85.4,100,86.35,450,74200,1736350
NIFTY27OCT2217800PE.NFO,25/10/2022,09:15:09,87.5,86.55,50,87.15,250,79300,1736350
NIFTY27OCT2217800PE.NFO,25/10/2022,09:15:10,83.6,83.2,200,83.6,100,57200,1736350
NIFTY27OCT2217800PE.NFO,25/10/2022,09:15:12,81.6,80.8,100,81.1,200,80150,1736350
NIFTY27OCT2217800PE.NFO,25/10/2022,09:15:13,80.2,80,11050,80.2,100,46250,1736350
NIFTY27OCT2217800PE.NFO,25/10/2022,09:15:15,80,79.7,50,80.3,50,71700,1736350
NIFTY27OCT2217800PE.NFO,25/10/2022,09:15:15,78.25,79.7,50,80.3,50,0,1736350
NIFTY27OCT2217800PE.NFO,25/10/2022,09:15:16,81.05,81,50,81.6,950,45900,1736350
NIFTY27OCT2217800PE.NFO,25/10/2022,09:15:17,82.2,81.65,50,82.2,50,50450,1736350
NIFTY27OCT2217800PE.NFO,25/10/2022,09:15:18,82.3,81.75,200,82.3,350,57100,1736350
NIFTY27OCT2217800PE.NFO,25/10/2022,09:15:19,81.25,81.25,400,81.55,100,24050,1736350
NIFTY27OCT2217800PE.NFO,25/10/2022,09:15:20,83.15,82.6,350,83.15,300,36900,1736350
NIFTY27OCT2217800PE.NFO,25/10/2022,09:15:22,82.8,82.55,150,82.8,950,52700,1736350
NIFTY27OCT2217800PE.NFO,25/10/2022,09:15:23,81.7,81.7,500,82.1,150,31750,1736350
NIFTY27OCT2217800PE.NFO,25/10/2022,09:15:24,81.55,81.4,50,81.65,50,25750,1736350
NIFTY27OCT2217800PE.NFO,25/10/2022,09:15:25,80,80,9450,80.15,100,58200,1736350
NIFTY27OCT2217800PE.NFO,25/10/2022,09:15:26,79.7,79.4,50,79.7,1850,33250,1736350
NIFTY27OCT2217800PE.NFO,25/10/2022,09:15:27,79.95,79.55,200,79.85,200,22550,1736350
NIFTY27OCT2217800PE.NFO,25/10/2022,09:15:28,79.7,79.7,750,80,2350,28850,1736350
NIFTY27OCT2217800PE.NFO,25/10/2022,09:15:29,79.45,79.3,100,79.5,1350,13100,1736350
NIFTY27OCT2217800PE.NFO,25/10/2022,09:15:30,82.05,82.1,100,82.6,400,55500,1736350
NIFTY27OCT2217800PE.NFO,25/10/2022,09:15:31,83.55,83.6,700,84,600,23050,1736350
NIFTY27OCT2217800PE.NFO,25/10/2022,09:15:32,84.95,84.85,200,84.95,600,33700,1736350
NIFTY27OCT2217800PE.NFO,25/10/2022,09:15:33,83.85,83.55,200,83.85,150,32750,1736350
NIFTY27OCT2217800PE.NFO,25/10/2022,09:15:34,82.4,82.25,1500,82.65,400,51200,1736350
NIFTY27OCT2217800PE.NFO,25/10/2022,09:15:35,83.05,83.05,350,83.45,400,22250,1736350
NIFTY27OCT2217800PE.NFO,25/10/2022,09:15:36,82.1,82.1,200,82.45,800,16100,1736350
NIFTY27OCT2217800PE.NFO,25/10/2022,09:15:37,82.35,82.35,100,82.6,300,12500,1736350
NIFTY27OCT2217800PE.NFO,25/10/2022,09:15:38,82.05,81.7,150,82,200,11250,1736350
NIFTY27OCT2217800PE.NFO,25/10/2022,09:15:39,81.55,81.35,50,81.55,350,10700,1736350
NIFTY27OCT2217800PE.NFO,25/10/2022,09:15:40,81.9,81.6,150,81.85,1650,13250,1736350
NIFTY27OCT2217800PE.NFO,25/10/2022,09:15:41,81.65,81.5,100,81.65,600,1500,1736350
NIFTY27OCT2217800PE.NFO,25/10/2022,09:15:42,81.35,81.35,700,81.65,350,14250,1736350
NIFTY27OCT2217800PE.NFO,25/10/2022,09:15:43,81.65,81.55,50,81.7,600,18250,1736350
NIFTY27OCT2217800PE.NFO,25/10/2022,09:15:44,82.1,82.1,150,82.45,950,28150,1736350
NIFTY27OCT2217800PE.NFO,25/10/2022,09:15:45,84.65,84.65,100,84.95,400,44750,1736350
NIFTY27OCT2217800PE.NFO,25/10/2022,09:15:46,84.75,84.45,100,84.75,100,10750,1736350
NIFTY27OCT2217800PE.NFO,25/10/2022,09:15:47,84.35,84.05,200,84.35,250,31600,1736350
NIFTY27OCT2217800PE.NFO,25/10/2022,09:15:48,84.2,83.75,400,84.15,800,22600,1736350
NIFTY27OCT2217800PE.NFO,25/10/2022,09:15:49,84.3,83.9,600,84.3,1150,6650,1736350
NIFTY27OCT2217800PE.NFO,25/10/2022,09:15:50,84.6,84.5,800,84.75,100,11650,1736350
NIFTY27OCT2217800PE.NFO,25/10/2022,09:15:51,84.25,84.25,200,84.5,50,20650,1736350
NIFTY27OCT2217800PE.NFO,25/10/2022,09:15:52,84.9,84.9,1050,84.95,50,50650,1736350
NIFTY27OCT2217800PE.NFO,25/10/2022,09:15:53,84.35,84.3,7100,84.55,50,19050,1736350
NIFTY27OCT2217800PE.NFO,25/10/2022,09:15:54,84.3,84.05,100,84.2,200,30300,1736350
NIFTY27OCT2217800PE.NFO,25/10/2022,09:15:55,84.15,83.85,50,84.2,1800,10900,1736350
NIFTY27OCT2217800PE.NFO,25/10/2022,09:15:57,84.6,84.55,350,84.85,50,14700,1736350
NIFTY27OCT2217800PE.NFO,25/10/2022,09:15:58,86.6,86.6,400,86.85,50,38000,1736350
NIFTY27OCT2217800PE.NFO,25/10/2022,09:15:59,86.1,85.8,100,86.1,50,36900,1736350
NIFTY27OCT2217800PE.NFO,25/10/2022,09:16:00,84.55,84.35,300,84.65,200,39200,1736350
NIFTY27OCT2217800PE.NFO,25/10/2022,09:16:01,85.6,85.75,150,85.95,1000,36800,1736350
NIFTY27OCT2217800PE.NFO,25/10/2022,09:16:02,86.15,86.15,150,86.35,200,12300,1736350
NIFTY27OCT2217800PE.NFO,25/10/2022,09:16:03,84.6,84.15,100,84.35,200,28600,1736350
NIFTY27OCT2217800PE.NFO,25/10/2022,09:16:04,85.6,85.7,100,85.85,100,20900,1736350
NIFTY27OCT2217800PE.NFO,25/10/2022,09:16:05,86.7,86.7,100,86.9,300,19950,1736350
NIFTY27OCT2217800PE.NFO,25/10/2022,09:16:06,85.45,85.4,150,85.5,300,15350,1736350
NIFTY27OCT2217800PE.NFO,25/10/2022,09:16:07,87.75,87.7,50,87.9,150,29100,1736350
NIFTY27OCT2217800PE.NFO,25/10/2022,09:16:08,88.05,88.05,150,88.3,100,15800,1736350
NIFTY27OCT2217800PE.NFO,25/10/2022,09:16:09,88.3,88.4,200,88.55,100,9000,1736350
NIFTY27OCT2217800PE.NFO,25/10/2022,09:16:10,89.6,89.5,100,89.75,150,30450,1736350
NIFTY27OCT2217800PE.NFO,25/10/2022,09:16:11,89.6,89.6,2900,89.65,200,26050,1736350
NIFTY27OCT2217800PE.NFO,25/10/2022,09:16:12,89.3,89.2,150,89.4,150,9900,1736350
NIFTY27OCT2217800PE.NFO,25/10/2022,09:16:13,89.25,88.9,100,89.2,1300,29950,1736350
NIFTY27OCT2217800PE.NFO,25/10/2022,09:16:14,87.75,87.75,250,87.95,150,36700,1736350
NIFTY27OCT2217800PE.NFO,25/10/2022,09:16:15,88.3,88.05,100,88.3,200,37000,1736350
NIFTY27OCT2217800PE.NFO,25/10/2022,09:16:16,87.9,87.6,100,87.85,100,16850,1736350
NIFTY27OCT2217800PE.NFO,25/10/2022,09:16:17,88.6,88.55,50,88.85,50,14500,1736350
NIFTY27OCT2217800PE.NFO,25/10/2022,09:16:18,88.5,88.4,250,88.65,50,4950,1736350
NIFTY27OCT2217800PE.NFO,25/10/2022,09:16:19,88.35,88.35,450,88.65,250,16350,1736350
NIFTY27OCT2217800PE.NFO,25/10/2022,09:16:20,88.8,88.75,150,88.85,50,26450,1736350
NIFTY27OCT2217800PE.NFO,25/10/2022,09:16:21,88,87.75,150,87.95,100,8350,1736350
NIFTY27OCT2217800PE.NFO,25/10/2022,09:16:22,87.45,87.55,300,87.8,150,13350,1736350
NIFTY27OCT2217800PE.NFO,25/10/2022,09:16:23,87.65,87.5,150,87.75,150,24450,1736350
NIFTY27OCT2217800PE.NFO,25/10/2022,09:16:24,87.9,87.85,250,87.95,50,4350,1736350
NIFTY27OCT2217800PE.NFO,25/10/2022,09:16:25,87,86.95,550,87.15,200,25300,1736350
NIFTY27OCT2217800PE.NFO,25/10/2022,09:16:26,86.35,86.15,150,86.35,50,11000,1736350
NIFTY27OCT2217800PE.NFO,25/10/2022,09:16:27,86.3,86.35,200,86.6,300,21250,1736350
NIFTY27OCT2217800PE.NFO,25/10/2022,09:16:28,86.4,86.2,150,86.45,850,8900,1736350
NIFTY27OCT2217800PE.NFO,25/10/2022,09:16:29,86.7,86.55,50,86.75,50,8000,1736350
NIFTY27OCT2217800PE.NFO,25/10/2022,09:16:30,87.15,87.1,150,87.35,150,13700,1736350
NIFTY27OCT2217800PE.NFO,25/10/2022,09:16:31,87.15,86.85,300,87.05,100,9600,1736350
NIFTY27OCT2217800PE.NFO,25/10/2022,09:16:32,86.6,86.55,500,86.8,150,5850,1736350
NIFTY27OCT2217800PE.NFO,25/10/2022,09:16:33,86.4,86.45,150,86.7,300,12250,1736350
NIFTY27OCT2217800PE.NFO,25/10/2022,09:16:34,86.5,86.4,150,86.5,200,500,1736350
NIFTY27OCT2217800PE.NFO,25/10/2022,09:16:35,85.9,85.75,50,85.95,250,31050,1736350
NIFTY27OCT2217800PE.NFO,25/10/2022,09:16:36,85,85,2950,85.1,250,22450,1736350
NIFTY27OCT2217800PE.NFO,25/10/2022,09:16:37,86.9,86.8,150,86.9,150,28500,1736350
NIFTY27OCT2217800PE.NFO,25/10/2022,09:16:38,86.55,86.5,300,86.75,250,10750,1736350
NIFTY27OCT2217800PE.NFO,25/10/2022,09:16:39,85.65,85.75,50,85.9,150,9200,1736350
NIFTY27OCT2217800PE.NFO,25/10/2022,09:16:40,86.05,86.05,150,86.15,50,250,1736350
NIFTY27OCT2217800PE.NFO,25/10/2022,09:16:41,87.1,87.25,200,87.5,100,12550,1736350
NIFTY27OCT2217800PE.NFO,25/10/2022,09:16:42,87.35,87.35,150,87.55,150,19150,1736350
NIFTY27OCT2217800PE.NFO,25/10/2022,09:16:43,88.3,88.3,150,88.55,450,10650,1736350
NIFTY27OCT2217800PE.NFO,25/10/2022,09:16:44,89.3,89.4,150,89.65,1150,15950,1736350
NIFTY27OCT2217800PE.NFO,25/10/2022,09:16:45,89.25,88.95,300,89.15,200,11250,1736350
NIFTY27OCT2217800PE.NFO,25/10/2022,09:16:46,89,88.8,100,89,50,18550,1736350
NIFTY27OCT2217800PE.NFO,25/10/2022,09:16:48,90.1,89.85,150,90.05,150,18950,1736350
NIFTY27OCT2217800PE.NFO,25/10/2022,09:16:49,91.05,90.85,100,91,50,12850,1736350
NIFTY27OCT2217800PE.NFO,25/10/2022,09:16:50,92.1,91.85,150,92.1,50,22300,1736350
NIFTY27OCT2217800PE.NFO,25/10/2022,09:16:51,92.05,91.9,150,92.1,50,19150,1736350
NIFTY27OCT2217800PE.NFO,25/10/2022,09:16:52,91.8,91.75,350,91.95,50,4550,1736350
NIFTY27OCT2217800PE.NFO,25/10/2022,09:16:53,92.55,92.35,650,92.55,150,11400,1736350
NIFTY27OCT2217800PE.NFO,25/10/2022,09:16:54,91.4,91.15,150,91.4,200,30050,1736350
NIFTY27OCT2217800PE.NFO,25/10/2022,09:16:55,93.7,93.55,150,93.75,200,31000,1736350
NIFTY27OCT2217800PE.NFO,25/10/2022,09:16:56,94,93.85,150,94,450,14400,1736350
NIFTY27OCT2217800PE.NFO,25/10/2022,09:16:57,94.45,94.45,150,94.6,200,18300,1736350
NIFTY27OCT2217800PE.NFO,25/10/2022,09:16:58,94.95,94.8,150,95,14150,5650,1736350
NIFTY27OCT2217800PE.NFO,25/10/2022,09:16:59,96.4,96.4,200,96.65,100,34150,1736350
NIFTY27OCT2217800PE.NFO,25/10/2022,09:16:59,96.9,96.4,200,96.65,100,0,1736350
NIFTY27OCT2217800PE.NFO,25/10/2022,09:17:00,97.35,97.05,50,97.3,450,19600,1736350
NIFTY27OCT2217800PE.NFO,25/10/2022,09:17:00,97.4,97.05,50,97.3,450,0,1736350
NIFTY27OCT2217800PE.NFO,25/10/2022,09:17:02,100.55,100.4,200,100.5,200,44400,1736350
NIFTY27OCT2217800PE.NFO,25/10/2022,09:17:02,100.7,100.4,200,100.5,200,0,1736350
NIFTY27OCT2217800PE.NFO,25/10/2022,09:17:03,98.4,98.4,50,98.65,50,58650,1736350
NIFTY27OCT2217800PE.NFO,25/10/2022,09:17:05,97.1,97.1,300,97.35,150,85050,1736350
NIFTY27OCT2217800PE.NFO,25/10/2022,09:17:06,96.45,96.3,100,96.6,550,29900,1736350
NIFTY27OCT2217800PE.NFO,25/10/2022,09:17:07,95.8,95.85,100,96.15,700,30600,1736350
NIFTY27OCT2217800PE.NFO,25/10/2022,09:17:08,97.9,97.95,50,98.15,50,31850,1736350
NIFTY27OCT2217800PE.NFO,25/10/2022,09:17:10,98,97.95,250,98,200,42750,1736350
NIFTY27OCT2217800PE.NFO,25/10/2022,09:17:11,97.15,97.2,200,97.4,250,50100,1736350
NIFTY27OCT2217800PE.NFO,25/10/2022,09:17:12,98.2,98,300,98.2,350,25800,1736350
NIFTY27OCT2217800PE.NFO,25/10/2022,09:17:13,98.7,98.7,50,98.95,200,29350,1736350
NIFTY27OCT2217800PE.NFO,25/10/2022,09:17:15,102.7,102.6,250,102.8,100,35650,1736350
NIFTY27OCT2217800PE.NFO,25/10/2022,09:17:15,102.75,102.6,250,102.8,100,0,1736350
NIFTY27OCT2217800PE.NFO,25/10/2022,09:17:16,105,105,100,105.2,150,70950,1736350
NIFTY27OCT2217800PE.NFO,25/10/2022,09:17:16,105.3,105,100,105.2,150,0,1736350
NIFTY27OCT2217800PE.NFO,25/10/2022,09:17:17,106.25,106.2,200,106.35,200,63150,1736350
NIFTY27OCT2217800PE.NFO,25/10/2022,09:17:17,106.45,106.2,200,106.35,200,0,1736350
NIFTY27OCT2217800PE.NFO,25/10/2022,09:17:19,105.8,105.5,200,105.75,150,66350,1736350
NIFTY27OCT2217800PE.NFO,25/10/2022,09:17:19,108.65,105.5,200,105.75,150,0,1736350
NIFTY27OCT2217800PE.NFO,25/10/2022,09:17:20,108.85,108.6,50,108.85,400,34100,1736350
NIFTY27OCT2217800PE.NFO,25/10/2022,09:17:20,109.4,108.6,50,108.85,400,0,1736350
NIFTY27OCT2217800PE.NFO,25/10/2022,09:17:22,109.15,109.15,50,109.35,200,74100,1736350
NIFTY27OCT2217800PE.NFO,25/10/2022,09:17:22,111.2,109.15,50,109.35,200,0,1736350
NIFTY27OCT2217800PE.NFO,25/10/2022,09:17:23,108.75,108.5,200,108.75,350,43450,1736350
NIFTY27OCT2217800PE.NFO,25/10/2022,09:17:25,107.95,107.95,50,108.1,300,39450,1736350
NIFTY27OCT2217800PE.NFO,25/10/2022,09:17:26,108.8,108.6,400,108.85,150,49700,1736350
NIFTY27OCT2217800PE.NFO,25/10/2022,09:17:28,109.55,109.35,150,109.6,100,40400,1736350
NIFTY27OCT2217800PE.NFO,25/10/2022,09:17:29,106.55,106.5,50,106.75,350,28800,1736350
NIFTY27OCT2217800PE.NFO,25/10/2022,09:17:31,106.2,106.5,200,106.8,250,32000,2457550
NIFTY27OCT2217800PE.NFO,25/10/2022,09:17:32,105.5,105.45,50,105.65,200,70650,2457550
NIFTY27OCT2217800PE.NFO,25/10/2022,09:17:34,104.8,104.6,400,104.8,100,26300,2457550
NIFTY27OCT2217800PE.NFO,25/10/2022,09:17:35,103.8,103.4,200,103.65,200,34550,2457550
NIFTY27OCT2217800PE.NFO,25/10/2022,09:17:37,102.6,102.6,100,102.8,50,37600,2457550
NIFTY27OCT2217800PE.NFO,25/10/2022,09:17:38,102.9,102.9,150,103.05,200,18150,2457550
NIFTY27OCT2217800PE.NFO,25/10/2022,09:17:40,102.85,102.85,100,103.1,350,23850,2457550
NIFTY27OCT2217800PE.NFO,25/10/2022,09:17:41,103.25,103,300,103.25,150,10350,2457550
NIFTY27OCT2217800PE.NFO,25/10/2022,09:17:42,103.55,103.55,50,103.75,100,19350,2457550
NIFTY27OCT2217800PE.NFO,25/10/2022,09:17:44,102.95,102.7,50,102.9,200,18600,2457550
NIFTY27OCT2217800PE.NFO,25/10/2022,09:17:45,104.75,104.55,50,104.75,50,39400,2457550
NIFTY27OCT2217800PE.NFO,25/10/2022,09:17:47,106.65,106.35,150,106.55,150,34800,2457550
NIFTY27OCT2217800PE.NFO,25/10/2022,09:17:48,105.35,105.25,650,105.55,200,8800,2457550
NIFTY27OCT2217800PE.NFO,25/10/2022,09:17:49,105.5,105.45,150,105.65,50,9900,2457550
NIFTY27OCT2217800PE.NFO,25/10/2022,09:17:50,105.55,105.4,200,105.55,150,8200,2457550
NIFTY27OCT2217800PE.NFO,25/10/2022,09:17:51,106.05,106.05,150,106.25,150,14250,2457550
NIFTY27OCT2217800PE.NFO,25/10/2022,09:17:52,106.5,106.25,50,106.5,50,5000,2457550
NIFTY27OCT2217800PE.NFO,25/10/2022,09:17:54,109.2,109,700,109.2,50,26650,2457550
NIFTY27OCT2217800PE.NFO,25/10/2022,09:17:55,108.6,108.4,100,108.65,150,12650,2457550
NIFTY27OCT2217800PE.NFO,25/10/2022,09:17:56,108.55,108.6,50,108.75,500,34550,2457550
NIFTY27OCT2217800PE.NFO,25/10/2022,09:17:58,110.75,110.45,150,110.65,100,41250,2457550
NIFTY27OCT2217800PE.NFO,25/10/2022,09:17:59,110.05,110,150,110.25,150,7150,2457550
NIFTY27OCT2217800PE.NFO,25/10/2022,09:18:00,111.25,111.1,50,111.25,200,9700,2457550
NIFTY27OCT2217800PE.NFO,25/10/2022,09:18:00,111.25,111.1,50,111.25,200,0,2457550
NIFTY27OCT2217800PE.NFO,25/10/2022,09:18:01,111.8,111.65,200,112,50,59300,2457550
NIFTY27OCT2217800PE.NFO,25/10/2022,09:18:01,113.35,111.65,200,112,50,0,2457550
NIFTY27OCT2217800PE.NFO,25/10/2022,09:18:03,113.7,113.5,50,113.8,700,47450,2457550
NIFTY27OCT2217800PE.NFO,25/10/2022,09:18:03,114,113.5,50,113.8,700,0,2457550
NIFTY27OCT2217800PE.NFO,25/10/2022,09:18:04,112.4,112.3,100,112.55,150,35650,2457550
NIFTY27OCT2217800PE.NFO,25/10/2022,09:18:04,116,112.3,100,112.55,150,0,2457550
NIFTY27OCT2217800PE.NFO,25/10/2022,09:18:06,113.4,113.1,150,113.35,50,46500,2457550
NIFTY27OCT2217800PE.NFO,25/10/2022,09:18:07,113.5,113.1,100,113.3,150,43100,2457550
NIFTY27OCT2217800PE.NFO,25/10/2022,09:18:08,114.05,113.95,150,114.2,400,33400,2457550
NIFTY27OCT2217800PE.NFO,25/10/2022,09:18:10,114,114,100,114.2,200,30950,2457550
NIFTY27OCT2217800PE.NFO,25/10/2022,09:18:11,112.65,112.35,200,112.5,200,57250,2457550
NIFTY27OCT2217800PE.NFO,25/10/2022,09:18:13,113,112.8,750,112.95,150,32150,2457550
NIFTY27OCT2217800PE.NFO,25/10/2022,09:18:14,112.75,112.85,200,112.95,200,19750,2457550
NIFTY27OCT2217800PE.NFO,25/10/2022,09:18:15,115.25,115.3,200,115.5,150,30950,2457550
NIFTY27OCT2217800PE.NFO,25/10/2022,09:18:17,114.65,114.35,300,114.55,150,30200,2457550
NIFTY27OCT2217800PE.NFO,25/10/2022,09:18:17,116.65,114.35,300,114.55,150,0,2457550
NIFTY27OCT2217800PE.NFO,25/10/2022,09:18:19,115.8,115.6,150,115.85,500,28000,2457550
NIFTY27OCT2217800PE.NFO,25/10/2022,09:18:19,116.8,115.6,150,115.85,500,0,2457550
NIFTY27OCT2217800PE.NFO,25/10/2022,09:18:20,118.35,118.1,50,118.3,50,18250,2457550
NIFTY27OCT2217800PE.NFO,25/10/2022,09:18:20,118.45,118.1,50,118.3,50,0,2457550
NIFTY27OCT2217800PE.NFO,25/10/2022,09:18:21,117.6,117.55,100,117.8,400,20450,2457550
NIFTY27OCT2217800PE.NFO,25/10/2022,09:18:21,119,117.55,100,117.8,400,0,2457550
NIFTY27OCT2217800PE.NFO,25/10/2022,09:18:23,117.25,117.05,150,117.3,250,9600,2457550
NIFTY27OCT2217800PE.NFO,25/10/2022,09:18:24,113.5,113.7,1050,113.85,50,55500,2457550
NIFTY27OCT2217800PE.NFO,25/10/2022,09:18:26,111.4,111.1,150,111.3,150,60400,2457550
NIFTY27OCT2217800PE.NFO,25/10/2022,09:18:28,110.45,110.35,300,110.55,150,43000,2457550
NIFTY27OCT2217800PE.NFO,25/10/2022,09:18:29,108.3,108.2,100,108.4,200,45700,2457550
NIFTY27OCT2217800PE.NFO,25/10/2022,09:18:31,105.75,105.7,800,105.95,150,24750,2457550
NIFTY27OCT2217800PE.NFO,25/10/2022,09:18:32,105.4,105.45,400,105.5,150,32850,2457550
NIFTY27OCT2217800PE.NFO,25/10/2022,09:18:34,106.1,106.15,150,106.35,500,43350,2457550
NIFTY27OCT2217800PE.NFO,25/10/2022,09:18:36,105.1,104.9,200,105.15,100,21800,2457550
NIFTY27OCT2217800PE.NFO,25/10/2022,09:18:37,106.35,106.25,950,106.3,250,15700,2457550
NIFTY27OCT2217800PE.NFO,25/10/2022,09:18:39,104.75,104.55,450,104.75,250,14600,2457550
NIFTY27OCT2217800PE.NFO,25/10/2022,09:18:41,104.55,104.4,50,104.65,600,18100,2457550
NIFTY27OCT2217800PE.NFO,25/10/2022,09:18:42,105,104.8,200,104.95,150,33100,2457550
NIFTY27OCT2217800PE.NFO,25/10/2022,09:18:44,106.15,106,350,106.2,200,19800,2457550
NIFTY27OCT2217800PE.NFO,25/10/2022,09:18:46,106.85,106.65,1150,106.95,250,30500,2457550
NIFTY27OCT2217800PE.NFO,25/10/2022,09:18:47,106.35,106.05,100,106.25,300,21250,2457550
NIFTY27OCT2217800PE.NFO,25/10/2022,09:18:49,108.3,108.15,100,108.25,300,27950,2457550
NIFTY27OCT2217800PE.NFO,25/10/2022,09:18:50,109.15,109.55,150,109.85,150,12500,2457550
NIFTY27OCT2217800PE.NFO,25/10/2022,09:18:52,111.1,110.9,50,111.2,250,11350,2457550
NIFTY27OCT2217800PE.NFO,25/10/2022,09:18:53,112.75,112.4,250,112.65,150,21150,2457550
NIFTY27OCT2217800PE.NFO,25/10/2022,09:18:55,113.05,113.2,50,113.45,200,19200,2457550
NIFTY27OCT2217800PE.NFO,25/10/2022,09:18:56,113.8,113.85,250,114.1,200,10550,2457550
NIFTY27OCT2217800PE.NFO,25/10/2022,09:18:57,113,112.85,50,113,50,17700,2457550
NIFTY27OCT2217800PE.NFO,25/10/2022,09:18:59,111.25,111.1,50,111.3,100,26750,2457550
NIFTY27OCT2217800PE.NFO,25/10/2022,09:19:00,109.9,109.9,50,110.1,250,27300,2457550
NIFTY27OCT2217800PE.NFO,25/10/2022,09:19:01,107.6,107.5,200,107.7,50,25700,2457550
NIFTY27OCT2217800PE.NFO,25/10/2022,09:19:03,107.05,106.95,450,107.2,150,19750,2457550
NIFTY27OCT2217800PE.NFO,25/10/2022,09:19:04,105.5,105.55,200,105.8,100,17600,2457550
NIFTY27OCT2217800PE.NFO,25/10/2022,09:19:05,106.25,106.05,50,106.25,200,22750,2457550
NIFTY27OCT2217800PE.NFO,25/10/2022,09:19:06,106.15,106.2,150,106.4,250,16200,2457550
NIFTY27OCT2217800PE.NFO,25/10/2022,09:19:08,106.9,106.65,2400,106.9,350,20000,2457550
NIFTY27OCT2217800PE.NFO,25/10/2022,09:19:09,107.5,107.15,50,107.35,150,7500,2457550
NIFTY27OCT2217800PE.NFO,25/10/2022,09:19:10,107.4,107.35,550,107.6,1000,11000,2457550
NIFTY27OCT2217800PE.NFO,25/10/2022,09:19:11,106.15,106,1100,106.15,50,15550,2457550
NIFTY27OCT2217800PE.NFO,25/10/2022,09:19:12,105.8,105.75,250,106,500,10100,2457550
NIFTY27OCT2217800PE.NFO,25/10/2022,09:19:13,106.45,106,150,106.15,150,17300,2457550
NIFTY27OCT2217800PE.NFO,25/10/2022,09:19:14,104.45,104.4,400,104.65,400,16300,2457550
NIFTY27OCT2217800PE.NFO,25/10/2022,09:19:16,106.1,106,50,106.25,350,12450,2457550
NIFTY27OCT2217800PE.NFO,25/10/2022,09:19:17,105.7,105.4,250,105.55,150,7450,2457550
NIFTY27OCT2217800PE.NFO,25/10/2022,09:19:17,104.7,104.65,50,104.9,150,3050,2457550
NIFTY27OCT2217800PE.NFO,25/10/2022,09:19:19,104.3,104.6,1100,104.8,150,3350,2457550
NIFTY27OCT2217800PE.NFO,25/10/2022,09:19:19,105.05,105.2,550,105.45,100,1850,2457550
NIFTY27OCT2217800PE.NFO,25/10/2022,09:19:20,104.65,104.45,50,104.65,50,14200,2457550
NIFTY27OCT2217800PE.NFO,25/10/2022,09:19:21,103.35,103.3,600,103.55,150,8200,2457550
NIFTY27OCT2217800PE.NFO,25/10/2022,09:19:22,104.35,104.45,150,104.7,350,8150,2457550
NIFTY27OCT2217800PE.NFO,25/10/2022,09:19:23,104.5,104.2,100,104.45,50,3100,2457550
NIFTY27OCT2217800PE.NFO,25/10/2022,09:19:24,103.95,103.75,400,103.95,150,7250,2457550
NIFTY27OCT2217800PE.NFO,25/10/2022,09:19:26,105.1,104.95,150,105.15,50,4100,2457550
NIFTY27OCT2217800PE.NFO,25/10/2022,09:19:27,103.25,103.2,1700,103.45,150,9750,2457550
NIFTY27OCT2217800PE.NFO,25/10/2022,09:19:28,103.15,103.2,50,103.3,50,10100,2457550
NIFTY27OCT2217800PE.NFO,25/10/2022,09:19:29,103.15,102.95,150,103.15,150,5700,2457550
NIFTY27OCT2217800PE.NFO,25/10/2022,09:19:30,103.65,103.65,50,103.9,400,9700,2457550
NIFTY27OCT2217800PE.NFO,25/10/2022,09:19:31,104.25,104.25,250,104.45,50,6250,2457550
NIFTY27OCT2217800PE.NFO,25/10/2022,09:19:32,103.65,103.5,100,103.65,200,10600,2457550
NIFTY27OCT2217800PE.NFO,25/10/2022,09:19:34,102.8,102.55,250,102.8,400,10400,2457550
NIFTY27OCT2217800PE.NFO,25/10/2022,09:19:35,103,102.7,100,102.9,150,6150,2457550
NIFTY27OCT2217800PE.NFO,25/10/2022,09:19:36,102,101.8,50,102.05,550,6850,2457550
NIFTY27OCT2217800PE.NFO,25/10/2022,09:19:37,103,102.95,150,103.2,100,9300,2457550
NIFTY27OCT2217800PE.NFO,25/10/2022,09:19:39,103.4,103.35,350,103.65,150,12750,2457550
NIFTY27OCT2217800PE.NFO,25/10/2022,09:19:40,104.3,104.1,350,104.3,50,12050,2457550
NIFTY27OCT2217800PE.NFO,25/10/2022,09:19:41,102.3,102,450,102.15,50,17100,2457550
NIFTY27OCT2217800PE.NFO,25/10/2022,09:19:42,102.55,102.55,50,102.7,50,10650,2457550
NIFTY27OCT2217800PE.NFO,25/10/2022,09:19:43,103.4,103.4,100,103.6,750,15350,2457550
NIFTY27OCT2217800PE.NFO,25/10/2022,09:19:45,104.75,104.7,1150,104.9,300,16300,2457550
NIFTY27OCT2217800PE.NFO,25/10/2022,09:19:46,105.3,105.25,150,105.3,50,21000,2457550
NIFTY27OCT2217800PE.NFO,25/10/2022,09:19:47,103.9,103.65,200,103.85,200,16500,2457550
NIFTY27OCT2217800PE.NFO,25/10/2022,09:19:49,105.75,105.5,50,105.7,150,9950,2457550
NIFTY27OCT2217800PE.NFO,25/10/2022,09:19:50,105.3,105.3,150,105.4,100,6350,2457550
NIFTY27OCT2217800PE.NFO,25/10/2022,09:19:52,106.4,106.45,200,106.6,100,31050,2457550
NIFTY27OCT2217800PE.NFO,25/10/2022,09:19:53,105.95,105.95,50,106.2,600,7400,2457550
NIFTY27OCT2217800PE.NFO,25/10/2022,09:19:54,106.25,106.1,200,106.3,200,12700,2457550
NIFTY27OCT2217800PE.NFO,25/10/2022,09:19:56,108.5,108.4,350,108.65,250,12550,2457550
NIFTY27OCT2217800PE.NFO,25/10/2022,09:19:57,109,108.75,150,108.95,150,6500,2457550
NIFTY27OCT2217800PE.NFO,25/10/2022,09:19:58,108.1,108.2,100,108.35,300,9400,2457550
NIFTY27OCT2217800PE.NFO,25/10/2022,09:19:59,107.2,107.2,100,107.35,200,10300,2457550
NIFTY27OCT2217800PE.NFO,25/10/2022,09:20:00,109.1,108.95,100,109.1,100,16050,2457550
NIFTY27OCT2217800PE.NFO,25/10/2022,09:20:02,111.1,111,400,111.15,50,37900,2457550
NIFTY27OCT2217800PE.NFO,25/10/2022,09:20:03,111.25,111.2,200,111.5,350,20150,2457550
NIFTY27OCT2217800PE.NFO,25/10/2022,09:20:04,110.8,110.6,200,110.8,100,30700,2457550
NIFTY27OCT2217800PE.NFO,25/10/2022,09:20:06,110.75,110.65,100,110.9,200,10500,2457550
NIFTY27OCT2217800PE.NFO,25/10/2022,09:20:07,109.55,109.4,200,109.65,150,4900,2457550
NIFTY27OCT2217800PE.NFO,25/10/2022,09:20:08,109.65,109.4,300,109.65,50,13250,2457550
NIFTY27OCT2217800PE.NFO,25/10/2022,09:20:09,111.25,111.05,300,111.25,200,12300,2457550
NIFTY27OCT2217800PE.NFO,25/10/2022,09:20:10,109.7,109.7,150,109.85,150,11100,2457550
NIFTY27OCT2217800PE.NFO,25/10/2022,09:20:11,108.3,108.3,100,108.5,50,13400,2457550
NIFTY27OCT2217800PE.NFO,25/10/2022,09:20:12,106.15,105.75,200,105.95,150,18200,2457550
NIFTY27OCT2217800PE.NFO,25/10/2022,09:20:14,106.15,105.9,250,106.15,950,15750,2457550
NIFTY27OCT2217800PE.NFO,25/10/2022,09:20:15,107.75,107.7,100,107.9,200,6850,2457550
NIFTY27OCT2217800PE.NFO,25/10/2022,09:20:16,107.4,107.4,50,107.6,200,2800,2457550
NIFTY27OCT2217800PE.NFO,25/10/2022,09:20:17,107.4,107.3,150,107.5,600,4050,2457550
NIFTY27OCT2217800PE.NFO,25/10/2022,09:20:18,107.3,107.2,150,107.45,550,7700,2457550
NIFTY27OCT2217800PE.NFO,25/10/2022,09:20:19,108.95,108.75,100,108.9,100,5200,2457550
NIFTY27OCT2217800PE.NFO,25/10/2022,09:20:21,110,109.85,150,110,450,9300,2457550
NIFTY27OCT2217800PE.NFO,25/10/2022,09:20:22,109.05,108.95,250,109.15,100,6500,2457550
NIFTY27OCT2217800PE.NFO,25/10/2022,09:20:23,108.75,108.7,400,108.9,300,6250,2457550
NIFTY27OCT2217800PE.NFO,25/10/2022,09:20:24,110.5,110.5,150,110.7,50,9000,2457550
NIFTY27OCT2217800PE.NFO,25/10/2022,09:20:25,110.9,110.7,50,110.9,150,10950,2457550
NIFTY27OCT2217800PE.NFO,25/10/2022,09:20:26,111.55,111.25,300,111.5,50,18350,2457550
NIFTY27OCT2217800PE.NFO,25/10/2022,09:20:28,112.1,111.9,150,112.15,300,12800,2457550
NIFTY27OCT2217800PE.NFO,25/10/2022,09:20:29,112,111.85,250,112,50,10000,2457550
NIFTY27OCT2217800PE.NFO,25/10/2022,09:20:30,112.65,112.35,350,112.6,150,21750,2797900
NIFTY27OCT2217800PE.NFO,25/10/2022,09:20:31,111,110.8,150,111,1150,27850,2797900
NIFTY27OCT2217800PE.NFO,25/10/2022,09:20:31,111.1,110.9,100,111.15,400,1850,2797900
NIFTY27OCT2217800PE.NFO,25/10/2022,09:20:32,111.05,111.05,100,111.2,50,8650,2797900
NIFTY27OCT2217800PE.NFO,25/10/2022,09:20:33,109.9,109.75,200,109.9,150,17150,2797900
NIFTY27OCT2217800PE.NFO,25/10/2022,09:20:35,108.5,108.3,150,108.5,200,11100,2797900
NIFTY27OCT2217800PE.NFO,25/10/2022,09:20:36,107.05,107.05,400,107.25,150,15650,2797900
NIFTY27OCT2217800PE.NFO,25/10/2022,09:20:37,109.1,109.1,50,109.3,100,6500,2797900
NIFTY27OCT2217800PE.NFO,25/10/2022,09:20:39,109.85,109.8,150,110.05,200,11700,2797900
NIFTY27OCT2217800PE.NFO,25/10/2022,09:20:40,110.35,110.15,400,110.4,350,11900,2797900
NIFTY27OCT2217800PE.NFO,25/10/2022,09:20:41,111.2,111.05,250,111.3,300,11600,2797900
NIFTY27OCT2217800PE.NFO,25/10/2022,09:20:42,110.5,110.35,150,110.6,500,4200,2797900
NIFTY27OCT2217800PE.NFO,25/10/2022,09:20:43,110.45,110.2,100,110.4,2600,6600,2797900
NIFTY27OCT2217800PE.NFO,25/10/2022,09:20:44,111.35,111.35,300,111.65,400,7500,2797900
NIFTY27OCT2217800PE.NFO,25/10/2022,09:20:46,112.1,112.1,250,112.35,300,21050,2797900
NIFTY27OCT2217800PE.NFO,25/10/2022,09:20:47,111.65,111.5,250,111.7,350,16100,2797900
NIFTY27OCT2217800PE.NFO,25/10/2022,09:20:48,111.75,111.6,250,111.85,150,3900,2797900
NIFTY27OCT2217800PE.NFO,25/10/2022,09:20:49,111.75,111.75,50,111.9,100,5250,2797900
NIFTY27OCT2217800PE.NFO,25/10/2022,09:20:50,112.25,112.15,450,112.35,600,13550,2797900
NIFTY27OCT2217800PE.NFO,25/10/2022,09:20:51,115.05,115,50,115.2,250,33000,2797900
NIFTY27OCT2217800PE.NFO,25/10/2022,09:20:52,115,115,150,115.2,250,18750,2797900
NIFTY27OCT2217800PE.NFO,25/10/2022,09:20:54,114.55,114.45,200,114.7,250,16400,2797900
NIFTY27OCT2217800PE.NFO,25/10/2022,09:20:55,114.6,114.55,350,114.85,750,14350,2797900
NIFTY27OCT2217800PE.NFO,25/10/2022,09:20:56,115.3,115.05,350,115.35,700,15050,2797900
NIFTY27OCT2217800PE.NFO,25/10/2022,09:20:57,116.2,115.9,250,116.2,850,11650,2797900
NIFTY27OCT2217800PE.NFO,25/10/2022,09:20:59,115.95,115.7,200,115.95,50,11700,2797900
NIFTY27OCT2217800PE.NFO,25/10/2022,09:21:00,117.55,117.25,250,117.55,400,12550,2797900
NIFTY27OCT2217800PE.NFO,25/10/2022,09:21:01,116.7,116.5,100,116.7,50,16150,2797900
NIFTY27OCT2217800PE.NFO,25/10/2022,09:21:02,116.45,116.45,250,116.65,150,16800,2797900
NIFTY27OCT2217800PE.NFO,25/10/2022,09:21:03,116.15,115.95,200,116.15,100,7650,2797900
NIFTY27OCT2217800PE.NFO,25/10/2022,09:21:04,116.25,116.05,50,116.25,200,15200,2797900
NIFTY27OCT2217800PE.NFO,25/10/2022,09:21:05,116.35,116.3,200,116.5,100,16050,2797900
NIFTY27OCT2217800PE.NFO,25/10/2022,09:21:07,115.75,115.75,800,115.85,50,11750,2797900
NIFTY27OCT2217800PE.NFO,25/10/2022,09:21:08,114.05,114.05,150,114.2,250,25450,2797900
NIFTY27OCT2217800PE.NFO,25/10/2022,09:21:09,113.7,113.75,750,114,250,11150,2797900
NIFTY27OCT2217800PE.NFO,25/10/2022,09:21:10,112.85,112.75,50,113.05,350,17000,2797900
NIFTY27OCT2217800PE.NFO,25/10/2022,09:21:11,113.15,113.15,350,113.35,150,9350,2797900
NIFTY27OCT2217800PE.NFO,25/10/2022,09:21:13,114,113.95,600,114.2,150,7400,2797900
NIFTY27OCT2217800PE.NFO,25/10/2022,09:21:14,114.35,114.1,100,114.4,650,4700,2797900
NIFTY27OCT2217800PE.NFO,25/10/2022,09:21:15,113.75,113.55,250,113.8,100,8200,2797900
NIFTY27OCT2217800PE.NFO,25/10/2022,09:21:16,114.85,114.95,150,115.15,200,13750,2797900
NIFTY27OCT2217800PE.NFO,25/10/2022,09:21:18,113.3,113.1,100,113.3,100,8700,2797900
NIFTY27OCT2217800PE.NFO,25/10/2022,09:21:19,112.7,112.65,50,112.9,200,7250,2797900
NIFTY27OCT2217800PE.NFO,25/10/2022,09:21:20,113.65,113.45,50,113.65,200,6000,2797900
NIFTY27OCT2217800PE.NFO,25/10/2022,09:21:21,114.2,114,100,114.2,200,8850,2797900
NIFTY27OCT2217800PE.NFO,25/10/2022,09:21:22,113.7,113.65,200,113.85,150,6400,2797900
NIFTY27OCT2217800PE.NFO,25/10/2022,09:21:23,112.9,112.75,200,112.9,1050,14400,2797900
NIFTY27OCT2217800PE.NFO,25/10/2022,09:21:24,113.1,113.15,300,113.35,50,8600,2797900
NIFTY27OCT2217800PE.NFO,25/10/2022,09:21:25,113.8,113.8,150,113.85,50,4850,2797900
NIFTY27OCT2217800PE.NFO,25/10/2022,09:21:26,113.45,113.3,100,113.45,1000,5000,2797900
NIFTY27OCT2217800PE.NFO,25/10/2022,09:21:27,112.9,112.9,50,113.05,50,6100,2797900
NIFTY27OCT2217800PE.NFO,25/10/2022,09:21:28,113.25,113.3,250,113.55,50,7450,2797900
NIFTY27OCT2217800PE.NFO,25/10/2022,09:21:30,114,114,100,114.1,50,8650,2797900
NIFTY27OCT2217800PE.NFO,25/10/2022,09:21:31,113.5,113.45,250,113.7,150,1750,2797900
NIFTY27OCT2217800PE.NFO,25/10/2022,09:21:32,113.6,113.2,300,113.4,250,3450,2797900
NIFTY27OCT2217800PE.NFO,25/10/2022,09:21:33,115.2,115,150,115.2,150,11700,2797900
NIFTY27OCT2217800PE.NFO,25/10/2022,09:21:34,115.35,115.35,2350,115.55,150,4800,2797900
NIFTY27OCT2217800PE.NFO,25/10/2022,09:21:35,115.5,115.4,50,115.55,150,13150,2797900
NIFTY27OCT2217800PE.NFO,25/10/2022,09:21:36,115,115,150,115.15,50,11700,2797900
NIFTY27OCT2217800PE.NFO,25/10/2022,09:21:38,114.3,114.35,150,114.6,600,5000,2797900
NIFTY27OCT2217800PE.NFO,25/10/2022,09:21:39,114.15,114.15,150,114.4,200,10300,2797900
NIFTY27OCT2217800PE.NFO,25/10/2022,09:21:39,114.05,113.85,100,114.05,150,4850,2797900
NIFTY27OCT2217800PE.NFO,25/10/2022,09:21:41,114.35,114.35,150,114.55,100,8350,2797900
NIFTY27OCT2217800PE.NFO,25/10/2022,09:21:42,114.75,114.5,200,114.75,300,5450,2797900
NIFTY27OCT2217800PE.NFO,25/10/2022,09:21:43,117.35,117.2,350,117.55,400,20600,2797900
NIFTY27OCT2217800PE.NFO,25/10/2022,09:21:45,118.7,118.65,100,118.8,50,18900,2797900
NIFTY27OCT2217800PE.NFO,25/10/2022,09:21:46,118.75,118.85,100,118.9,50,37200,2797900
NIFTY27OCT2217800PE.NFO,25/10/2022,09:21:46,120,118.85,100,118.9,50,0,2797900
NIFTY27OCT2217800PE.NFO,25/10/2022,09:21:48,118.1,117.95,150,118.1,150,21400,2797900
NIFTY27OCT2217800PE.NFO,25/10/2022,09:21:49,118.5,118.35,150,118.55,1800,14200,2797900
NIFTY27OCT2217800PE.NFO,25/10/2022,09:21:49,118,118,150,118.25,150,4550,2797900
NIFTY27OCT2217800PE.NFO,25/10/2022,09:21:50,116.3,116.2,200,116.4,550,13450,2797900
NIFTY27OCT2217800PE.NFO,25/10/2022,09:21:52,116.75,116.55,100,116.8,150,23150,2797900
NIFTY27OCT2217800PE.NFO,25/10/2022,09:21:53,117.3,117.25,150,117.45,1100,4500,2797900
NIFTY27OCT2217800PE.NFO,25/10/2022,09:21:54,116.3,116.15,150,116.35,100,15050,2797900
NIFTY27OCT2217800PE.NFO,25/10/2022,09:21:55,116.35,116.5,150,116.65,300,5350,2797900
NIFTY27OCT2217800PE.NFO,25/10/2022,09:21:56,116.25,116.1,450,116.35,100,7500,2797900
NIFTY27OCT2217800PE.NFO,25/10/2022,09:21:57,115,114.9,150,115,1000,15750,2797900
NIFTY27OCT2217800PE.NFO,25/10/2022,09:21:58,115.4,115.35,50,115.4,1100,17200,2797900
NIFTY27OCT2217800PE.NFO,25/10/2022,09:21:59,114.6,114.45,650,114.7,150,4800,2797900
NIFTY27OCT2217800PE.NFO,25/10/2022,09:22:01,115,115.05,50,115.2,1100,16450,2797900
NIFTY27OCT2217800PE.NFO,25/10/2022,09:22:02,114.85,114.65,100,114.85,100,3550,2797900
NIFTY27OCT2217800PE.NFO,25/10/2022,09:22:03,115,114.75,200,115,900,1300,2797900
NIFTY27OCT2217800PE.NFO,25/10/2022,09:22:04,115.1,115.05,200,115.3,200,6350,2797900
NIFTY27OCT2217800PE.NFO,25/10/2022,09:22:05,115.9,115.55,100,115.8,150,17900,2797900
NIFTY27OCT2217800PE.NFO,25/10/2022,09:22:06,115,114.95,150,115.2,800,17400,2797900
NIFTY27OCT2217800PE.NFO,25/10/2022,09:22:07,115.15,115.2,200,115.45,200,5800,2797900
NIFTY27OCT2217800PE.NFO,25/10/2022,09:22:08,115.45,115.7,350,115.9,200,10550,2797900
NIFTY27OCT2217800PE.NFO,25/10/2022,09:22:09,116.65,116.4,50,116.6,50,4300,2797900
NIFTY27OCT2217800PE.NFO,25/10/2022,09:22:10,117.95,117.9,250,118.1,50,8500,2797900
NIFTY27OCT2217800PE.NFO,25/10/2022,09:22:12,117.55,117.55,50,117.8,150,6500,2797900
NIFTY27OCT2217800PE.NFO,25/10/2022,09:22:13,117.4,117.45,150,117.7,200,7200,2797900
NIFTY27OCT2217800PE.NFO,25/10/2022,09:22:14,117.65,117.3,150,117.55,100,8400,2797900
NIFTY27OCT2217800PE.NFO,25/10/2022,09:22:15,116.55,116.4,50,116.55,750,16950,2797900
NIFTY27OCT2217800PE.NFO,25/10/2022,09:22:16,115.65,115.55,150,115.65,50,7700,2797900
NIFTY27OCT2217800PE.NFO,25/10/2022,09:22:17,115.4,115.1,100,115.4,200,13200,2797900
NIFTY27OCT2217800PE.NFO,25/10/2022,09:22:17,115.05,115,250,115.25,100,50,2797900
NIFTY27OCT2217800PE.NFO,25/10/2022,09:22:18,115,114.9,50,115,500,6800,2797900
NIFTY27OCT2217800PE.NFO,25/10/2022,09:22:19,115.7,115.5,150,115.7,150,9200,2797900
NIFTY27OCT2217800PE.NFO,25/10/2022,09:22:20,114.85,115,1150,115.05,100,2350,2797900
NIFTY27OCT2217800PE.NFO,25/10/2022,09:22:22,118.6,118.6,50,118.75,150,18600,2797900
NIFTY27OCT2217800PE.NFO,25/10/2022,09:22:23,117.55,117.45,250,117.75,400,9950,2797900
NIFTY27OCT2217800PE.NFO,25/10/2022,09:22:24,118.4,118.25,150,118.45,50,6850,2797900
NIFTY27OCT2217800PE.NFO,25/10/2022,09:22:25,118.6,118.35,100,118.6,200,6900,2797900
NIFTY27OCT2217800PE.NFO,25/10/2022,09:22:25,118.5,118.55,100,118.8,500,1000,2797900
NIFTY27OCT2217800PE.NFO,25/10/2022,09:22:27,119.95,119.75,100,119.95,50,30650,2797900
NIFTY27OCT2217800PE.NFO,25/10/2022,09:22:27,120.15,119.75,100,119.95,50,0,2797900
NIFTY27OCT2217800PE.NFO,25/10/2022,09:22:28,119.7,119.45,150,119.7,400,19800,2797900
NIFTY27OCT2217800PE.NFO,25/10/2022,09:22:29,119.8,119.9,150,120,350,10600,2797900
NIFTY27OCT2217800PE.NFO,25/10/2022,09:22:30,121.45,121.55,200,121.8,150,24850,2797900
NIFTY27OCT2217800PE.NFO,25/10/2022,09:22:30,121.8,121.55,200,121.8,150,0,2797900
NIFTY27OCT2217800PE.NFO,25/10/2022,09:22:31,121.6,121.5,150,121.8,350,13450,2797900
NIFTY27OCT2217800PE.NFO,25/10/2022,09:22:31,122,121.5,150,121.8,350,0,2797900
NIFTY27OCT2217800PE.NFO,25/10/2022,09:22:32,123.8,123.75,150,123.95,100,23700,2797900
NIFTY27OCT2217800PE.NFO,25/10/2022,09:22:32,124,123.75,150,123.95,100,0,2797900
NIFTY27OCT2217800PE.NFO,25/10/2022,09:22:34,124.9,124.75,300,125,17250,29800,2797900
NIFTY27OCT2217800PE.NFO,25/10/2022,09:22:34,125,124.75,300,125,17250,0,2797900
NIFTY27OCT2217800PE.NFO,25/10/2022,09:22:35,124.5,124.5,100,124.8,200,26950,2797900
NIFTY27OCT2217800PE.NFO,25/10/2022,09:22:36,123.55,123.55,150,123.8,50,16300,2797900
NIFTY27OCT2217800PE.NFO,25/10/2022,09:22:36,121.6,121.6,150,121.65,150,14300,2797900
NIFTY27OCT2217800PE.NFO,25/10/2022,09:22:38,122.45,122.5,150,122.7,100,19950,2797900
NIFTY27OCT2217800PE.NFO,25/10/2022,09:22:39,122.25,122,100,122.2,150,11850,2797900
NIFTY27OCT2217800PE.NFO,25/10/2022,09:22:40,122.4,122.4,350,122.55,150,10550,2797900
NIFTY27OCT2217800PE.NFO,25/10/2022,09:22:42,122.3,122,200,122.25,450,7750,2797900
NIFTY27OCT2217800PE.NFO,25/10/2022,09:22:43,121.85,121.95,100,122.15,100,3850,2797900
NIFTY27OCT2217800PE.NFO,25/10/2022,09:22:44,121.65,121.75,100,121.95,300,17950,2797900
NIFTY27OCT2217800PE.NFO,25/10/2022,09:22:45,121.65,121.15,100,121.4,100,10850,2797900
NIFTY27OCT2217800PE.NFO,25/10/2022,09:22:46,121.05,120.8,50,121.05,450,34200,2797900
NIFTY27OCT2217800PE.NFO,25/10/2022,09:22:47,120.9,120.65,100,120.95,450,13350,2797900
NIFTY27OCT2217800PE.NFO,25/10/2022,09:22:48,122.2,121.95,300,122.15,50,14750,2797900
NIFTY27OCT2217800PE.NFO,25/10/2022,09:22:50,121,120.9,150,121.05,100,6700,2797900
NIFTY27OCT2217800PE.NFO,25/10/2022,09:22:51,122.3,122.3,50,122.5,200,5950,2797900
NIFTY27OCT2217800PE.NFO,25/10/2022,09:22:52,122.7,122.35,300,122.6,150,1600,2797900
NIFTY27OCT2217800PE.NFO,25/10/2022,09:22:53,122,121.95,300,122.15,100,5100,2797900
NIFTY27OCT2217800PE.NFO,25/10/2022,09:22:54,121.1,121.1,150,121.25,100,10450,2797900
NIFTY27OCT2217800PE.NFO,25/10/2022,09:22:55,121.55,121.5,150,121.7,150,2200,2797900
NIFTY27OCT2217800PE.NFO,25/10/2022,09:22:56,121.95,121.75,150,121.95,50,3250,2797900
NIFTY27OCT2217800PE.NFO,25/10/2022,09:22:56,121.1,121.05,300,121.3,150,2050,2797900
NIFTY27OCT2217800PE.NFO,25/10/2022,09:22:57,120.65,120.55,300,120.8,50,4450,2797900
NIFTY27OCT2217800PE.NFO,25/10/2022,09:22:58,121.4,121.25,150,121.5,100,10750,2797900
NIFTY27OCT2217800PE.NFO,25/10/2022,09:22:59,121.05,120.8,300,121.05,200,6200,2797900
NIFTY27OCT2217800PE.NFO,25/10/2022,09:23:00,121.6,121.2,450,121.45,150,10050,2797900
NIFTY27OCT2217800PE.NFO,25/10/2022,09:23:02,122.3,121.75,100,122,150,12100,2797900
NIFTY27OCT2217800PE.NFO,25/10/2022,09:23:03,122.05,121.85,150,122.05,50,5100,2797900
NIFTY27OCT2217800PE.NFO,25/10/2022,09:23:03,121.15,121,350,121.3,100,3600,2797900
NIFTY27OCT2217800PE.NFO,25/10/2022,09:23:04,120.9,120.8,300,120.9,150,27600,2797900
NIFTY27OCT2217800PE.NFO,25/10/2022,09:23:06,120.1,119.95,300,120.2,250,35400,2797900
NIFTY27OCT2217800PE.NFO,25/10/2022,09:23:07,119.15,119.15,100,119.45,150,6800,2797900
NIFTY27OCT2217800PE.NFO,25/10/2022,09:23:08,118.6,118.6,50,118.85,500,9100,2797900
NIFTY27OCT2217800PE.NFO,25/10/2022,09:23:09,119.1,119.05,50,119.25,100,3200,2797900
NIFTY27OCT2217800PE.NFO,25/10/2022,09:23:10,117.6,117.65,150,117.85,300,6250,2797900
NIFTY27OCT2217800PE.NFO,25/10/2022,09:23:11,118,117.85,150,118.05,300,8650,2797900
NIFTY27OCT2217800PE.NFO,25/10/2022,09:23:11,117.85,117.75,100,118,100,50,2797900
NIFTY27OCT2217800PE.NFO,25/10/2022,09:23:12,117.45,117.4,100,117.6,250,4900,2797900
NIFTY27OCT2217800PE.NFO,25/10/2022,09:23:13,117.35,117.1,150,117.3,50,5900,2797900
NIFTY27OCT2217800PE.NFO,25/10/2022,09:23:14,116.55,116.35,100,116.6,50,4850,2797900
NIFTY27OCT2217800PE.NFO,25/10/2022,09:23:16,116.55,116.25,450,116.55,200,14600,2797900
NIFTY27OCT2217800PE.NFO,25/10/2022,09:23:17,116.3,116.1,150,116.3,150,4600,2797900
NIFTY27OCT2217800PE.NFO,25/10/2022,09:23:18,117.25,117.05,50,117.25,150,14150,2797900
NIFTY27OCT2217800PE.NFO,25/10/2022,09:23:19,116.3,116.3,100,116.55,200,3550,2797900
NIFTY27OCT2217800PE.NFO,25/10/2022,09:23:20,116.1,116.05,150,116.3,250,11550,2797900
NIFTY27OCT2217800PE.NFO,25/10/2022,09:23:21,116.25,115.75,200,115.95,1050,4100,2797900
NIFTY27OCT2217800PE.NFO,25/10/2022,09:23:23,115.55,115.35,250,115.55,100,6900,2797900
NIFTY27OCT2217800PE.NFO,25/10/2022,09:23:24,116.25,116.3,50,116.5,100,5600,2797900
NIFTY27OCT2217800PE.NFO,25/10/2022,09:23:25,115.65,115.5,200,115.8,200,8000,2797900
NIFTY27OCT2217800PE.NFO,25/10/2022,09:23:26,115.85,115.45,300,115.7,600,5900,2797900
NIFTY27OCT2217800PE.NFO,25/10/2022,09:23:27,115.6,115.7,150,115.9,250,11550,2797900
NIFTY27OCT2217800PE.NFO,25/10/2022,09:23:28,115.95,115.9,200,116.15,550,5100,2797900
NIFTY27OCT2217800PE.NFO,25/10/2022,09:23:28,115.6,115.25,250,115.5,150,750,2797900
NIFTY27OCT2217800PE.NFO,25/10/2022,09:23:29,116,115.8,250,116,150,3000,2895200
NIFTY27OCT2217800PE.NFO,25/10/2022,09:23:30,116.45,116.4,300,116.6,50,8000,2895200
NIFTY27OCT2217800PE.NFO,25/10/2022,09:23:32,115.95,115.85,150,116.05,50,9000,2895200
NIFTY27OCT2217800PE.NFO,25/10/2022,09:23:33,116.05,115.8,100,115.95,300,6500,2895200
NIFTY27OCT2217800PE.NFO,25/10/2022,09:23:34,116.1,115.8,250,116,250,2900,2895200
NIFTY27OCT2217800PE.NFO,25/10/2022,09:23:34,115.9,115.7,200,115.9,50,1000,2895200
NIFTY27OCT2217800PE.NFO,25/10/2022,09:23:35,116.4,116.4,150,116.6,250,8250,2895200
NIFTY27OCT2217800PE.NFO,25/10/2022,09:23:36,116.55,116.5,50,116.7,100,10050,2895200
NIFTY27OCT2217800PE.NFO,25/10/2022,09:23:38,117.1,116.7,250,116.95,250,5300,2895200
NIFTY27OCT2217800PE.NFO,25/10/2022,09:23:39,116.85,116.6,200,116.75,100,10500,2895200
NIFTY27OCT2217800PE.NFO,25/10/2022,09:23:40,117.25,117.05,100,117.25,100,8650,2895200
NIFTY27OCT2217800PE.NFO,25/10/2022,09:23:41,116.6,116.6,150,116.85,150,2750,2895200
NIFTY27OCT2217800PE.NFO,25/10/2022,09:23:42,116,115.75,450,116,400,7350,2895200
NIFTY27OCT2217800PE.NFO,25/10/2022,09:23:43,115.05,115.05,100,115.25,250,28150,2895200
NIFTY27OCT2217800PE.NFO,25/10/2022,09:23:43,114.95,115.05,100,115.25,250,500,2895200
NIFTY27OCT2217800PE.NFO,25/10/2022,09:23:44,114.8,114.75,250,114.95,150,2350,2895200
NIFTY27OCT2217800PE.NFO,25/10/2022,09:23:46,113.55,113.5,150,113.75,550,9650,2895200
NIFTY27OCT2217800PE.NFO,25/10/2022,09:23:47,113.6,113.75,600,113.95,200,8700,2895200
NIFTY27OCT2217800PE.NFO,25/10/2022,09:23:48,115.3,115.35,400,115.6,300,12950,2895200
NIFTY27OCT2217800PE.NFO,25/10/2022,09:23:49,115,115.2,50,115.25,100,4550,2895200
NIFTY27OCT2217800PE.NFO,25/10/2022,09:23:50,117.45,117.45,300,117.6,200,6100,2895200
NIFTY27OCT2217800PE.NFO,25/10/2022,09:23:51,117.7,117.5,250,117.7,100,4950,2895200
NIFTY27OCT2217800PE.NFO,25/10/2022,09:23:52,117.45,117.5,100,117.7,200,6900,2895200
NIFTY27OCT2217800PE.NFO,25/10/2022,09:23:53,114.8,114.9,50,115.15,300,4400,2895200
NIFTY27OCT2217800PE.NFO,25/10/2022,09:23:54,113.7,113.55,50,113.8,250,3850,2895200
NIFTY27OCT2217800PE.NFO,25/10/2022,09:23:55,113.8,113.5,150,113.75,200,6450,2895200
NIFTY27OCT2217800PE.NFO,25/10/2022,09:23:56,113.85,113.45,150,113.65,100,1850,2895200
NIFTY27OCT2217800PE.NFO,25/10/2022,09:23:56,114.05,113.8,100,114,150,1100,2895200
NIFTY27OCT2217800PE.NFO,25/10/2022,09:23:57,113.65,113.45,500,113.65,150,2050,2895200
NIFTY27OCT2217800PE.NFO,25/10/2022,09:23:59,113.95,113.55,100,113.8,200,5650,2895200
NIFTY27OCT2217800PE.NFO,25/10/2022,09:24:00,113.25,113.2,200,113.45,50,8700,2895200
NIFTY27OCT2217800PE.NFO,25/10/2022,09:24:01,112.7,112.4,50,112.6,50,15250,2895200
NIFTY27OCT2217800PE.NFO,25/10/2022,09:24:02,113.2,113.05,100,113.2,100,6550,2895200
NIFTY27OCT2217800PE.NFO,25/10/2022,09:24:03,113.7,113.7,150,113.85,150,11050,2895200
NIFTY27OCT2217800PE.NFO,25/10/2022,09:24:04,113.15,113.1,200,113.3,200,3800,2895200
NIFTY27OCT2217800PE.NFO,25/10/2022,09:24:05,113.9,113.8,250,114,400,5200,2895200
NIFTY27OCT2217800PE.NFO,25/10/2022,09:24:06,113.5,113.3,200,113.55,250,4350,2895200
NIFTY27OCT2217800PE.NFO,25/10/2022,09:24:07,112.75,112.8,200,113.05,150,6200,2895200
NIFTY27OCT2217800PE.NFO,25/10/2022,09:24:08,112.45,112,4900,112.2,100,3100,2895200
NIFTY27OCT2217800PE.NFO,25/10/2022,09:24:08,111.8,111.7,50,111.85,50,5400,2895200
NIFTY27OCT2217800PE.NFO,25/10/2022,09:24:09,112.3,112.1,150,112.25,50,7550,2895200
NIFTY27OCT2217800PE.NFO,25/10/2022,09:24:11,111.3,111,6450,111.25,150,6650,2895200
NIFTY27OCT2217800PE.NFO,25/10/2022,09:24:12,111.05,111.15,300,111.3,200,13000,2895200
NIFTY27OCT2217800PE.NFO,25/10/2022,09:24:13,111.5,111.35,300,111.6,200,12500,2895200
NIFTY27OCT2217800PE.NFO,25/10/2022,09:24:14,111,111,550,111.1,100,11900,2895200
NIFTY27OCT2217800PE.NFO,25/10/2022,09:24:15,110.4,110.2,50,110.4,150,27250,2895200
NIFTY27OCT2217800PE.NFO,25/10/2022,09:24:16,110.25,110.2,300,110.4,50,1800,2895200
NIFTY27OCT2217800PE.NFO,25/10/2022,09:24:17,110.3,110.25,100,110.4,100,9850,2895200
NIFTY27OCT2217800PE.NFO,25/10/2022,09:24:17,110.3,110.25,100,110.4,150,600,2895200
NIFTY27OCT2217800PE.NFO,25/10/2022,09:24:19,110.4,110.4,150,110.6,200,13950,2895200
NIFTY27OCT2217800PE.NFO,25/10/2022,09:24:20,110.2,110,100,110.2,100,6750,2895200
NIFTY27OCT2217800PE.NFO,25/10/2022,09:24:21,109.85,109.6,150,109.8,150,6650,2895200
NIFTY27OCT2217800PE.NFO,25/10/2022,09:24:22,109.5,109.35,250,109.6,550,9400,2895200
NIFTY27OCT2217800PE.NFO,25/10/2022,09:24:23,108.7,108.6,150,108.85,200,38400,2895200
NIFTY27OCT2217800PE.NFO,25/10/2022,09:24:24,109.1,109.1,50,109.25,50,5700,2895200
NIFTY27OCT2217800PE.NFO,25/10/2022,09:24:25,108.5,108.35,100,108.6,150,4050,2895200
NIFTY27OCT2217800PE.NFO,25/10/2022,09:24:26,108.7,108.5,150,108.7,300,7700,2895200
NIFTY27OCT2217800PE.NFO,25/10/2022,09:24:26,108.4,108.35,150,108.55,150,2000,2895200
NIFTY27OCT2217800PE.NFO,25/10/2022,09:24:27,108.1,108.1,50,108.3,200,1900,2895200
NIFTY27OCT2217800PE.NFO,25/10/2022,09:24:28,108.3,108.15,50,108.3,150,4750,2895200
NIFTY27OCT2217800PE.NFO,25/10/2022,09:24:29,107.45,107.3,100,107.45,100,6400,2895200
NIFTY27OCT2217800PE.NFO,25/10/2022,09:24:31,108.25,107.9,150,108.1,200,7650,2895200
NIFTY27OCT2217800PE.NFO,25/10/2022,09:24:32,108.3,108.1,100,108.35,150,5450,2895200
NIFTY27OCT2217800PE.NFO,25/10/2022,09:24:33,107.6,107.35,600,107.55,150,3750,2895200
NIFTY27OCT2217800PE.NFO,25/10/2022,09:24:34,107.45,107.35,200,107.5,50,6150,2895200
NIFTY27OCT2217800PE.NFO,25/10/2022,09:24:35,105.3,105.25,100,105.55,200,13700,2895200
NIFTY27OCT2217800PE.NFO,25/10/2022,09:24:36,105.5,105.45,100,105.6,50,8350,2895200
NIFTY27OCT2217800PE.NFO,25/10/2022,09:24:38,105.2,105.1,450,105.3,200,8850,2895200
NIFTY27OCT2217800PE.NFO,25/10/2022,09:24:39,105.5,105.3,300,105.5,100,6600,2895200
NIFTY27OCT2217800PE.NFO,25/10/2022,09:24:40,105.3,105.2,1000,105.35,50,11500,2895200
NIFTY27OCT2217800PE.NFO,25/10/2022,09:24:41,105,105,2000,105.2,150,9050,2895200
NIFTY27OCT2217800PE.NFO,25/10/2022,09:24:42,105.2,105.2,150,105.45,150,8300,2895200
NIFTY27OCT2217800PE.NFO,25/10/2022,09:24:43,105.45,105.7,50,105.8,200,4350,2895200
NIFTY27OCT2217800PE.NFO,25/10/2022,09:24:44,107.5,107.5,150,107.7,200,10500,2895200
NIFTY27OCT2217800PE.NFO,25/10/2022,09:24:45,107.15,107.15,150,107.35,150,7850,2895200
NIFTY27OCT2217800PE.NFO,25/10/2022,09:24:47,105.2,105.2,150,105.4,100,11450,2895200
NIFTY27OCT2217800PE.NFO,25/10/2022,09:24:48,105.25,105.2,200,105.35,50,117100,2895200
NIFTY27OCT2217800PE.NFO,25/10/2022,09:24:49,105.45,105.2,50,105.4,200,2700,2895200
NIFTY27OCT2217800PE.NFO,25/10/2022,09:24:50,105.3,105.1,50,105.25,100,13350,2895200
NIFTY27OCT2217800PE.NFO,25/10/2022,09:24:51,104.55,104.5,100,104.65,200,9900,2895200
NIFTY27OCT2217800PE.NFO,25/10/2022,09:24:53,105,105.05,200,105.2,200,12250,2895200
NIFTY27OCT2217800PE.NFO,25/10/2022,09:24:54,105.15,105.1,100,105.3,200,4000,2895200
NIFTY27OCT2217800PE.NFO,25/10/2022,09:24:55,105.1,105.15,150,105.3,50,10050,2895200
NIFTY27OCT2217800PE.NFO,25/10/2022,09:24:56,105,105,2350,105.2,350,2950,2895200
NIFTY27OCT2217800PE.NFO,25/10/2022,09:24:57,104.95,104.65,200,104.85,250,10050,2895200
NIFTY27OCT2217800PE.NFO,25/10/2022,09:24:57,104.5,104.4,100,104.5,50,1250,2895200
NIFTY27OCT2217800PE.NFO,25/10/2022,09:24:58,104.25,104.1,200,104.3,300,6050,2895200
NIFTY27OCT2217800PE.NFO,25/10/2022,09:24:59,104.55,104.35,250,104.55,150,10300,2895200
NIFTY27OCT2217800PE.NFO,25/10/2022,09:25:01,105.45,105.45,50,105.6,50,22250,2895200
NIFTY27OCT2217800PE.NFO,25/10/2022,09:25:02,105,104.65,50,104.85,100,6850,2895200
NIFTY27OCT2217800PE.NFO,25/10/2022,09:25:03,104.95,104.75,100,104.95,50,5400,2895200
NIFTY27OCT2217800PE.NFO,25/10/2022,09:25:04,104.85,104.7,150,104.9,150,5200,2895200
NIFTY27OCT2217800PE.NFO,25/10/2022,09:25:04,104.7,104.5,800,104.75,300,1200,2895200
NIFTY27OCT2217800PE.NFO,25/10/2022,09:25:05,106.05,106.15,200,106.35,50,8150,2895200
NIFTY27OCT2217800PE.NFO,25/10/2022,09:25:06,106.5,106.4,450,106.65,150,5800,2895200
NIFTY27OCT2217800PE.NFO,25/10/2022,09:25:07,107.35,107.3,100,107.55,200,7500,2895200
NIFTY27OCT2217800PE.NFO,25/10/2022,09:25:09,105.75,105.85,100,106.05,200,8950,2895200
NIFTY27OCT2217800PE.NFO,25/10/2022,09:25:10,106.65,106.45,250,106.65,100,2450,2895200
NIFTY27OCT2217800PE.NFO,25/10/2022,09:25:11,106.15,106.05,50,106.15,50,5900,2895200
NIFTY27OCT2217800PE.NFO,25/10/2022,09:25:12,107.2,107.2,350,107.4,250,3400,2895200
NIFTY27OCT2217800PE.NFO,25/10/2022,09:25:13,106.8,107.1,50,107.3,100,3800,2895200
NIFTY27OCT2217800PE.NFO,25/10/2022,09:25:14,107.2,107,200,107.2,200,5750,2895200
NIFTY27OCT2217800PE.NFO,25/10/2022,09:25:15,107.95,107.9,50,108.1,200,11150,2895200
NIFTY27OCT2217800PE.NFO,25/10/2022,09:25:16,107,107.05,250,107.2,200,5400,2895200
NIFTY27OCT2217800PE.NFO,25/10/2022,09:25:17,108.05,107.85,50,108,200,8450,2895200
NIFTY27OCT2217800PE.NFO,25/10/2022,09:25:18,108.4,108.3,250,108.5,150,19950,2895200
NIFTY27OCT2217800PE.NFO,25/10/2022,09:25:18,108.45,108.3,300,108.5,100,800,2895200
NIFTY27OCT2217800PE.NFO,25/10/2022,09:25:20,107.6,107.45,150,107.6,200,11000,2895200
NIFTY27OCT2217800PE.NFO,25/10/2022,09:25:20,108.25,108.05,50,108.25,100,5400,2895200
NIFTY27OCT2217800PE.NFO,25/10/2022,09:25:22,110.2,110.1,200,110.25,150,35400,2895200
NIFTY27OCT2217800PE.NFO,25/10/2022,09:25:23,111.25,111.25,150,111.45,150,12600,2895200
NIFTY27OCT2217800PE.NFO,25/10/2022,09:25:24,110.75,110.8,150,111.1,1050,12350,2895200
NIFTY27OCT2217800PE.NFO,25/10/2022,09:25:25,111,110.8,100,111,450,9800,2895200
NIFTY27OCT2217800PE.NFO,25/10/2022,09:25:26,111.2,111,300,111.2,350,10800,2895200
NIFTY27OCT2217800PE.NFO,25/10/2022,09:25:27,111,110.7,100,110.85,100,1550,2895200
NIFTY27OCT2217800PE.NFO,25/10/2022,09:25:29,109.4,109.2,200,109.4,200,10700,2895200
NIFTY27OCT2217800PE.NFO,25/10/2022,09:25:30,110,109.8,200,110,200,2900,2895200
NIFTY27OCT2217800PE.NFO,25/10/2022,09:25:31,110.5,110.3,100,110.5,200,2900,2895200
NIFTY27OCT2217800PE.NFO,25/10/2022,09:25:32,112.8,112.8,100,113,350,19350,2895200
NIFTY27OCT2217800PE.NFO,25/10/2022,09:25:33,112.7,112.2,50,112.45,100,6800,2895200
NIFTY27OCT2217800PE.NFO,25/10/2022,09:25:34,111.3,111.3,250,111.6,600,6250,2895200
NIFTY27OCT2217800PE.NFO,25/10/2022,09:25:35,111.55,111.4,100,111.65,100,7200,2895200
NIFTY27OCT2217800PE.NFO,25/10/2022,09:25:36,111.4,111.15,100,111.4,300,6750,2895200
NIFTY27OCT2217800PE.NFO,25/10/2022,09:25:37,111.85,111.65,100,111.85,250,4200,2895200
NIFTY27OCT2217800PE.NFO,25/10/2022,09:25:38,110.35,110.35,3150,110.45,600,9450,2895200
NIFTY27OCT2217800PE.NFO,25/10/2022,09:25:39,108.1,108.1,150,108.3,50,16400,2895200
NIFTY27OCT2217800PE.NFO,25/10/2022,09:25:40,107.8,107.95,200,108.05,50,12800,2895200
NIFTY27OCT2217800PE.NFO,25/10/2022,09:25:41,108.35,108.2,100,108.45,300,6350,2895200
NIFTY27OCT2217800PE.NFO,25/10/2022,09:25:42,108.2,108.15,100,108.35,150,2500,2895200
NIFTY27OCT2217800PE.NFO,25/10/2022,09:25:43,107.3,107.4,50,107.6,550,5400,2895200
NIFTY27OCT2217800PE.NFO,25/10/2022,09:25:44,107.9,107.9,750,108.1,450,4700,2895200
NIFTY27OCT2217800PE.NFO,25/10/2022,09:25:45,107.15,107.45,50,107.6,350,5600,2895200
NIFTY27OCT2217800PE.NFO,25/10/2022,09:25:46,106.7,106.5,50,106.65,50,9350,2895200
NIFTY27OCT2217800PE.NFO,25/10/2022,09:25:47,106.6,106.3,200,106.5,250,8800,2895200
NIFTY27OCT2217800PE.NFO,25/10/2022,09:25:48,106.3,106.5,100,106.75,250,8550,2895200
NIFTY27OCT2217800PE.NFO,25/10/2022,09:25:49,106.6,106.65,100,106.9,250,1650,2895200
NIFTY27OCT2217800PE.NFO,25/10/2022,09:25:50,105.8,105.75,50,105.85,50,4850,2895200
NIFTY27OCT2217800PE.NFO,25/10/2022,09:25:50,106,105.8,100,106.05,750,1100,2895200
NIFTY27OCT2217800PE.NFO,25/10/2022,09:25:52,106.7,106.75,100,106.9,150,7750,2895200
NIFTY27OCT2217800PE.NFO,25/10/2022,09:25:53,106.75,106.7,50,106.75,100,5550,2895200
NIFTY27OCT2217800PE.NFO,25/10/2022,09:25:54,108,107.65,100,107.95,200,9300,2895200
NIFTY27OCT2217800PE.NFO,25/10/2022,09:25:55,107.8,107.3,100,107.45,100,2650,2895200
NIFTY27OCT2217800PE.NFO,25/10/2022,09:25:56,107.55,107.35,50,107.55,200,1750,2895200
NIFTY27OCT2217800PE.NFO,25/10/2022,09:25:57,107.9,107.8,500,108.05,100,6800,2895200
NIFTY27OCT2217800PE.NFO,25/10/2022,09:25:58,107,106.9,250,107.2,550,2750,2895200
NIFTY27OCT2217800PE.NFO,25/10/2022,09:25:59,108.1,108,150,108.1,250,3700,2895200
NIFTY27OCT2217800PE.NFO,25/10/2022,09:26:00,108.4,108.1,100,108.3,200,5150,2895200
NIFTY27OCT2217800PE.NFO,25/10/2022,09:26:00,108.3,107.9,50,108.2,500,250,2895200
NIFTY27OCT2217800PE.NFO,25/10/2022,09:26:02,110.8,110.8,100,111,1350,14750,2895200
NIFTY27OCT2217800PE.NFO,25/10/2022,09:26:03,109.8,109.6,500,109.85,200,12850,2895200
NIFTY27OCT2217800PE.NFO,25/10/2022,09:26:04,110.8,110.5,200,110.75,150,5050,2895200
NIFTY27OCT2217800PE.NFO,25/10/2022,09:26:05,111.55,111.35,100,111.5,100,2800,2895200
NIFTY27OCT2217800PE.NFO,25/10/2022,09:26:06,111.4,111.2,400,111.4,50,8600,2895200
NIFTY27OCT2217800PE.NFO,25/10/2022,09:26:07,112.6,112.4,200,112.6,850,3200,2895200
NIFTY27OCT2217800PE.NFO,25/10/2022,09:26:07,113.1,113,1000,113.15,50,2600,2895200
NIFTY27OCT2217800PE.NFO,25/10/2022,09:26:08,113.25,113.2,100,113.4,50,3500,2895200
NIFTY27OCT2217800PE.NFO,25/10/2022,09:26:10,114.45,114.3,50,114.55,250,7100,2895200
NIFTY27OCT2217800PE.NFO,25/10/2022,09:26:11,114.75,114.25,200,114.5,200,13050,2895200
NIFTY27OCT2217800PE.NFO,25/10/2022,09:26:12,113,112.9,50,113.15,100,13650,2895200
NIFTY27OCT2217800PE.NFO,25/10/2022,09:26:13,112.5,112.05,200,112.25,100,12500,2895200
NIFTY27OCT2217800PE.NFO,25/10/2022,09:26:14,111.75,111.5,100,111.75,50,7450,2895200
NIFTY27OCT2217800PE.NFO,25/10/2022,09:26:15,112.2,111.95,150,112.2,50,2900,2895200
NIFTY27OCT2217800PE.NFO,25/10/2022,09:26:16,112.7,112.6,100,112.9,300,4350,2895200
NIFTY27OCT2217800PE.NFO,25/10/2022,09:26:17,112.65,112.65,250,112.85,100,3800,2895200
NIFTY27OCT2217800PE.NFO,25/10/2022,09:26:18,114.25,114.05,150,114.25,100,4100,2895200
NIFTY27OCT2217800PE.NFO,25/10/2022,09:26:19,114.25,114.1,550,114.4,250,5450,2895200
NIFTY27OCT2217800PE.NFO,25/10/2022,09:26:20,114.35,114.2,100,114.45,150,5400,2895200
NIFTY27OCT2217800PE.NFO,25/10/2022,09:26:21,114.25,114.1,250,114.25,250,3150,2895200
NIFTY27OCT2217800PE.NFO,25/10/2022,09:26:22,114.6,114.3,50,114.55,400,14750,2895200
NIFTY27OCT2217800PE.NFO,25/10/2022,09:26:23,113,112.85,100,113.05,300,12150,2895200
NIFTY27OCT2217800PE.NFO,25/10/2022,09:26:24,112.75,112.7,100,112.85,50,5550,2895200
NIFTY27OCT2217800PE.NFO,25/10/2022,09:26:25,113.05,113.05,50,113.25,100,3000,2895200
NIFTY27OCT2217800PE.NFO,25/10/2022,09:26:26,113.5,113.35,100,113.55,100,4600,2895200
NIFTY27OCT2217800PE.NFO,25/10/2022,09:26:27,113.65,113.35,200,113.65,550,4100,2895200
NIFTY27OCT2217800PE.NFO,25/10/2022,09:26:28,113.75,113.55,100,113.85,500,7750,2895200
NIFTY27OCT2217800PE.NFO,25/10/2022,09:26:29,113.5,113.3,100,113.5,300,1800,2895200
NIFTY27OCT2217800PE.NFO,25/10/2022,09:26:30,112.85,112.9,850,113.2,150,2950,2921200
NIFTY27OCT2217800PE.NFO,25/10/2022,09:26:31,112.85,112.7,100,112.9,100,1050,2921200
NIFTY27OCT2217800PE.NFO,25/10/2022,09:26:32,111.1,110.85,100,111.15,450,11750,2921200
NIFTY27OCT2217800PE.NFO,25/10/2022,09:26:33,112.05,111.6,200,111.9,700,4650,2921200
NIFTY27OCT2217800PE.NFO,25/10/2022,09:26:34,111.95,112.05,100,112.3,200,7250,2921200
NIFTY27OCT2217800PE.NFO,25/10/2022,09:26:36,112.55,112.3,200,112.5,50,3450,2921200
NIFTY27OCT2217800PE.NFO,25/10/2022,09:26:37,113.15,113,100,113.15,50,2450,2921200
NIFTY27OCT2217800PE.NFO,25/10/2022,09:26:38,113.15,113.1,100,113.35,100,2900,2921200
NIFTY27OCT2217800PE.NFO,25/10/2022,09:26:39,112.3,112.05,150,112.3,450,2700,2921200
NIFTY27OCT2217800PE.NFO,25/10/2022,09:26:40,111.3,111.05,250,111.3,100,2900,2921200
NIFTY27OCT2217800PE.NFO,25/10/2022,09:26:41,110.8,110.75,100,111.05,300,850,2921200
NIFTY27OCT2217800PE.NFO,25/10/2022,09:26:42,110.8,110.8,400,111,200,5600,2921200
NIFTY27OCT2217800PE.NFO,25/10/2022,09:26:43,110.95,110.8,100,111.05,100,2700,2921200
NIFTY27OCT2217800PE.NFO,25/10/2022,09:26:44,110.6,110.6,100,110.8,100,16100,2921200
NIFTY27OCT2217800PE.NFO,25/10/2022,09:26:45,110.65,110.35,150,110.6,100,2600,2921200
NIFTY27OCT2217800PE.NFO,25/10/2022,09:26:46,109.55,109.5,150,109.7,200,6000,2921200
NIFTY27OCT2217800PE.NFO,25/10/2022,09:26:47,110.8,110.65,150,110.75,50,15050,2921200
NIFTY27OCT2217800PE.NFO,25/10/2022,09:26:48,110,110,100,110.2,150,2400,2921200
NIFTY27OCT2217800PE.NFO,25/10/2022,09:26:49,110.75,110.7,350,110.95,400,8050,2921200
NIFTY27OCT2217800PE.NFO,25/10/2022,09:26:50,110.2,110,150,110.15,300,2450,2921200
NIFTY27OCT2217800PE.NFO,25/10/2022,09:26:51,110.05,109.95,100,110.15,350,4100,2921200
NIFTY27OCT2217800PE.NFO,25/10/2022,09:26:52,110.55,110.4,300,110.6,200,1850,2921200
NIFTY27OCT2217800PE.NFO,25/10/2022,09:26:53,110.2,109.9,100,110.15,150,1800,2921200
NIFTY27OCT2217800PE.NFO,25/10/2022,09:26:54,109.35,109.2,250,109.45,350,3300,2921200
NIFTY27OCT2217800PE.NFO,25/10/2022,09:26:55,109.3,109.55,50,109.75,600,3150,2921200
NIFTY27OCT2217800PE.NFO,25/10/2022,09:26:56,109.25,109.25,600,109.55,700,1000,2921200
NIFTY27OCT2217800PE.NFO,25/10/2022,09:26:57,108.4,108.35,50,108.55,50,7400,2921200
NIFTY27OCT2217800PE.NFO,25/10/2022,09:26:58,108.55,108.2,100,108.5,100,4900,2921200
NIFTY27OCT2217800PE.NFO,25/10/2022,09:26:59,108.5,108.2,300,108.45,100,1950,2921200
NIFTY27OCT2217800PE.NFO,25/10/2022,09:27:00,108.85,108.75,50,109,350,4150,2921200
NIFTY27OCT2217800PE.NFO,25/10/2022,09:27:01,108.4,108,250,108.25,200,17900,2921200
NIFTY27OCT2217800PE.NFO,25/10/2022,09:27:02,107.85,107.9,100,108.1,50,6400,2921200
NIFTY27OCT2217800PE.NFO,25/10/2022,09:27:04,108.3,108.35,250,108.6,400,8350,2921200
NIFTY27OCT2217800PE.NFO,25/10/2022,09:27:05,108.65,108.7,100,108.9,250,3500,2921200
NIFTY27OCT2217800PE.NFO,25/10/2022,09:27:06,109.05,109.3,100,109.5,100,3750,2921200
NIFTY27OCT2217800PE.NFO,25/10/2022,09:27:07,108.75,109.25,150,109.45,200,3250,2921200
NIFTY27OCT2217800PE.NFO,25/10/2022,09:27:08,108.55,108.5,400,108.75,400,2600,2921200
NIFTY27OCT2217800PE.NFO,25/10/2022,09:27:09,108.95,109.15,350,109.4,600,1000,2921200
NIFTY27OCT2217800PE.NFO,25/10/2022,09:27:10,108.9,108.55,200,108.8,300,1350,2921200
NIFTY27OCT2217800PE.NFO,25/10/2022,09:27:11,108.75,108.35,100,108.5,100,2250,2921200
NIFTY27OCT2217800PE.NFO,25/10/2022,09:27:12,110,110.15,50,110.35,350,3550,2921200
NIFTY27OCT2217800PE.NFO,25/10/2022,09:27:13,110.75,110.5,250,110.65,50,3950,2921200
NIFTY27OCT2217800PE.NFO,25/10/2022,09:27:14,110.7,110.5,150,110.65,200,2850,2921200
NIFTY27OCT2217800PE.NFO,25/10/2022,09:27:15,110.15,110.25,100,110.4,100,5250,2921200
NIFTY27OCT2217800PE.NFO,25/10/2022,09:27:17,109.9,109.9,250,110,100,7500,2921200
NIFTY27OCT2217800PE.NFO,25/10/2022,09:27:18,110.1,109.6,100,109.8,100,2100,2921200
NIFTY27OCT2217800PE.NFO,25/10/2022,09:27:19,109.15,108.9,100,109.1,150,3050,2921200
NIFTY27OCT2217800PE.NFO,25/10/2022,09:27:20,108.3,108.5,200,108.7,300,7500,2921200
NIFTY27OCT2217800PE.NFO,25/10/2022,09:27:21,109,108.8,50,109.05,100,900,2921200
NIFTY27OCT2217800PE.NFO,25/10/2022,09:27:22,109.45,109.25,100,109.5,500,2200,2921200
NIFTY27OCT2217800PE.NFO,25/10/2022,09:27:23,109.75,109.7,50,109.8,200,200,2921200
NIFTY27OCT2217800PE.NFO,25/10/2022,09:27:24,109.7,109.85,200,110,300,50,2921200
NIFTY27OCT2217800PE.NFO,25/10/2022,09:27:25,110,109.8,100,110,50,1550,2921200
NIFTY27OCT2217800PE.NFO,25/10/2022,09:27:26,108.2,107.95,1100,108.15,100,11850,2921200
NIFTY27OCT2217800PE.NFO,25/10/2022,09:27:27,108.45,108.4,100,108.6,250,2550,2921200
NIFTY27OCT2217800PE.NFO,25/10/2022,09:27:28,109,108.85,100,109.05,100,2500,2921200
NIFTY27OCT2217800PE.NFO,25/10/2022,09:27:29,109.05,109.05,200,109.25,50,1050,2921200
NIFTY27OCT2217800PE.NFO,25/10/2022,09:27:30,109.2,109.15,300,109.25,50,2050,2921200
NIFTY27OCT2217800PE.NFO,25/10/2022,09:27:31,108.8,108.6,550,108.8,200,3150,2921200
NIFTY27OCT2217800PE.NFO,25/10/2022,09:27:32,109.25,109.4,900,109.65,150,11000,2921200
NIFTY27OCT2217800PE.NFO,25/10/2022,09:27:33,108.75,108.55,250,108.75,100,6850,2921200
NIFTY27OCT2217800PE.NFO,25/10/2022,09:27:34,108.6,108.55,100,108.8,200,650,2921200
NIFTY27OCT2217800PE.NFO,25/10/2022,09:27:35,108.15,107.95,250,108.2,600,13300,2921200
NIFTY27OCT2217800PE.NFO,25/10/2022,09:27:36,107.95,108.5,250,108.6,100,1200,2921200
NIFTY27OCT2217800PE.NFO,25/10/2022,09:27:37,109.75,109.5,100,109.7,200,4350,2921200
NIFTY27OCT2217800PE.NFO,25/10/2022,09:27:38,108.35,108.15,250,108.35,100,1300,2921200
NIFTY27OCT2217800PE.NFO,25/10/2022,09:27:39,107.85,108.35,250,108.45,50,8250,2921200
NIFTY27OCT2217800PE.NFO,25/10/2022,09:27:40,107.65,107.55,250,107.75,50,2200,2921200
NIFTY27OCT2217800PE.NFO,25/10/2022,09:27:41,107.9,107.5,250,107.75,100,100,2921200
NIFTY27OCT2217800PE.NFO,25/10/2022,09:27:42,107.3,107.4,50,107.6,500,5050,2921200
NIFTY27OCT2217800PE.NFO,25/10/2022,09:27:43,107.7,107.55,200,107.75,50,5100,2921200
NIFTY27OCT2217800PE.NFO,25/10/2022,09:27:44,107,106.7,50,106.75,200,3950,2921200
NIFTY27OCT2217800PE.NFO,25/10/2022,09:27:45,105.7,105.8,100,106,50,13100,2921200
NIFTY27OCT2217800PE.NFO,25/10/2022,09:27:46,105.8,105.7,200,105.95,100,3550,2921200
NIFTY27OCT2217800PE.NFO,25/10/2022,09:27:47,105,105,18250,105.2,800,9350,2921200
NIFTY27OCT2217800PE.NFO,25/10/2022,09:27:48,105.2,105.05,300,105.35,200,450,2921200
NIFTY27OCT2217800PE.NFO,25/10/2022,09:27:49,105.35,105.2,150,105.45,100,7450,2921200
NIFTY27OCT2217800PE.NFO,25/10/2022,09:27:50,105.05,105.15,100,105.3,350,4300,2921200
NIFTY27OCT2217800PE.NFO,25/10/2022,09:27:51,106.1,105.95,50,106.15,50,3800,2921200
NIFTY27OCT2217800PE.NFO,25/10/2022,09:27:52,105.45,105.45,50,105.65,100,8600,2921200
NIFTY27OCT2217800PE.NFO,25/10/2022,09:27:53,106.5,106.45,150,106.7,400,3100,2921200
NIFTY27OCT2217800PE.NFO,25/10/2022,09:27:54,106.75,106.8,900,107.05,50,1450,2921200
NIFTY27OCT2217800PE.NFO,25/10/2022,09:27:55,106.25,106.25,200,106.5,150,850,2921200
NIFTY27OCT2217800PE.NFO,25/10/2022,09:27:56,105.55,105.45,600,105.7,150,6600,2921200
NIFTY27OCT2217800PE.NFO,25/10/2022,09:27:57,105.4,105.3,50,105.5,200,1150,2921200
NIFTY27OCT2217800PE.NFO,25/10/2022,09:27:58,104.9,104.75,50,104.95,100,21150,2921200
NIFTY27OCT2217800PE.NFO,25/10/2022,09:27:59,104.65,104.6,50,104.8,50,5050,2921200
NIFTY27OCT2217800PE.NFO,25/10/2022,09:28:00,105.1,105.4,100,105.65,200,11900,2921200
NIFTY27OCT2217800PE.NFO,25/10/2022,09:28:01,105.15,105.1,50,105.2,250,2300,2921200
NIFTY27OCT2217800PE.NFO,25/10/2022,09:28:03,105.9,105.8,950,106.05,150,11400,2921200
NIFTY27OCT2217800PE.NFO,25/10/2022,09:28:04,104.9,105.05,150,105.25,150,4650,2921200
NIFTY27OCT2217800PE.NFO,25/10/2022,09:28:05,104.75,104.55,100,104.7,300,4500,2921200
NIFTY27OCT2217800PE.NFO,25/10/2022,09:28:06,105.3,105.15,50,105.4,550,5800,2921200
NIFTY27OCT2217800PE.NFO,25/10/2022,09:28:07,104.5,104.3,100,104.55,200,1650,2921200
NIFTY27OCT2217800PE.NFO,25/10/2022,09:28:08,104.35,104.35,350,104.6,100,8050,2921200
NIFTY27OCT2217800PE.NFO,25/10/2022,09:28:09,106.2,106,1050,106.3,300,15400,2921200
NIFTY27OCT2217800PE.NFO,25/10/2022,09:28:11,104.3,104.3,950,104.45,800,37450,2921200
NIFTY27OCT2217800PE.NFO,25/10/2022,09:28:12,104.35,104.4,200,104.55,100,18850,2921200
NIFTY27OCT2217800PE.NFO,25/10/2022,09:28:13,103.9,103.55,250,103.75,150,12550,2921200
NIFTY27OCT2217800PE.NFO,25/10/2022,09:28:14,104.6,104.55,1100,104.7,250,14600,2921200
NIFTY27OCT2217800PE.NFO,25/10/2022,09:28:15,104.25,104.1,50,104.3,250,11850,2921200
NIFTY27OCT2217800PE.NFO,25/10/2022,09:28:16,106.45,106.3,100,106.45,200,10900,2921200
NIFTY27OCT2217800PE.NFO,25/10/2022,09:28:17,106,105.9,500,106.15,150,13550,2921200
NIFTY27OCT2217800PE.NFO,25/10/2022,09:28:18,105.6,105.6,250,105.75,100,550,2921200
NIFTY27OCT2217800PE.NFO,25/10/2022,09:28:19,105.7,105.55,50,105.8,150,750,2921200
NIFTY27OCT2217800PE.NFO,25/10/2022,09:28:20,104.15,103.95,350,104.15,100,14300,2921200
NIFTY27OCT2217800PE.NFO,25/10/2022,09:28:21,103.9,103.55,100,103.75,100,2850,2921200
NIFTY27OCT2217800PE.NFO,25/10/2022,09:28:22,103.7,103.35,300,103.6,350,250,2921200
NIFTY27OCT2217800PE.NFO,25/10/2022,09:28:23,104.15,104.25,250,104.5,1200,5350,2921200
NIFTY27OCT2217800PE.NFO,25/10/2022,09:28:24,105,104.95,100,105,1250,3250,2921200
NIFTY27OCT2217800PE.NFO,25/10/2022,09:28:25,105,104.65,50,104.85,100,5600,2921200
NIFTY27OCT2217800PE.NFO,25/10/2022,09:28:26,103.85,103.8,150,104.05,150,11150,2921200
NIFTY27OCT2217800PE.NFO,25/10/2022,09:28:27,104.1,103.85,500,104.1,150,1650,2921200
NIFTY27OCT2217800PE.NFO,25/10/2022,09:28:29,104.45,104.4,450,104.5,4050,5150,2921200
NIFTY27OCT2217800PE.NFO,25/10/2022,09:28:30,104.85,104.85,150,105.1,250,29900,2921200
NIFTY27OCT2217800PE.NFO,25/10/2022,09:28:30,104.85,104.85,300,105.1,400,3100,2921200
NIFTY27OCT2217800PE.NFO,25/10/2022,09:28:31,105.4,105.45,150,105.5,3600,27500,2921200
NIFTY27OCT2217800PE.NFO,25/10/2022,09:28:32,105.75,105.75,100,106,250,8250,2921200
NIFTY27OCT2217800PE.NFO,25/10/2022,09:28:33,105.7,105.6,650,105.8,100,2000,2921200
NIFTY27OCT2217800PE.NFO,25/10/2022,09:28:34,105.2,105,200,105.2,100,3200,2921200
NIFTY27OCT2217800PE.NFO,25/10/2022,09:28:35,104.85,104.8,100,104.9,100,950,2921200
NIFTY27OCT2217800PE.NFO,25/10/2022,09:28:36,105,105,100,105.2,250,500,2921200
NIFTY27OCT2217800PE.NFO,25/10/2022,09:28:38,105.45,105.5,50,105.65,50,600,2921200
NIFTY27OCT2217800PE.NFO,25/10/2022,09:28:38,105.25,105.15,150,105.35,100,250,2921200
NIFTY27OCT2217800PE.NFO,25/10/2022,09:28:39,104.9,104.8,100,104.85,150,3000,2921200
NIFTY27OCT2217800PE.NFO,25/10/2022,09:28:40,105,105.05,50,105.25,100,1600,2921200
NIFTY27OCT2217800PE.NFO,25/10/2022,09:28:41,104.8,104.75,200,105,350,3400,2921200
NIFTY27OCT2217800PE.NFO,25/10/2022,09:28:43,105,104.8,50,105,250,2300,2921200
NIFTY27OCT2217800PE.NFO,25/10/2022,09:28:43,105.25,105.2,150,105.45,150,1300,2921200
NIFTY27OCT2217800PE.NFO,25/10/2022,09:28:45,104.8,104.8,400,105.15,200,8050,2921200
NIFTY27OCT2217800PE.NFO,25/10/2022,09:28:45,105.65,105.55,100,105.8,100,600,2921200
NIFTY27OCT2217800PE.NFO,25/10/2022,09:28:46,105.5,105.5,350,105.75,300,1600,2921200
NIFTY27OCT2217800PE.NFO,25/10/2022,09:28:47,105.7,105.5,150,105.75,750,3950,2921200
NIFTY27OCT2217800PE.NFO,25/10/2022,09:28:49,106.85,106.8,3150,106.85,50,24200,2921200
NIFTY27OCT2217800PE.NFO,25/10/2022,09:28:50,107.55,107.5,150,107.65,100,6300,2921200
NIFTY27OCT2217800PE.NFO,25/10/2022,09:28:50,107.45,107.45,300,107.7,50,7500,2921200
NIFTY27OCT2217800PE.NFO,25/10/2022,09:28:51,107.3,107.3,150,107.5,100,4700,2921200
NIFTY27OCT2217800PE.NFO,25/10/2022,09:28:52,107.7,107.5,400,107.7,150,9150,2921200
NIFTY27OCT2217800PE.NFO,25/10/2022,09:28:53,109.65,109.7,150,109.9,50,21700,2921200
NIFTY27OCT2217800PE.NFO,25/10/2022,09:28:55,110.2,110.05,550,110.2,50,15750,2921200
NIFTY27OCT2217800PE.NFO,25/10/2022,09:28:56,109.45,109.55,200,109.75,150,6600,2921200
NIFTY27OCT2217800PE.NFO,25/10/2022,09:28:57,110.1,109.85,200,110,100,7850,2921200
NIFTY27OCT2217800PE.NFO,25/10/2022,09:28:57,109.75,109.4,150,109.6,250,200,2921200
NIFTY27OCT2217800PE.NFO,25/10/2022,09:28:58,110.25,110.15,50,110.35,200,9200,2921200
NIFTY27OCT2217800PE.NFO,25/10/2022,09:28:59,109.85,109.65,100,109.9,100,2650,2921200
NIFTY27OCT2217800PE.NFO,25/10/2022,09:29:00,109.35,109.2,600,109.45,200,6300,2921200
NIFTY27OCT2217800PE.NFO,25/10/2022,09:29:01,109.75,109.65,100,109.85,250,3800,2921200
NIFTY27OCT2217800PE.NFO,25/10/2022,09:29:03,109.3,108.95,50,109.15,150,8250,2921200
NIFTY27OCT2217800PE.NFO,25/10/2022,09:29:04,108.8,108.35,350,108.55,100,6900,2921200
NIFTY27OCT2217800PE.NFO,25/10/2022,09:29:05,109.15,108.9,150,109.15,250,6250,2921200
NIFTY27OCT2217800PE.NFO,25/10/2022,09:29:06,109.15,109.05,100,109.25,150,10950,2921200
NIFTY27OCT2217800PE.NFO,25/10/2022,09:29:07,109.25,108.9,100,109.05,350,3550,2921200
NIFTY27OCT2217800PE.NFO,25/10/2022,09:29:08,109.7,109.8,100,109.95,50,6900,2921200
NIFTY27OCT2217800PE.NFO,25/10/2022,09:29:10,109.05,108.95,50,109.15,100,2500,2921200
NIFTY27OCT2217800PE.NFO,25/10/2022,09:29:10,109.1,108.85,100,109.1,50,250,2921200
NIFTY27OCT2217800PE.NFO,25/10/2022,09:29:11,109,108.8,400,109.05,200,4800,2921200
NIFTY27OCT2217800PE.NFO,25/10/2022,09:29:12,108.95,108.85,200,109.05,400,3000,2921200
NIFTY27OCT2217800PE.NFO,25/10/2022,09:29:13,107.8,107.75,100,108,750,8250,2921200
NIFTY27OCT2217800PE.NFO,25/10/2022,09:29:14,107,106.9,100,107,800,8750,2921200
NIFTY27OCT2217800PE.NFO,25/10/2022,09:29:16,107.2,107.2,200,107.4,200,4600,2921200
NIFTY27OCT2217800PE.NFO,25/10/2022,09:29:17,107.85,107.35,150,107.6,50,2750,2921200
NIFTY27OCT2217800PE.NFO,25/10/2022,09:29:17,107.7,107.65,200,107.9,100,50,2921200
NIFTY27OCT2217800PE.NFO,25/10/2022,09:29:18,108.95,108.65,50,108.85,50,1400,2921200
NIFTY27OCT2217800PE.NFO,25/10/2022,09:29:19,108.15,108,150,108.2,200,7350,2921200
NIFTY27OCT2217800PE.NFO,25/10/2022,09:29:20,108.7,108.25,100,108.5,400,5000,2921200
NIFTY27OCT2217800PE.NFO,25/10/2022,09:29:21,108.45,108.45,300,108.7,250,10050,2921200
NIFTY27OCT2217800PE.NFO,25/10/2022,09:29:23,107.4,107.25,100,107.5,200,1350,2921200
NIFTY27OCT2217800PE.NFO,25/10/2022,09:29:24,107.5,107.35,100,107.6,700,1550,2921200
NIFTY27OCT2217800PE.NFO,25/10/2022,09:29:24,107.5,107.8,200,108,650,0,2921200
NIFTY27OCT2217800PE.NFO,25/10/2022,09:29:25,108.8,108.75,500,108.95,150,3450,2921200
NIFTY27OCT2217800PE.NFO,25/10/2022,09:29:26,109.35,109.15,100,109.3,350,3450,2921200
NIFTY27OCT2217800PE.NFO,25/10/2022,09:29:27,108.95,108.7,150,108.95,250,4400,2921200
NIFTY27OCT2217800PE.NFO,25/10/2022,09:29:28,108.4,108.15,600,108.4,250,5550,2921200
NIFTY27OCT2217800PE.NFO,25/10/2022,09:29:29,107.95,107.85,250,108.1,500,2100,2921200
NIFTY27OCT2217800PE.NFO,25/10/2022,09:29:30,107,106.7,50,106.85,50,2750,2871900
NIFTY27OCT2217800PE.NFO,25/10/2022,09:29:32,106.45,106.35,100,106.55,100,2450,2871900
NIFTY27OCT2217800PE.NFO,25/10/2022,09:29:32,106.5,106.2,100,106.45,250,500,2871900
NIFTY27OCT2217800PE.NFO,25/10/2022,09:29:33,106.3,106.35,350,106.55,150,5200,2871900
NIFTY27OCT2217800PE.NFO,25/10/2022,09:29:34,106.9,106.95,100,107.2,400,4050,2871900
NIFTY27OCT2217800PE.NFO,25/10/2022,09:29:35,106.85,106.7,250,106.95,250,1500,2871900
NIFTY27OCT2217800PE.NFO,25/10/2022,09:29:36,106.9,106.7,50,106.9,100,1150,2871900
NIFTY27OCT2217800PE.NFO,25/10/2022,09:29:37,107.4,107.15,950,107.4,100,500,2871900
NIFTY27OCT2217800PE.NFO,25/10/2022,09:29:38,107.75,107.85,100,108,350,750,2871900
NIFTY27OCT2217800PE.NFO,25/10/2022,09:29:40,107.9,108,1100,108.15,400,7600,2871900
NIFTY27OCT2217800PE.NFO,25/10/2022,09:29:40,107.9,107.85,100,108.05,100,2100,2871900
NIFTY27OCT2217800PE.NFO,25/10/2022,09:29:42,107.55,107.5,150,107.75,100,1900,2871900
NIFTY27OCT2217800PE.NFO,25/10/2022,09:29:42,107.55,107.65,350,107.85,250,0,2871900
NIFTY27OCT2217800PE.NFO,25/10/2022,09:29:43,107.6,107.3,100,107.55,50,2250,2871900
NIFTY27OCT2217800PE.NFO,25/10/2022,09:29:44,107.85,107.65,350,107.9,100,1750,2871900
NIFTY27OCT2217800PE.NFO,25/10/2022,09:29:45,107.65,107.75,300,108,2800,2900,2871900
NIFTY27OCT2217800PE.NFO,25/10/2022,09:29:46,108,107.9,100,108,1500,1350,2871900
NIFTY27OCT2217800PE.NFO,25/10/2022,09:29:47,108.9,108.65,550,108.9,50,15100,2871900
NIFTY27OCT2217800PE.NFO,25/10/2022,09:29:48,108.5,108.3,250,108.5,50,1050,2871900
NIFTY27OCT2217800PE.NFO,25/10/2022,09:29:49,107.8,107.65,200,107.9,100,2900,2871900
NIFTY27OCT2217800PE.NFO,25/10/2022,09:29:51,108.1,107.85,300,108.1,150,1450,2871900
NIFTY27OCT2217800PE.NFO,25/10/2022,09:29:51,107.9,107.65,1000,107.9,200,150,2871900
NIFTY27OCT2217800PE.NFO,25/10/2022,09:29:52,108.05,107.75,400,107.95,100,500,2871900
NIFTY27OCT2217800PE.NFO,25/10/2022,09:29:53,107.7,107.6,300,107.85,100,2700,2871900
NIFTY27OCT2217800PE.NFO,25/10/2022,09:29:54,107.55,107.35,300,107.6,250,1250,2871900
NIFTY27OCT2217800PE.NFO,25/10/2022,09:29:55,107.45,107.45,600,107.7,50,500,2871900
NIFTY27OCT2217800PE.NFO,25/10/2022,09:29:56,107.75,107.3,50,107.55,400,500,2871900
NIFTY27OCT2217800PE.NFO,25/10/2022,09:29:57,107.95,108.4,100,108.6,450,1500,2871900
NIFTY27OCT2217800PE.NFO,25/10/2022,09:29:59,108.05,108.2,100,108.4,50,3050,2871900
NIFTY27OCT2217800PE.NFO,25/10/2022,09:29:59,108.55,108.45,800,108.75,550,700,2871900
NIFTY27OCT2217800PE.NFO,25/10/2022,09:30:00,109.2,109.05,100,109.25,100,4750,2871900
NIFTY27OCT2217800PE.NFO,25/10/2022,09:30:01,108.9,108.75,50,109,200,10400,2871900
NIFTY27OCT2217800PE.NFO,25/10/2022,09:30:02,109.65,109.55,200,109.75,50,9500,2871900
NIFTY27OCT2217800PE.NFO,25/10/2022,09:30:03,107.4,107.25,250,107.4,100,7000,2871900
NIFTY27OCT2217800PE.NFO,25/10/2022,09:30:04,106.9,106.85,50,107.05,100,6500,2871900
NIFTY27OCT2217800PE.NFO,25/10/2022,09:30:05,106.6,106.3,200,106.5,100,6650,2871900
NIFTY27OCT2217800PE.NFO,25/10/2022,09:30:07,107,106.7,200,106.95,1250,4750,2871900
NIFTY27OCT2217800PE.NFO,25/10/2022,09:30:08,106.9,106.75,100,106.95,50,1550,2871900
NIFTY27OCT2217800PE.NFO,25/10/2022,09:30:09,106.6,106.4,200,106.6,750,1650,2871900
NIFTY27OCT2217800PE.NFO,25/10/2022,09:30:10,105.65,105.65,150,105.8,550,8100,2871900
NIFTY27OCT2217800PE.NFO,25/10/2022,09:30:11,105.15,105,10150,105.15,1250,9700,2871900
NIFTY27OCT2217800PE.NFO,25/10/2022,09:30:12,104.85,104.85,350,105.05,600,15550,2871900
NIFTY27OCT2217800PE.NFO,25/10/2022,09:30:12,105.15,105.1,50,105.25,50,950,2871900
NIFTY27OCT2217800PE.NFO,25/10/2022,09:30:13,106.2,106.25,300,106.45,250,1050,2871900
NIFTY27OCT2217800PE.NFO,25/10/2022,09:30:14,106.7,106.45,600,106.7,200,3650,2871900
NIFTY27OCT2217800PE.NFO,25/10/2022,09:30:15,107,106.75,550,107,200,3150,2871900
NIFTY27OCT2217800PE.NFO,25/10/2022,09:30:16,107.1,107.05,100,107.2,150,4550,2871900
NIFTY27OCT2217800PE.NFO,25/10/2022,09:30:18,108.65,108.45,950,108.7,300,24500,2871900
NIFTY27OCT2217800PE.NFO,25/10/2022,09:30:19,110.5,110.5,100,110.65,350,12650,2871900
NIFTY27OCT2217800PE.NFO,25/10/2022,09:30:20,111.1,111.25,100,111.45,250,16700,2871900
NIFTY27OCT2217800PE.NFO,25/10/2022,09:30:21,112.25,111.95,350,112.15,100,15950,2871900
NIFTY27OCT2217800PE.NFO,25/10/2022,09:30:23,112.4,112.3,200,112.6,200,8100,2871900
NIFTY27OCT2217800PE.NFO,25/10/2022,09:30:24,113.35,113.15,100,113.35,250,5600,2871900
NIFTY27OCT2217800PE.NFO,25/10/2022,09:30:25,113.7,113.7,600,114,4350,4750,2871900
NIFTY27OCT2217800PE.NFO,25/10/2022,09:30:26,113,113,100,113.25,50,6300,2871900
NIFTY27OCT2217800PE.NFO,25/10/2022,09:30:26,112.95,112.9,100,113.15,250,550,2871900
NIFTY27OCT2217800PE.NFO,25/10/2022,09:30:27,112.75,112.5,200,112.8,700,5850,2871900
NIFTY27OCT2217800PE.NFO,25/10/2022,09:30:28,111.25,110.45,200,110.75,150,15950,2871900
NIFTY27OCT2217800PE.NFO,25/10/2022,09:30:29,110.05,110.1,300,110.3,50,3700,2871900
NIFTY27OCT2217800PE.NFO,25/10/2022,09:30:30,109.15,109.15,50,109.35,600,9700,2871900
NIFTY27OCT2217800PE.NFO,25/10/2022,09:30:31,109.25,109.15,200,109.4,600,2550,2871900
NIFTY27OCT2217800PE.NFO,25/10/2022,09:30:33,109.75,109.5,450,109.8,100,3100,2871900
NIFTY27OCT2217800PE.NFO,25/10/2022,09:30:34,109.65,109.4,50,109.7,200,3950,2871900
NIFTY27OCT2217800PE.NFO,25/10/2022,09:30:35,109.6,109.25,300,109.5,50,4350,2871900
NIFTY27OCT2217800PE.NFO,25/10/2022,09:30:35,108.85,108.7,100,108.9,450,2250,2871900
NIFTY27OCT2217800PE.NFO,25/10/2022,09:30:37,108.3,108.35,100,108.6,650,2600,2871900
NIFTY27OCT2217800PE.NFO,25/10/2022,09:30:38,107.85,107.75,100,107.9,200,2600,2871900
NIFTY27OCT2217800PE.NFO,25/10/2022,09:30:39,107.65,107.35,700,107.6,250,1700,2871900
NIFTY27OCT2217800PE.NFO,25/10/2022,09:30:40,106.9,106.7,700,106.95,100,4850,2871900
NIFTY27OCT2217800PE.NFO,25/10/2022,09:30:41,107.5,107.55,100,107.8,200,3300,2871900
NIFTY27OCT2217800PE.NFO,25/10/2022,09:30:42,107.7,107.6,50,107.7,50,2800,2871900
NIFTY27OCT2217800PE.NFO,25/10/2022,09:30:43,107.9,107.65,50,107.95,650,1950,2871900
NIFTY27OCT2217800PE.NFO,25/10/2022,09:30:44,108.45,108.3,100,108.6,600,1150,2871900
NIFTY27OCT2217800PE.NFO,25/10/2022,09:30:46,109,108.4,350,108.65,100,11800,2871900
NIFTY27OCT2217800PE.NFO,25/10/2022,09:30:47,109.65,109.5,100,109.75,200,4500,2871900
NIFTY27OCT2217800PE.NFO,25/10/2022,09:30:48,110,109.8,100,110,500,900,2871900
NIFTY27OCT2217800PE.NFO,25/10/2022,09:30:49,109.75,109.45,300,109.65,100,800,2871900
NIFTY27OCT2217800PE.NFO,25/10/2022,09:30:50,109.35,109.15,50,109.4,400,1250,2871900
NIFTY27OCT2217800PE.NFO,25/10/2022,09:30:50,109.3,109.25,400,109.55,200,1750,2871900
NIFTY27OCT2217800PE.NFO,25/10/2022,09:30:51,110.1,109.85,700,110.1,1600,5500,2871900
NIFTY27OCT2217800PE.NFO,25/10/2022,09:30:52,109.9,109.85,550,110.1,350,3850,2871900
NIFTY27OCT2217800PE.NFO,25/10/2022,09:30:53,110,109.75,200,109.95,50,3900,2871900
NIFTY27OCT2217800PE.NFO,25/10/2022,09:30:54,110.05,110.05,150,110.3,550,3800,2871900
NIFTY27OCT2217800PE.NFO,25/10/2022,09:30:55,110.95,110.95,50,111.2,50,5600,2871900
NIFTY27OCT2217800PE.NFO,25/10/2022,09:30:56,111.05,111.15,100,111.4,300,5050,2871900
NIFTY27OCT2217800PE.NFO,25/10/2022,09:30:57,110.75,110.7,650,110.9,50,3250,2871900
NIFTY27OCT2217800PE.NFO,25/10/2022,09:30:59,111.7,111.4,50,111.5,50,5250,2871900
NIFTY27OCT2217800PE.NFO,25/10/2022,09:31:00,112,111.85,100,112,1450,4800,2871900
NIFTY27OCT2217800PE.NFO,25/10/2022,09:31:01,110.6,110.45,50,110.65,150,2750,2871900
NIFTY27OCT2217800PE.NFO,25/10/2022,09:31:01,110.35,110.3,150,110.45,100,250,2871900
NIFTY27OCT2217800PE.NFO,25/10/2022,09:31:02,110.45,110.35,250,110.6,300,6150,2871900
NIFTY27OCT2217800PE.NFO,25/10/2022,09:31:03,110.8,110.6,100,110.75,50,3750,2871900
NIFTY27OCT2217800PE.NFO,25/10/2022,09:31:04,109.3,109.1,50,109.35,50,10450,2871900
NIFTY27OCT2217800PE.NFO,25/10/2022,09:31:05,108.9,109.25,100,109.5,500,4600,2871900
NIFTY27OCT2217800PE.NFO,25/10/2022,09:31:06,110.1,109.85,150,110.1,250,2000,2871900
NIFTY27OCT2217800PE.NFO,25/10/2022,09:31:08,109.3,109.05,50,109.3,1900,2250,2871900
NIFTY27OCT2217800PE.NFO,25/10/2022,09:31:09,108.65,108.35,350,108.65,500,4850,2871900
NIFTY27OCT2217800PE.NFO,25/10/2022,09:31:09,108.75,108.55,300,108.7,50,250,2871900
NIFTY27OCT2217800PE.NFO,25/10/2022,09:31:10,107.9,107.75,50,107.95,100,11300,2871900
NIFTY27OCT2217800PE.NFO,25/10/2022,09:31:11,107.2,107.2,200,107.5,250,2900,2871900
NIFTY27OCT2217800PE.NFO,25/10/2022,09:31:13,107.6,107.2,500,107.5,300,2200,2871900
NIFTY27OCT2217800PE.NFO,25/10/2022,09:31:14,107.25,107.15,1100,107.35,400,2100,2871900
NIFTY27OCT2217800PE.NFO,25/10/2022,09:31:15,106.7,106.7,950,106.9,150,6900,2871900
NIFTY27OCT2217800PE.NFO,25/10/2022,09:31:16,106.25,106.3,350,106.55,50,2250,2871900
NIFTY27OCT2217800PE.NFO,25/10/2022,09:31:16,106.35,106.35,900,106.6,50,500,2871900
NIFTY27OCT2217800PE.NFO,25/10/2022,09:31:17,106.5,106.9,100,107.1,50,6500,2871900
NIFTY27OCT2217800PE.NFO,25/10/2022,09:31:19,107.1,107.1,250,107.4,350,13750,2871900
NIFTY27OCT2217800PE.NFO,25/10/2022,09:31:20,106,105.75,50,105.95,100,2900,2871900
NIFTY27OCT2217800PE.NFO,25/10/2022,09:31:21,105.85,106.05,100,106.3,100,650,2871900
NIFTY27OCT2217800PE.NFO,25/10/2022,09:31:22,107,107.1,100,107.3,50,4150,2871900
NIFTY27OCT2217800PE.NFO,25/10/2022,09:31:23,107.25,107.45,350,107.7,100,4550,2871900
NIFTY27OCT2217800PE.NFO,25/10/2022,09:31:24,107.15,107.05,50,107.1,100,2350,2871900
NIFTY27OCT2217800PE.NFO,25/10/2022,09:31:25,106.2,106.1,150,106.4,800,700,2871900
NIFTY27OCT2217800PE.NFO,25/10/2022,09:31:26,106.5,106.4,350,106.55,100,400,2871900
NIFTY27OCT2217800PE.NFO,25/10/2022,09:31:27,107.2,107.1,100,107.35,350,700,2871900
NIFTY27OCT2217800PE.NFO,25/10/2022,09:31:29,107.65,107.4,150,107.65,50,6000,2871900
NIFTY27OCT2217800PE.NFO,25/10/2022,09:31:30,107.4,107.15,50,107.25,50,700,2871900
NIFTY27OCT2217800PE.NFO,25/10/2022,09:31:31,108.6,108.6,400,108.8,100,650,2871900
NIFTY27OCT2217800PE.NFO,25/10/2022,09:31:31,108.75,108.65,50,108.75,50,600,2871900
NIFTY27OCT2217800PE.NFO,25/10/2022,09:31:32,107.75,107.75,300,108,650,2050,2871900
NIFTY27OCT2217800PE.NFO,25/10/2022,09:31:33,107.6,107.4,300,107.45,100,250,2871900
NIFTY27OCT2217800PE.NFO,25/10/2022,09:31:35,107.3,107.15,100,107.3,100,2350,2871900
NIFTY27OCT2217800PE.NFO,25/10/2022,09:31:36,108.1,107.85,300,108.1,50,6400,2871900
NIFTY27OCT2217800PE.NFO,25/10/2022,09:31:37,108.05,107.85,100,108.1,50,300,2871900
NIFTY27OCT2217800PE.NFO,25/10/2022,09:31:38,107.35,107.05,300,107.25,300,6700,2871900
NIFTY27OCT2217800PE.NFO,25/10/2022,09:31:38,107.35,107,200,107.25,750,0,2871900
NIFTY27OCT2217800PE.NFO,25/10/2022,09:31:39,107.4,107.2,350,107.45,400,900,2871900
NIFTY27OCT2217800PE.NFO,25/10/2022,09:31:41,107.4,107.4,50,107.55,50,5650,2871900
NIFTY27OCT2217800PE.NFO,25/10/2022,09:31:42,107.55,107.45,50,107.55,50,2100,2871900
NIFTY27OCT2217800PE.NFO,25/10/2022,09:31:43,108,108.05,100,108.25,50,800,2871900
NIFTY27OCT2217800PE.NFO,25/10/2022,09:31:43,108.4,108.4,100,108.6,150,1050,2871900
NIFTY27OCT2217800PE.NFO,25/10/2022,09:31:44,108.85,108.4,500,108.6,100,700,2871900
NIFTY27OCT2217800PE.NFO,25/10/2022,09:31:45,107.3,107,900,107.2,150,1650,2871900
NIFTY27OCT2217800PE.NFO,25/10/2022,09:31:47,107.7,107.45,300,107.7,700,2350,2871900
NIFTY27OCT2217800PE.NFO,25/10/2022,09:31:48,108,108,100,108.25,300,2250,2871900
NIFTY27OCT2217800PE.NFO,25/10/2022,09:31:49,108.1,108.25,100,108.45,250,2500,2871900
NIFTY27OCT2217800PE.NFO,25/10/2022,09:31:50,107.3,107.2,200,107.45,100,4450,2871900
NIFTY27OCT2217800PE.NFO,25/10/2022,09:31:50,107.2,107.2,1200,107.5,100,800,2871900
NIFTY27OCT2217800PE.NFO,25/10/2022,09:31:51,108.1,108.05,300,108.25,1000,6650,2871900
NIFTY27OCT2217800PE.NFO,25/10/2022,09:31:52,108.9,108.85,50,109,250,2050,2871900
NIFTY27OCT2217800PE.NFO,25/10/2022,09:31:53,109,108.7,500,108.95,50,3500,2871900
NIFTY27OCT2217800PE.NFO,25/10/2022,09:31:54,108.75,108.3,650,108.55,100,1150,2871900
NIFTY27OCT2217800PE.NFO,25/10/2022,09:31:56,108.15,108,300,108.1,100,3450,2871900
NIFTY27OCT2217800PE.NFO,25/10/2022,09:31:57,106.65,106.65,200,106.85,150,5050,2871900
NIFTY27OCT2217800PE.NFO,25/10/2022,09:31:58,107,106.75,150,106.95,50,750,2871900
NIFTY27OCT2217800PE.NFO,25/10/2022,09:31:59,106.25,106.4,50,106.45,50,2400,2871900
NIFTY27OCT2217800PE.NFO,25/10/2022,09:31:59,106.75,106.5,250,106.7,250,1850,2871900
NIFTY27OCT2217800PE.NFO,25/10/2022,09:32:00,106.25,106.05,350,106.25,700,1900,2871900
NIFTY27OCT2217800PE.NFO,25/10/2022,09:32:01,105.55,105.55,50,105.7,50,9000,2871900
NIFTY27OCT2217800PE.NFO,25/10/2022,09:32:02,105.5,105.2,100,105.45,150,450,2871900
NIFTY27OCT2217800PE.NFO,25/10/2022,09:32:03,104.9,104.75,100,104.9,150,19950,2871900
NIFTY27OCT2217800PE.NFO,25/10/2022,09:32:05,104.6,104.35,50,104.6,150,6350,2871900
NIFTY27OCT2217800PE.NFO,25/10/2022,09:32:06,104.05,104.1,750,104.35,50,22750,2871900
NIFTY27OCT2217800PE.NFO,25/10/2022,09:32:07,103.35,103.2,50,103.45,200,9950,2871900
NIFTY27OCT2217800PE.NFO,25/10/2022,09:32:07,103.15,103.15,50,103.35,100,1950,2871900
NIFTY27OCT2217800PE.NFO,25/10/2022,09:32:09,103.45,103.25,250,103.45,250,9250,2871900
NIFTY27OCT2217800PE.NFO,25/10/2022,09:32:10,103.9,103.6,400,103.8,100,1600,2871900
NIFTY27OCT2217800PE.NFO,25/10/2022,09:32:10,103.65,103.65,250,103.85,100,5450,2871900
NIFTY27OCT2217800PE.NFO,25/10/2022,09:32:12,104.2,104.1,50,104.3,50,8250,2871900
NIFTY27OCT2217800PE.NFO,25/10/2022,09:32:13,105.05,104.5,450,104.8,300,2100,2871900
NIFTY27OCT2217800PE.NFO,25/10/2022,09:32:14,105.15,104.75,300,105,100,2250,2871900
NIFTY27OCT2217800PE.NFO,25/10/2022,09:32:15,105.45,105.1,650,105.3,100,8850,2871900
NIFTY27OCT2217800PE.NFO,25/10/2022,09:32:17,105.25,105.15,50,105.3,100,2250,2871900
NIFTY27OCT2217800PE.NFO,25/10/2022,09:32:18,104.85,104.6,150,104.85,600,1250,2871900
NIFTY27OCT2217800PE.NFO,25/10/2022,09:32:19,104.55,104.3,100,104.55,250,3000,2871900
NIFTY27OCT2217800PE.NFO,25/10/2022,09:32:20,104.8,104.75,500,105,450,3550,2871900
NIFTY27OCT2217800PE.NFO,25/10/2022,09:32:21,104.35,104.35,250,104.5,500,3950,2871900
NIFTY27OCT2217800PE.NFO,25/10/2022,09:32:22,105.1,105.05,100,105.15,50,7900,2871900
NIFTY27OCT2217800PE.NFO,25/10/2022,09:32:22,105.1,104.9,1250,105.15,50,300,2871900
NIFTY27OCT2217800PE.NFO,25/10/2022,09:32:23,105.75,105.65,50,105.8,100,2650,2871900
NIFTY27OCT2217800PE.NFO,25/10/2022,09:32:24,105.95,105.95,650,106.2,100,4900,2871900
NIFTY27OCT2217800PE.NFO,25/10/2022,09:32:25,105.8,106,50,106.2,50,900,2871900
NIFTY27OCT2217800PE.NFO,25/10/2022,09:32:27,106.1,105.85,300,106.1,350,6150,2871900
NIFTY27OCT2217800PE.NFO,25/10/2022,09:32:28,105.95,105.85,450,106,150,3500,2871900
NIFTY27OCT2217800PE.NFO,25/10/2022,09:32:29,106.6,106.4,100,106.6,950,2600,2871900
NIFTY27OCT2217800PE.NFO,25/10/2022,09:32:30,106.25,106.1,400,106.25,1000,1200,2871900
NIFTY27OCT2217800PE.NFO,25/10/2022,09:32:30,106.05,105.9,300,106.1,300,1400,2871900
NIFTY27OCT2217800PE.NFO,25/10/2022,09:32:31,105.95,105.65,200,105.85,300,2800,2913550
NIFTY27OCT2217800PE.NFO,25/10/2022,09:32:32,104.9,104.9,150,105,300,5300,2913550
NIFTY27OCT2217800PE.NFO,25/10/2022,09:32:34,105.4,105.15,100,105.4,100,5150,2913550
NIFTY27OCT2217800PE.NFO,25/10/2022,09:32:34,105.55,105.4,300,105.55,50,2750,2913550
NIFTY27OCT2217800PE.NFO,25/10/2022,09:32:35,106,105.95,550,106.15,200,2200,2913550
NIFTY27OCT2217800PE.NFO,25/10/2022,09:32:37,105,104.6,50,104.85,50,3300,2913550
NIFTY27OCT2217800PE.NFO,25/10/2022,09:32:38,104.9,104.65,250,104.9,150,1350,2913550
NIFTY27OCT2217800PE.NFO,25/10/2022,09:32:39,104.2,104.25,250,104.4,200,1300,2913550
NIFTY27OCT2217800PE.NFO,25/10/2022,09:32:40,104.4,104.15,100,104.35,100,2950,2913550
NIFTY27OCT2217800PE.NFO,25/10/2022,09:32:41,104.2,104,4150,104.25,350,7950,2913550
NIFTY27OCT2217800PE.NFO,25/10/2022,09:32:41,103.95,103.7,150,103.85,100,4450,2913550
NIFTY27OCT2217800PE.NFO,25/10/2022,09:32:42,103.65,103.5,50,103.6,100,1350,2913550
NIFTY27OCT2217800PE.NFO,25/10/2022,09:32:43,104.1,103.8,50,104,150,6400,2913550
NIFTY27OCT2217800PE.NFO,25/10/2022,09:32:44,104.45,104.45,450,104.65,100,4950,2913550
NIFTY27OCT2217800PE.NFO,25/10/2022,09:32:45,104.25,104.1,100,104.35,150,1750,2913550
NIFTY27OCT2217800PE.NFO,25/10/2022,09:32:46,104.05,103.75,150,103.9,50,2700,2913550
NIFTY27OCT2217800PE.NFO,25/10/2022,09:32:48,104.15,104,100,104.2,50,1250,2913550
NIFTY27OCT2217800PE.NFO,25/10/2022,09:32:49,105.1,105,50,105.15,200,3150,2913550
NIFTY27OCT2217800PE.NFO,25/10/2022,09:32:50,105.35,105.15,50,105.35,250,5350,2913550
NIFTY27OCT2217800PE.NFO,25/10/2022,09:32:50,104.65,104.55,500,104.8,250,100,2913550
NIFTY27OCT2217800PE.NFO,25/10/2022,09:32:51,104.55,104.2,1100,104.45,350,3050,2913550
NIFTY27OCT2217800PE.NFO,25/10/2022,09:32:53,104,104.25,50,104.35,150,5500,2913550
NIFTY27OCT2217800PE.NFO,25/10/2022,09:32:54,105.15,105,50,105.2,250,2100,2913550
NIFTY27OCT2217800PE.NFO,25/10/2022,09:32:55,104.45,104.25,50,104.45,200,900,2913550
NIFTY27OCT2217800PE.NFO,25/10/2022,09:32:55,104.45,104.2,400,104.45,150,50,2913550
NIFTY27OCT2217800PE.NFO,25/10/2022,09:32:57,104.65,104.25,150,104.5,1350,5500,2913550
NIFTY27OCT2217800PE.NFO,25/10/2022,09:32:58,104.45,104.45,150,104.6,250,900,2913550
NIFTY27OCT2217800PE.NFO,25/10/2022,09:32:59,105.9,105.65,100,105.85,100,6800,2913550
NIFTY27OCT2217800PE.NFO,25/10/2022,09:33:00,105.45,105.15,50,105.4,50,1250,2913550
NIFTY27OCT2217800PE.NFO,25/10/2022,09:33:01,105.15,105,50,105.15,250,1250,2913550
NIFTY27OCT2217800PE.NFO,25/10/2022,09:33:02,104.95,105.1,250,105.3,50,700,2913550
NIFTY27OCT2217800PE.NFO,25/10/2022,09:33:03,105.9,105.7,50,105.85,100,7250,2913550
NIFTY27OCT2217800PE.NFO,25/10/2022,09:33:03,105.2,105.2,600,105.45,200,2150,2913550
NIFTY27OCT2217800PE.NFO,25/10/2022,09:33:04,105.1,105,100,105.1,650,2050,2913550
NIFTY27OCT2217800PE.NFO,25/10/2022,09:33:06,104.8,104.65,150,104.9,150,3350,2913550
NIFTY27OCT2217800PE.NFO,25/10/2022,09:33:07,104.3,104.2,150,104.35,50,10050,2913550
NIFTY27OCT2217800PE.NFO,25/10/2022,09:33:08,104.05,103.95,200,104.25,250,2300,2913550
NIFTY27OCT2217800PE.NFO,25/10/2022,09:33:09,104.05,103.85,100,104.1,800,5250,2913550
NIFTY27OCT2217800PE.NFO,25/10/2022,09:33:10,104.3,104.2,100,104.4,300,8400,2913550
NIFTY27OCT2217800PE.NFO,25/10/2022,09:33:10,104.9,104.55,100,104.8,100,950,2913550
NIFTY27OCT2217800PE.NFO,25/10/2022,09:33:12,105.15,105.2,450,105.5,550,2950,2913550
NIFTY27OCT2217800PE.NFO,25/10/2022,09:33:12,105,105,600,105.25,350,650,2913550
NIFTY27OCT2217800PE.NFO,25/10/2022,09:33:13,104.95,104.95,50,105.2,1000,1500,2913550
NIFTY27OCT2217800PE.NFO,25/10/2022,09:33:15,104.25,104.3,150,104.55,100,1750,2913550
NIFTY27OCT2217800PE.NFO,25/10/2022,09:33:16,104.55,104.35,50,104.5,150,5200,2913550
NIFTY27OCT2217800PE.NFO,25/10/2022,09:33:17,104.6,104.5,300,104.75,100,650,2913550
NIFTY27OCT2217800PE.NFO,25/10/2022,09:33:18,105.05,104.9,700,105.15,100,400,2913550
NIFTY27OCT2217800PE.NFO,25/10/2022,09:33:19,104.4,104.2,100,104.4,400,2500,2913550
NIFTY27OCT2217800PE.NFO,25/10/2022,09:33:19,104.3,104.4,200,104.55,50,150,2913550
NIFTY27OCT2217800PE.NFO,25/10/2022,09:33:21,103.85,103.8,200,103.9,300,3650,2913550
NIFTY27OCT2217800PE.NFO,25/10/2022,09:33:22,102.8,102.7,150,102.9,150,27900,2913550
NIFTY27OCT2217800PE.NFO,25/10/2022,09:33:23,102.3,102.35,250,102.55,300,2050,2913550
NIFTY27OCT2217800PE.NFO,25/10/2022,09:33:24,102.5,102.55,200,102.7,100,2550,2913550
NIFTY27OCT2217800PE.NFO,25/10/2022,09:33:25,103.15,103.05,300,103.35,550,6700,2913550
NIFTY27OCT2217800PE.NFO,25/10/2022,09:33:26,104.7,104.45,350,104.75,450,7550,2913550
NIFTY27OCT2217800PE.NFO,25/10/2022,09:33:26,104.15,104.2,150,104.4,600,1500,2913550
NIFTY27OCT2217800PE.NFO,25/10/2022,09:33:27,104.6,104.2,100,104.4,100,1050,2913550
NIFTY27OCT2217800PE.NFO,25/10/2022,09:33:28,103.9,103.7,200,103.9,100,1350,2913550
NIFTY27OCT2217800PE.NFO,25/10/2022,09:33:30,104.3,103.95,50,104.2,150,3000,2913550
NIFTY27OCT2217800PE.NFO,25/10/2022,09:33:31,103.75,103.35,150,103.6,350,2000,2913550
NIFTY27OCT2217800PE.NFO,25/10/2022,09:33:32,103.9,103.7,100,103.9,200,950,2913550
NIFTY27OCT2217800PE.NFO,25/10/2022,09:33:33,104,104.05,650,104.3,100,2100,2913550
NIFTY27OCT2217800PE.NFO,25/10/2022,09:33:33,104.7,104.65,100,104.7,200,250,2913550
NIFTY27OCT2217800PE.NFO,25/10/2022,09:33:35,105.15,105.35,350,105.55,150,5850,2913550
NIFTY27OCT2217800PE.NFO,25/10/2022,09:33:35,106,106,50,106.15,150,6350,2913550
NIFTY27OCT2217800PE.NFO,25/10/2022,09:33:36,106.4,106.3,150,106.5,600,1100,2913550
NIFTY27OCT2217800PE.NFO,25/10/2022,09:33:38,106.8,106.35,350,106.55,300,6250,2913550
NIFTY27OCT2217800PE.NFO,25/10/2022,09:33:39,105.6,105.55,100,105.75,100,3300,2913550
NIFTY27OCT2217800PE.NFO,25/10/2022,09:33:40,105.2,105,350,105.2,300,2900,2913550
NIFTY27OCT2217800PE.NFO,25/10/2022,09:33:40,105.15,104.95,50,105.2,450,150,2913550
NIFTY27OCT2217800PE.NFO,25/10/2022,09:33:41,105.35,105,400,105.2,200,2500,2913550
NIFTY27OCT2217800PE.NFO,25/10/2022,09:33:42,104.8,104.7,250,104.95,50,1400,2913550
NIFTY27OCT2217800PE.NFO,25/10/2022,09:33:43,104.8,104.8,100,105,350,0,2913550
NIFTY27OCT2217800PE.NFO,25/10/2022,09:33:45,105.4,105.2,100,105.4,50,800,2913550
NIFTY27OCT2217800PE.NFO,25/10/2022,09:33:46,105.25,105.15,100,105.35,150,2150,2913550
NIFTY27OCT2217800PE.NFO,25/10/2022,09:33:47,106.35,106.15,100,106.35,50,2650,2913550
NIFTY27OCT2217800PE.NFO,25/10/2022,09:33:48,106.25,106,300,106.25,400,2600,2913550
NIFTY27OCT2217800PE.NFO,25/10/2022,09:33:49,105.95,105.75,450,105.95,150,3650,2913550
NIFTY27OCT2217800PE.NFO,25/10/2022,09:33:50,106.15,106.2,100,106.4,200,6750,2913550
NIFTY27OCT2217800PE.NFO,25/10/2022,09:33:51,106.15,106.15,200,106.35,50,8500,2913550
NIFTY27OCT2217800PE.NFO,25/10/2022,09:33:51,107.25,107,200,107.25,150,6250,2913550
NIFTY27OCT2217800PE.NFO,25/10/2022,09:33:53,107.15,106.95,50,107.15,450,5300,2913550
NIFTY27OCT2217800PE.NFO,25/10/2022,09:33:54,107.95,107.7,500,108,4350,7500,2913550
NIFTY27OCT2217800PE.NFO,25/10/2022,09:33:55,107.35,107.15,300,107.4,250,10500,2913550
NIFTY27OCT2217800PE.NFO,25/10/2022,09:33:56,107.65,107.65,250,107.85,100,4750,2913550
NIFTY27OCT2217800PE.NFO,25/10/2022,09:33:56,107.9,107.85,400,107.95,50,200,2913550
NIFTY27OCT2217800PE.NFO,25/10/2022,09:33:57,107.8,107.7,100,107.9,100,11250,2913550
NIFTY27OCT2217800PE.NFO,25/10/2022,09:33:58,107.75,107.75,50,107.9,100,2650,2913550
NIFTY27OCT2217800PE.NFO,25/10/2022,09:34:00,107.3,107.15,200,107.3,350,7400,2913550
NIFTY27OCT2217800PE.NFO,25/10/2022,09:34:01,107.05,106.9,150,107.05,250,6400,2913550
NIFTY27OCT2217800PE.NFO,25/10/2022,09:34:02,106.95,106.6,200,106.85,150,1700,2913550
NIFTY27OCT2217800PE.NFO,25/10/2022,09:34:02,106.6,106.6,100,106.8,100,1650,2913550
NIFTY27OCT2217800PE.NFO,25/10/2022,09:34:03,106.3,106.25,100,106.45,350,4700,2913550
NIFTY27OCT2217800PE.NFO,25/10/2022,09:34:04,106.65,106.3,250,106.55,150,2000,2913550
NIFTY27OCT2217800PE.NFO,25/10/2022,09:34:05,107.25,106.8,50,106.95,100,1750,2913550
NIFTY27OCT2217800PE.NFO,25/10/2022,09:34:06,106.4,106.35,250,106.6,250,700,2913550
NIFTY27OCT2217800PE.NFO,25/10/2022,09:34:08,107,106.65,200,106.9,100,4300,2913550
NIFTY27OCT2217800PE.NFO,25/10/2022,09:34:09,107.05,107.05,50,107.2,200,3350,2913550
NIFTY27OCT2217800PE.NFO,25/10/2022,09:34:10,106.2,106.25,500,106.5,1200,450,2913550
NIFTY27OCT2217800PE.NFO,25/10/2022,09:34:10,105.85,105.6,300,105.8,100,1450,2913550
NIFTY27OCT2217800PE.NFO,25/10/2022,09:34:11,105.15,105.35,50,105.5,400,4700,2913550
NIFTY27OCT2217800PE.NFO,25/10/2022,09:34:12,105.05,105,1000,105.2,450,2400,2913550
NIFTY27OCT2217800PE.NFO,25/10/2022,09:34:14,106.1,106.25,100,106.5,50,8850,2913550
NIFTY27OCT2217800PE.NFO,25/10/2022,09:34:15,105.55,105.45,350,105.65,100,3200,2913550
NIFTY27OCT2217800PE.NFO,25/10/2022,09:34:16,105.65,105.75,50,105.95,100,550,2913550
NIFTY27OCT2217800PE.NFO,25/10/2022,09:34:17,105.55,105.35,250,105.55,350,700,2913550
NIFTY27OCT2217800PE.NFO,25/10/2022,09:34:18,104.8,104.55,150,104.75,50,2200,2913550
NIFTY27OCT2217800PE.NFO,25/10/2022,09:34:18,104.4,104.25,50,104.5,650,250,2913550
NIFTY27OCT2217800PE.NFO,25/10/2022,09:34:19,104.4,104.4,200,104.6,50,2750,2913550
NIFTY27OCT2217800PE.NFO,25/10/2022,09:34:20,103.35,103.2,900,103.4,450,15800,2913550
NIFTY27OCT2217800PE.NFO,25/10/2022,09:34:22,103.3,103.05,400,103.25,50,7750,2913550
NIFTY27OCT2217800PE.NFO,25/10/2022,09:34:23,103.9,103.95,350,104.15,50,7700,2913550
NIFTY27OCT2217800PE.NFO,25/10/2022,09:34:24,104.65,104.5,100,104.65,250,1850,2913550
NIFTY27OCT2217800PE.NFO,25/10/2022,09:34:25,104.1,104.15,50,104.35,250,1400,2913550
NIFTY27OCT2217800PE.NFO,25/10/2022,09:34:25,104.35,104.05,500,104.25,100,100,2913550
NIFTY27OCT2217800PE.NFO,25/10/2022,09:34:26,104,104,350,104.15,50,1500,2913550
NIFTY27OCT2217800PE.NFO,25/10/2022,09:34:27,105.6,105.6,100,105.75,50,3450,2913550
NIFTY27OCT2217800PE.NFO,25/10/2022,09:34:29,105.9,105.95,150,106,500,1600,2913550
NIFTY27OCT2217800PE.NFO,25/10/2022,09:34:30,104.25,104.1,250,104.35,150,5650,2913550
NIFTY27OCT2217800PE.NFO,25/10/2022,09:34:31,104,103.9,100,104,250,3400,2913550
NIFTY27OCT2217800PE.NFO,25/10/2022,09:34:32,103.65,103.6,150,103.85,300,1750,2913550
NIFTY27OCT2217800PE.NFO,25/10/2022,09:34:33,103.45,103.35,300,103.55,200,2950,2913550
NIFTY27OCT2217800PE.NFO,25/10/2022,09:34:33,103.3,103.2,150,103.3,450,2950,2913550
NIFTY27OCT2217800PE.NFO,25/10/2022,09:34:35,102.4,102.25,100,102.5,150,14250,2913550
NIFTY27OCT2217800PE.NFO,25/10/2022,09:34:36,101.8,101.85,300,102,100,26400,2913550
NIFTY27OCT2217800PE.NFO,25/10/2022,09:34:37,101.55,101.5,50,101.55,100,2450,2913550
NIFTY27OCT2217800PE.NFO,25/10/2022,09:34:38,102.5,102.4,100,102.65,200,9100,2913550
NIFTY27OCT2217800PE.NFO,25/10/2022,09:34:39,102.9,102.6,600,102.8,150,4950,2913550
NIFTY27OCT2217800PE.NFO,25/10/2022,09:34:40,103.35,103.4,100,103.6,300,9300,2913550
NIFTY27OCT2217800PE.NFO,25/10/2022,09:34:41,103.75,103.7,1150,103.95,1100,10300,2913550
NIFTY27OCT2217800PE.NFO,25/10/2022,09:34:42,103.75,103.7,100,103.9,50,2100,2913550
NIFTY27OCT2217800PE.NFO,25/10/2022,09:34:43,103.8,103.65,550,103.85,50,6000,2913550
NIFTY27OCT2217800PE.NFO,25/10/2022,09:34:45,102.85,102.75,150,102.95,100,5100,2913550
NIFTY27OCT2217800PE.NFO,25/10/2022,09:34:46,102.55,102.3,800,102.55,250,2900,2913550
NIFTY27OCT2217800PE.NFO,25/10/2022,09:34:47,102.9,102.75,50,102.9,1100,5650,2913550
NIFTY27OCT2217800PE.NFO,25/10/2022,09:34:48,102.9,103,750,103.2,50,1400,2913550
NIFTY27OCT2217800PE.NFO,25/10/2022,09:34:49,102.55,102.5,50,102.6,100,4600,2913550
NIFTY27OCT2217800PE.NFO,25/10/2022,09:34:49,102.8,102.6,50,102.8,100,200,2913550
NIFTY27OCT2217800PE.NFO,25/10/2022,09:34:50,102.9,102.65,400,102.85,50,6300,2913550
NIFTY27OCT2217800PE.NFO,25/10/2022,09:34:51,102.25,102,1350,102.15,200,5100,2913550
NIFTY27OCT2217800PE.NFO,25/10/2022,09:34:52,101.85,101.85,50,102.05,50,5350,2913550
NIFTY27OCT2217800PE.NFO,25/10/2022,09:34:54,101.75,102.05,100,102.2,50,2700,2913550
NIFTY27OCT2217800PE.NFO,25/10/2022,09:34:55,102,101.75,50,101.95,50,2650,2913550
NIFTY27OCT2217800PE.NFO,25/10/2022,09:34:56,102.85,102.7,250,102.9,100,6900,2913550
NIFTY27OCT2217800PE.NFO,25/10/2022,09:34:57,101.6,101.6,50,101.85,100,3400,2913550
NIFTY27OCT2217800PE.NFO,25/10/2022,09:34:58,101.4,101.4,100,101.65,100,8400,2913550
NIFTY27OCT2217800PE.NFO,25/10/2022,09:34:58,101.6,101.4,400,101.65,50,750,2913550
NIFTY27OCT2217800PE.NFO,25/10/2022,09:35:00,101.3,101.05,650,101.35,100,7800,2913550
NIFTY27OCT2217800PE.NFO,25/10/2022,09:35:01,100.75,100.75,100,100.95,150,16300,2913550
NIFTY27OCT2217800PE.NFO,25/10/2022,09:35:02,100.25,100.1,100,100.25,50,11650,2913550
NIFTY27OCT2217800PE.NFO,25/10/2022,09:35:03,98.9,98.75,400,98.9,100,69800,2913550
NIFTY27OCT2217800PE.NFO,25/10/2022,09:35:05,98.2,98.2,600,98.5,600,14100,2913550
NIFTY27OCT2217800PE.NFO,25/10/2022,09:35:06,98.3,98.05,500,98.15,150,9200,2913550
NIFTY27OCT2217800PE.NFO,25/10/2022,09:35:07,99,99,50,99.2,500,11000,2913550
NIFTY27OCT2217800PE.NFO,25/10/2022,09:35:08,98.65,98.65,50,98.9,450,12250,2913550
NIFTY27OCT2217800PE.NFO,25/10/2022,09:35:10,98.15,98.45,600,98.7,750,6700,2913550
NIFTY27OCT2217800PE.NFO,25/10/2022,09:35:11,97.95,98,500,98.2,150,23950,2913550
NIFTY27OCT2217800PE.NFO,25/10/2022,09:35:12,98.1,98.1,50,98.3,200,5800,2913550
NIFTY27OCT2217800PE.NFO,25/10/2022,09:35:13,98.55,98.5,100,98.7,2600,8350,2913550
NIFTY27OCT2217800PE.NFO,25/10/2022,09:35:14,97.9,97.65,50,97.9,600,6100,2913550
NIFTY27OCT2217800PE.NFO,25/10/2022,09:35:15,97.4,97.35,550,97.6,200,4900,2913550
NIFTY27OCT2217800PE.NFO,25/10/2022,09:35:16,97.2,97.15,650,97.4,50,11300,2913550
NIFTY27OCT2217800PE.NFO,25/10/2022,09:35:17,97.65,97.5,50,97.65,50,2500,2913550
NIFTY27OCT2217800PE.NFO,25/10/2022,09:35:17,97.35,97.35,100,97.55,200,650,2913550
NIFTY27OCT2217800PE.NFO,25/10/2022,09:35:19,97.9,97.85,450,98.1,200,6000,2913550
NIFTY27OCT2217800PE.NFO,25/10/2022,09:35:20,97.55,97.45,900,97.7,150,8800,2913550
NIFTY27OCT2217800PE.NFO,25/10/2022,09:35:21,96.7,96.55,250,96.7,50,12600,2913550
NIFTY27OCT2217800PE.NFO,25/10/2022,09:35:22,96.95,96.85,50,96.9,950,5000,2913550
NIFTY27OCT2217800PE.NFO,25/10/2022,09:35:23,97.2,97.2,50,97.35,50,5100,2913550
NIFTY27OCT2217800PE.NFO,25/10/2022,09:35:24,96.85,96.7,50,96.9,550,8000,2913550
NIFTY27OCT2217800PE.NFO,25/10/2022,09:35:25,96.85,96.5,200,96.75,100,6750,2913550
NIFTY27OCT2217800PE.NFO,25/10/2022,09:35:26,96.5,96.5,50,96.75,150,6700,2913550
NIFTY27OCT2217800PE.NFO,25/10/2022,09:35:28,97.45,97.3,100,97.55,300,7250,2913550
NIFTY27OCT2217800PE.NFO,25/10/2022,09:35:29,97.75,97.75,50,97.9,150,12400,2913550
NIFTY27OCT2217800PE.NFO,25/10/2022,09:35:30,97.45,97.4,50,97.65,200,2050,2913550
NIFTY27OCT2217800PE.NFO,25/10/2022,09:35:31,97.85,97.8,50,98,100,5350,3002350
NIFTY27OCT2217800PE.NFO,25/10/2022,09:35:32,98.7,98.35,50,98.55,100,12350,3002350
NIFTY27OCT2217800PE.NFO,25/10/2022,09:35:33,97.5,97.2,150,97.45,250,7800,3002350
NIFTY27OCT2217800PE.NFO,25/10/2022,09:35:35,96.9,96.75,100,97,500,5750,3002350
NIFTY27OCT2217800PE.NFO,25/10/2022,09:35:36,96.35,96.35,950,96.55,200,5400,3002350
NIFTY27OCT2217800PE.NFO,25/10/2022,09:35:37,95.55,95.25,150,95.45,50,47350,3002350
NIFTY27OCT2217800PE.NFO,25/10/2022,09:35:38,95.75,95.5,300,95.75,50,4750,3002350
NIFTY27OCT2217800PE.NFO,25/10/2022,09:35:40,97.75,97.7,50,97.8,50,10350,3002350
NIFTY27OCT2217800PE.NFO,25/10/2022,09:35:41,97.95,97.95,50,98.15,200,4300,3002350
NIFTY27OCT2217800PE.NFO,25/10/2022,09:35:42,98.25,98.4,300,98.6,100,6050,3002350
NIFTY27OCT2217800PE.NFO,25/10/2022,09:35:43,98.35,98.5,150,98.7,150,3750,3002350
NIFTY27OCT2217800PE.NFO,25/10/2022,09:35:45,98.5,98.35,50,98.5,550,2200,3002350
NIFTY27OCT2217800PE.NFO,25/10/2022,09:35:46,97.8,97.8,150,98,300,5950,3002350
NIFTY27OCT2217800PE.NFO,25/10/2022,09:35:47,98.15,97.85,50,98.05,50,10750,3002350
NIFTY27OCT2217800PE.NFO,25/10/2022,09:35:48,97.85,97.65,200,97.9,1400,3950,3002350
NIFTY27OCT2217800PE.NFO,25/10/2022,09:35:48,98.1,98.15,150,98.25,100,750,3002350
NIFTY27OCT2217800PE.NFO,25/10/2022,09:35:49,98.05,98.2,350,98.5,700,3100,3002350
