Ticker,Date,Time,LTP,BuyPrice,BuyQty,SellPrice,SellQty,LTQ,OpenInterest
NIFTY27OCT2217800CE.NFO,25/10/2022,09:15:00,80,61.65,300,62.25,400,7500,0
NIFTY27OCT2217800CE.NFO,25/10/2022,09:15:00,80,61.65,300,62.25,400,0,0
NIFTY27OCT2217800CE.NFO,25/10/2022,09:15:00,80,61.65,300,62.25,400,0,0
NIFTY27OCT2217800CE.NFO,25/10/2022,09:15:00,61.55,61.65,300,62.25,400,0,0
NIFTY27OCT2217800CE.NFO,25/10/2022,09:15:01,66.8,67,850,67.1,50,29200,5476150
NIFTY27OCT2217800CE.NFO,25/10/2022,09:15:03,64.45,64.5,450,65.85,300,65150,5476150
NIFTY27OCT2217800CE.NFO,25/10/2022,09:15:05,62.8,62.45,200,62.8,50,86150,5476150
NIFTY27OCT2217800CE.NFO,25/10/2022,09:15:05,61.25,62.45,200,62.8,50,0,5476150
NIFTY27OCT2217800CE.NFO,25/10/2022,09:15:06,59.3,59.3,150,59.6,200,81400,5476150
NIFTY27OCT2217800CE.NFO,25/10/2022,09:15:06,59.15,59.3,150,59.6,200,0,5476150
NIFTY27OCT2217800CE.NFO,25/10/2022,09:15:08,57.55,57.55,150,57.8,150,118100,5476150
NIFTY27OCT2217800CE.NFO,25/10/2022,09:15:08,56.9,57.55,150,57.8,150,0,5476150
NIFTY27OCT2217800CE.NFO,25/10/2022,09:15:10,59.6,59.4,1450,59.6,350,128350,5476150
NIFTY27OCT2217800CE.NFO,25/10/2022,09:15:11,64.3,63.9,400,64.25,450,89550,5476150
NIFTY27OCT2217800CE.NFO,25/10/2022,09:15:13,63.05,63.05,400,63.35,250,91150,5476150
NIFTY27OCT2217800CE.NFO,25/10/2022,09:15:15,62.55,62.25,450,62.55,250,113400,5476150
NIFTY27OCT2217800CE.NFO,25/10/2022,09:15:16,61.9,61.65,50,61.9,350,92900,5476150
NIFTY27OCT2217800CE.NFO,25/10/2022,09:15:18,63,63.05,50,63.25,1350,95150,5476150
NIFTY27OCT2217800CE.NFO,25/10/2022,09:15:20,62.8,62.6,200,62.85,700,76100,5476150
NIFTY27OCT2217800CE.NFO,25/10/2022,09:15:21,60.95,60.7,550,60.95,200,77200,5476150
NIFTY27OCT2217800CE.NFO,25/10/2022,09:15:23,61.95,61.85,550,61.95,1050,66150,5476150
NIFTY27OCT2217800CE.NFO,25/10/2022,09:15:25,62.7,62.7,100,63.1,700,84400,5476150
NIFTY27OCT2217800CE.NFO,25/10/2022,09:15:26,63,63,4100,63.3,450,56300,5476150
NIFTY27OCT2217800CE.NFO,25/10/2022,09:15:28,62.85,62.85,50,63,50,63850,5476150
NIFTY27OCT2217800CE.NFO,25/10/2022,09:15:30,62.2,62.15,800,62.45,650,39400,5476150
NIFTY27OCT2217800CE.NFO,25/10/2022,09:15:31,59.3,59.3,100,59.45,450,109600,5476150
NIFTY27OCT2217800CE.NFO,25/10/2022,09:15:33,60.6,60.35,100,60.55,200,50750,5476150
NIFTY27OCT2217800CE.NFO,25/10/2022,09:15:35,61.65,61.45,50,61.6,200,81650,5476150
NIFTY27OCT2217800CE.NFO,25/10/2022,09:15:36,61.1,60.8,950,61.1,500,40200,5476150
NIFTY27OCT2217800CE.NFO,25/10/2022,09:15:38,61.8,61.8,200,61.95,2200,23550,5476150
NIFTY27OCT2217800CE.NFO,25/10/2022,09:15:40,61.85,61.65,50,61.9,700,53850,5476150
NIFTY27OCT2217800CE.NFO,25/10/2022,09:15:41,61.8,61.8,250,61.95,50,34150,5476150
NIFTY27OCT2217800CE.NFO,25/10/2022,09:15:43,61.55,61.5,300,61.7,100,39750,5476150
NIFTY27OCT2217800CE.NFO,25/10/2022,09:15:44,60.95,60.8,600,60.9,1500,58200,5476150
NIFTY27OCT2217800CE.NFO,25/10/2022,09:15:46,59.85,59.7,300,59.85,250,57750,5476150
NIFTY27OCT2217800CE.NFO,25/10/2022,09:15:47,59.85,59.6,1000,59.85,100,37650,5476150
NIFTY27OCT2217800CE.NFO,25/10/2022,09:15:49,59.65,59.65,550,59.85,1100,35450,5476150
NIFTY27OCT2217800CE.NFO,25/10/2022,09:15:50,59.5,59.25,400,59.45,600,43750,5476150
NIFTY27OCT2217800CE.NFO,25/10/2022,09:15:52,59.5,59.4,50,59.55,400,28950,5476150
NIFTY27OCT2217800CE.NFO,25/10/2022,09:15:53,59.6,59.45,150,59.65,550,27750,5476150
NIFTY27OCT2217800CE.NFO,25/10/2022,09:15:55,58.95,58.75,250,58.95,200,44700,5476150
NIFTY27OCT2217800CE.NFO,25/10/2022,09:15:57,58.3,58.2,100,58.3,200,37550,5476150
NIFTY27OCT2217800CE.NFO,25/10/2022,09:15:58,57.3,57.2,250,57.3,50,47150,5476150
NIFTY27OCT2217800CE.NFO,25/10/2022,09:16:00,57.3,57.15,650,57.35,1100,44400,5476150
NIFTY27OCT2217800CE.NFO,25/10/2022,09:16:02,55.7,55.8,100,56.05,1350,99500,5476150
NIFTY27OCT2217800CE.NFO,25/10/2022,09:16:02,55.65,55.8,100,56.05,1350,0,5476150
NIFTY27OCT2217800CE.NFO,25/10/2022,09:16:03,57.75,57.65,1150,57.75,700,78950,5476150
NIFTY27OCT2217800CE.NFO,25/10/2022,09:16:03,55.6,57.65,1150,57.75,700,0,5476150
NIFTY27OCT2217800CE.NFO,25/10/2022,09:16:05,56.3,56.3,1700,56.35,1750,56100,5476150
NIFTY27OCT2217800CE.NFO,25/10/2022,09:16:07,57.1,57.05,400,57.1,450,33850,5476150
NIFTY27OCT2217800CE.NFO,25/10/2022,09:16:08,55.75,55.55,400,55.7,50,58350,5476150
NIFTY27OCT2217800CE.NFO,25/10/2022,09:16:08,55.2,55.55,400,55.7,50,0,5476150
NIFTY27OCT2217800CE.NFO,25/10/2022,09:16:10,54.45,54.35,350,54.45,200,86050,5476150
NIFTY27OCT2217800CE.NFO,25/10/2022,09:16:10,54.15,54.35,350,54.45,200,0,5476150
NIFTY27OCT2217800CE.NFO,25/10/2022,09:16:12,54.85,54.85,350,55,200,66350,5476150
NIFTY27OCT2217800CE.NFO,25/10/2022,09:16:12,54.05,54.85,350,55,200,0,5476150
NIFTY27OCT2217800CE.NFO,25/10/2022,09:16:13,55.85,55.7,50,55.75,200,65400,5476150
NIFTY27OCT2217800CE.NFO,25/10/2022,09:16:15,56.35,56.35,800,56.5,250,39050,5476150
NIFTY27OCT2217800CE.NFO,25/10/2022,09:16:17,56.55,56.5,450,56.65,500,45900,5476150
NIFTY27OCT2217800CE.NFO,25/10/2022,09:16:18,56.8,56.65,150,56.8,300,45150,5476150
NIFTY27OCT2217800CE.NFO,25/10/2022,09:16:20,56.75,56.7,300,56.85,750,35850,5476150
NIFTY27OCT2217800CE.NFO,25/10/2022,09:16:22,56.75,56.6,250,56.75,250,30300,5476150
NIFTY27OCT2217800CE.NFO,25/10/2022,09:16:23,57.15,57.3,100,57.35,100,46200,5476150
NIFTY27OCT2217800CE.NFO,25/10/2022,09:16:25,58,57.85,1050,58,350,45100,5476150
NIFTY27OCT2217800CE.NFO,25/10/2022,09:16:27,58.75,58.7,100,58.8,350,45450,5476150
NIFTY27OCT2217800CE.NFO,25/10/2022,09:16:28,58.9,58.9,100,59,550,38850,5476150
NIFTY27OCT2217800CE.NFO,25/10/2022,09:16:30,58.45,58.25,500,58.4,750,32550,5476150
NIFTY27OCT2217800CE.NFO,25/10/2022,09:16:31,58.3,58.2,500,58.35,1350,62400,5476150
NIFTY27OCT2217800CE.NFO,25/10/2022,09:16:33,59.15,59.15,450,59.25,50,53350,5476150
NIFTY27OCT2217800CE.NFO,25/10/2022,09:16:35,59.85,59.85,500,59.95,200,46150,5476150
NIFTY27OCT2217800CE.NFO,25/10/2022,09:16:36,59.85,59.7,1200,59.9,750,70200,5476150
NIFTY27OCT2217800CE.NFO,25/10/2022,09:16:38,58.8,58.8,150,58.9,200,45250,5476150
NIFTY27OCT2217800CE.NFO,25/10/2022,09:16:40,59.15,59.05,50,59.15,300,44350,5476150
NIFTY27OCT2217800CE.NFO,25/10/2022,09:16:41,57.45,57.3,350,57.4,100,64200,5476150
NIFTY27OCT2217800CE.NFO,25/10/2022,09:16:43,57.2,57.1,350,57.2,50,45500,5476150
NIFTY27OCT2217800CE.NFO,25/10/2022,09:16:45,56.4,56.25,50,56.4,450,111000,5476150
NIFTY27OCT2217800CE.NFO,25/10/2022,09:16:46,56.1,56.15,150,56.25,50,37550,5476150
NIFTY27OCT2217800CE.NFO,25/10/2022,09:16:48,56.05,56,300,56.15,200,26200,5476150
NIFTY27OCT2217800CE.NFO,25/10/2022,09:16:49,55.7,55.55,100,55.7,600,27400,5476150
NIFTY27OCT2217800CE.NFO,25/10/2022,09:16:51,54.9,54.85,350,54.9,50,53200,5476150
NIFTY27OCT2217800CE.NFO,25/10/2022,09:16:53,54.9,54.9,150,55,200,26250,5476150
NIFTY27OCT2217800CE.NFO,25/10/2022,09:16:54,55.7,55.6,450,55.7,50,45800,5476150
NIFTY27OCT2217800CE.NFO,25/10/2022,09:16:56,54.5,54.35,300,54.5,350,42700,5476150
NIFTY27OCT2217800CE.NFO,25/10/2022,09:16:58,53.8,53.8,300,53.95,350,60700,5476150
NIFTY27OCT2217800CE.NFO,25/10/2022,09:16:58,53.65,53.8,300,53.95,350,0,5476150
NIFTY27OCT2217800CE.NFO,25/10/2022,09:16:59,53.55,53.3,1500,53.5,300,40350,5476150
NIFTY27OCT2217800CE.NFO,25/10/2022,09:16:59,53.1,53.3,1500,53.5,300,0,5476150
NIFTY27OCT2217800CE.NFO,25/10/2022,09:17:01,51.6,51.6,50,51.65,700,63750,5476150
NIFTY27OCT2217800CE.NFO,25/10/2022,09:17:01,51.6,51.6,50,51.65,700,0,5476150
NIFTY27OCT2217800CE.NFO,25/10/2022,09:17:03,51.3,51.3,400,51.4,50,96300,5476150
NIFTY27OCT2217800CE.NFO,25/10/2022,09:17:03,50.35,51.3,400,51.4,50,0,5476150
NIFTY27OCT2217800CE.NFO,25/10/2022,09:17:04,52.5,52.4,1550,52.5,650,91650,5476150
NIFTY27OCT2217800CE.NFO,25/10/2022,09:17:06,53,52.9,450,53,150,58100,5476150
NIFTY27OCT2217800CE.NFO,25/10/2022,09:17:08,52.95,52.85,400,52.95,550,60850,5476150
NIFTY27OCT2217800CE.NFO,25/10/2022,09:17:09,51.4,51.25,2700,51.4,300,79750,5476150
NIFTY27OCT2217800CE.NFO,25/10/2022,09:17:11,53.45,53.55,150,53.65,50,83400,5476150
NIFTY27OCT2217800CE.NFO,25/10/2022,09:17:13,54.1,53.95,200,54.05,400,60750,5476150
NIFTY27OCT2217800CE.NFO,25/10/2022,09:17:14,51.75,51.7,400,51.8,50,60250,5476150
NIFTY27OCT2217800CE.NFO,25/10/2022,09:17:16,52.25,52.1,50,52.25,300,77600,5476150
NIFTY27OCT2217800CE.NFO,25/10/2022,09:17:18,51.5,51.3,500,51.5,900,70100,5476150
NIFTY27OCT2217800CE.NFO,25/10/2022,09:17:19,51.1,51,100,51.1,500,94450,5476150
NIFTY27OCT2217800CE.NFO,25/10/2022,09:17:21,50.3,50.2,900,50.35,350,119600,5476150
NIFTY27OCT2217800CE.NFO,25/10/2022,09:17:21,50,50.2,900,50.35,350,0,5476150
NIFTY27OCT2217800CE.NFO,25/10/2022,09:17:23,51.1,50.95,400,51.1,300,80000,5476150
NIFTY27OCT2217800CE.NFO,25/10/2022,09:17:24,51.5,51.5,1500,51.65,400,82900,5476150
NIFTY27OCT2217800CE.NFO,25/10/2022,09:17:26,50.9,50.75,800,50.9,450,61800,5476150
NIFTY27OCT2217800CE.NFO,25/10/2022,09:17:28,51.2,51.05,200,51.15,300,37900,5476150
NIFTY27OCT2217800CE.NFO,25/10/2022,09:17:29,51.45,51.45,500,51.6,2800,50700,5476150
NIFTY27OCT2217800CE.NFO,25/10/2022,09:17:31,53.6,53.4,1500,53.55,100,70600,6420750
NIFTY27OCT2217800CE.NFO,25/10/2022,09:17:33,53.45,53.4,250,53.55,1250,73350,6420750
NIFTY27OCT2217800CE.NFO,25/10/2022,09:17:35,52.4,52.4,50,52.45,100,67650,6420750
NIFTY27OCT2217800CE.NFO,25/10/2022,09:17:36,53.7,53.65,1050,53.75,100,42000,6420750
NIFTY27OCT2217800CE.NFO,25/10/2022,09:17:38,53.7,53.5,700,53.65,400,31750,6420750
NIFTY27OCT2217800CE.NFO,25/10/2022,09:17:40,53.3,53.3,250,53.35,250,74500,6420750
NIFTY27OCT2217800CE.NFO,25/10/2022,09:17:41,53.1,53.15,650,53.3,400,42600,6420750
NIFTY27OCT2217800CE.NFO,25/10/2022,09:17:43,52.95,52.9,700,52.95,50,40950,6420750
NIFTY27OCT2217800CE.NFO,25/10/2022,09:17:45,52.7,52.65,50,52.75,700,57950,6420750
NIFTY27OCT2217800CE.NFO,25/10/2022,09:17:46,52.25,52.05,50,52.15,650,61800,6420750
NIFTY27OCT2217800CE.NFO,25/10/2022,09:17:48,52,52,100,52.1,250,39300,6420750
NIFTY27OCT2217800CE.NFO,25/10/2022,09:17:50,52.05,51.9,800,52.05,600,23350,6420750
NIFTY27OCT2217800CE.NFO,25/10/2022,09:17:51,51.3,51.2,50,51.25,250,24350,6420750
NIFTY27OCT2217800CE.NFO,25/10/2022,09:17:53,51.55,51.45,900,51.6,200,33350,6420750
NIFTY27OCT2217800CE.NFO,25/10/2022,09:17:55,50.65,50.5,200,50.6,300,58400,6420750
NIFTY27OCT2217800CE.NFO,25/10/2022,09:17:56,50.95,50.85,200,50.9,700,29900,6420750
NIFTY27OCT2217800CE.NFO,25/10/2022,09:17:58,50.35,50.2,350,50.35,1300,81350,6420750
NIFTY27OCT2217800CE.NFO,25/10/2022,09:18:00,49.85,49.85,200,49.9,1050,64900,6420750
NIFTY27OCT2217800CE.NFO,25/10/2022,09:18:00,49.8,49.85,200,49.9,1050,0,6420750
NIFTY27OCT2217800CE.NFO,25/10/2022,09:18:01,48.3,48.3,300,48.4,50,92350,6420750
NIFTY27OCT2217800CE.NFO,25/10/2022,09:18:01,48.2,48.3,300,48.4,50,0,6420750
NIFTY27OCT2217800CE.NFO,25/10/2022,09:18:03,48.15,48.1,1500,48.25,450,85950,6420750
NIFTY27OCT2217800CE.NFO,25/10/2022,09:18:03,47.8,48.1,1500,48.25,450,0,6420750
NIFTY27OCT2217800CE.NFO,25/10/2022,09:18:05,49,49,1450,49.05,400,79950,6420750
NIFTY27OCT2217800CE.NFO,25/10/2022,09:18:05,47.35,49,1450,49.05,400,0,6420750
NIFTY27OCT2217800CE.NFO,25/10/2022,09:18:06,47.85,47.7,100,47.85,1600,85350,6420750
NIFTY27OCT2217800CE.NFO,25/10/2022,09:18:08,48,47.85,450,47.95,150,64050,6420750
NIFTY27OCT2217800CE.NFO,25/10/2022,09:18:10,47.85,47.7,250,47.85,350,66850,6420750
NIFTY27OCT2217800CE.NFO,25/10/2022,09:18:10,47.05,47.7,250,47.85,350,0,6420750
NIFTY27OCT2217800CE.NFO,25/10/2022,09:18:11,48.55,48.45,950,48.6,550,68900,6420750
NIFTY27OCT2217800CE.NFO,25/10/2022,09:18:13,48,48,50,48.05,1800,62950,6420750
NIFTY27OCT2217800CE.NFO,25/10/2022,09:18:15,47.3,47.2,50,47.25,700,59800,6420750
NIFTY27OCT2217800CE.NFO,25/10/2022,09:18:15,46.75,47.2,50,47.25,700,0,6420750
NIFTY27OCT2217800CE.NFO,25/10/2022,09:18:16,46.15,46.05,600,46.15,150,53350,6420750
NIFTY27OCT2217800CE.NFO,25/10/2022,09:18:16,45.9,46.05,600,46.15,150,0,6420750
NIFTY27OCT2217800CE.NFO,25/10/2022,09:18:18,47.1,47.05,150,47.15,100,58350,6420750
NIFTY27OCT2217800CE.NFO,25/10/2022,09:18:20,46.55,46.5,450,46.55,1600,42350,6420750
NIFTY27OCT2217800CE.NFO,25/10/2022,09:18:21,46.25,46.15,850,46.3,750,42500,6420750
NIFTY27OCT2217800CE.NFO,25/10/2022,09:18:21,45.4,46.15,850,46.3,750,0,6420750
NIFTY27OCT2217800CE.NFO,25/10/2022,09:18:23,47.95,47.85,250,47.95,900,46600,6420750
NIFTY27OCT2217800CE.NFO,25/10/2022,09:18:25,48.7,48.65,50,48.7,150,69000,6420750
NIFTY27OCT2217800CE.NFO,25/10/2022,09:18:26,50,49.95,200,50.05,650,98800,6420750
NIFTY27OCT2217800CE.NFO,25/10/2022,09:18:28,50,49.95,550,50,650,32800,6420750
NIFTY27OCT2217800CE.NFO,25/10/2022,09:18:30,51.55,51.5,150,51.55,150,48200,6420750
NIFTY27OCT2217800CE.NFO,25/10/2022,09:18:31,51.95,51.8,450,51.95,2100,58150,6420750
NIFTY27OCT2217800CE.NFO,25/10/2022,09:18:33,52.4,52.25,400,52.45,800,79250,6420750
NIFTY27OCT2217800CE.NFO,25/10/2022,09:18:35,51.95,51.85,400,52,850,80500,6420750
NIFTY27OCT2217800CE.NFO,25/10/2022,09:18:36,52.3,52.15,750,52.3,500,58500,6420750
NIFTY27OCT2217800CE.NFO,25/10/2022,09:18:38,52.1,52,150,52.15,150,49150,6420750
NIFTY27OCT2217800CE.NFO,25/10/2022,09:18:40,52.7,52.7,1650,52.8,50,49350,6420750
NIFTY27OCT2217800CE.NFO,25/10/2022,09:18:41,52.4,52.25,350,52.4,650,75100,6420750
NIFTY27OCT2217800CE.NFO,25/10/2022,09:18:43,52.6,52.55,400,52.7,900,27400,6420750
NIFTY27OCT2217800CE.NFO,25/10/2022,09:18:45,50.4,50.3,1250,50.4,50,53150,6420750
NIFTY27OCT2217800CE.NFO,25/10/2022,09:18:46,52,52,1100,52.15,550,61800,6420750
NIFTY27OCT2217800CE.NFO,25/10/2022,09:18:48,49.65,49.65,650,49.7,150,67000,6420750
NIFTY27OCT2217800CE.NFO,25/10/2022,09:18:50,50.95,50.9,350,51,1600,28450,6420750
NIFTY27OCT2217800CE.NFO,25/10/2022,09:18:51,49.8,49.7,150,49.85,900,25800,6420750
NIFTY27OCT2217800CE.NFO,25/10/2022,09:18:53,48.75,48.65,650,48.75,300,22350,6420750
NIFTY27OCT2217800CE.NFO,25/10/2022,09:18:55,48.75,48.75,200,48.85,650,34250,6420750
NIFTY27OCT2217800CE.NFO,25/10/2022,09:18:56,48.95,48.8,600,48.95,1100,55150,6420750
NIFTY27OCT2217800CE.NFO,25/10/2022,09:18:58,49.2,49.1,450,49.25,750,26800,6420750
NIFTY27OCT2217800CE.NFO,25/10/2022,09:19:00,50.65,50.6,50,50.65,450,29050,6420750
NIFTY27OCT2217800CE.NFO,25/10/2022,09:19:01,50.9,50.8,1250,50.9,500,49900,6420750
NIFTY27OCT2217800CE.NFO,25/10/2022,09:19:03,51.3,51.3,250,51.35,400,34750,6420750
NIFTY27OCT2217800CE.NFO,25/10/2022,09:19:05,51.6,51.65,50,51.75,250,27100,6420750
NIFTY27OCT2217800CE.NFO,25/10/2022,09:19:06,51.15,51.05,250,51.15,1500,39050,6420750
NIFTY27OCT2217800CE.NFO,25/10/2022,09:19:08,50.8,50.7,50,50.8,450,27150,6420750
NIFTY27OCT2217800CE.NFO,25/10/2022,09:19:10,50.35,50.35,150,50.5,700,16650,6420750
NIFTY27OCT2217800CE.NFO,25/10/2022,09:19:11,51.2,51.1,150,51.2,50,23300,6420750
NIFTY27OCT2217800CE.NFO,25/10/2022,09:19:13,50.95,50.85,550,51,1800,28700,6420750
NIFTY27OCT2217800CE.NFO,25/10/2022,09:19:15,51.7,51.7,650,51.8,150,34050,6420750
NIFTY27OCT2217800CE.NFO,25/10/2022,09:19:16,50.9,50.95,200,51.05,250,27550,6420750
NIFTY27OCT2217800CE.NFO,25/10/2022,09:19:18,51.8,51.75,300,51.85,450,17750,6420750
NIFTY27OCT2217800CE.NFO,25/10/2022,09:19:20,50.9,50.8,300,50.95,700,34050,6420750
NIFTY27OCT2217800CE.NFO,25/10/2022,09:19:21,52.3,52.25,200,52.35,2050,27700,6420750
NIFTY27OCT2217800CE.NFO,25/10/2022,09:19:23,51.95,51.95,300,52.05,50,14900,6420750
NIFTY27OCT2217800CE.NFO,25/10/2022,09:19:25,52.05,52.05,350,52.2,600,27000,6420750
NIFTY27OCT2217800CE.NFO,25/10/2022,09:19:26,51.55,51.55,400,51.65,1150,23250,6420750
NIFTY27OCT2217800CE.NFO,25/10/2022,09:19:28,51.95,51.9,150,52,250,24500,6420750
NIFTY27OCT2217800CE.NFO,25/10/2022,09:19:29,51.9,51.9,100,51.95,1700,21150,6420750
NIFTY27OCT2217800CE.NFO,25/10/2022,09:19:31,51.45,51.35,2450,51.5,500,23400,6420750
NIFTY27OCT2217800CE.NFO,25/10/2022,09:19:33,51.85,51.8,200,51.9,150,21500,6420750
NIFTY27OCT2217800CE.NFO,25/10/2022,09:19:34,52.2,52.05,600,52.2,450,34600,6420750
NIFTY27OCT2217800CE.NFO,25/10/2022,09:19:36,52.2,52.2,1200,52.35,350,21750,6420750
NIFTY27OCT2217800CE.NFO,25/10/2022,09:19:38,52,51.9,200,51.95,350,14950,6420750
NIFTY27OCT2217800CE.NFO,25/10/2022,09:19:39,51.75,51.65,750,51.8,850,17950,6420750
NIFTY27OCT2217800CE.NFO,25/10/2022,09:19:41,52.4,52.35,550,52.5,850,29000,6420750
NIFTY27OCT2217800CE.NFO,25/10/2022,09:19:43,52,52.05,350,52.2,600,23200,6420750
NIFTY27OCT2217800CE.NFO,25/10/2022,09:19:44,51.4,51.3,350,51.4,1700,26000,6420750
NIFTY27OCT2217800CE.NFO,25/10/2022,09:19:46,51.25,51.3,400,51.4,100,18550,6420750
NIFTY27OCT2217800CE.NFO,25/10/2022,09:19:48,51.65,51.5,500,51.65,100,21500,6420750
NIFTY27OCT2217800CE.NFO,25/10/2022,09:19:49,51.2,51.15,2350,51.2,1800,18550,6420750
NIFTY27OCT2217800CE.NFO,25/10/2022,09:19:51,49.75,49.7,550,49.75,50,79950,6420750
NIFTY27OCT2217800CE.NFO,25/10/2022,09:19:53,50.95,50.8,50,50.95,900,19000,6420750
NIFTY27OCT2217800CE.NFO,25/10/2022,09:19:55,50.85,50.75,100,50.85,500,20050,6420750
NIFTY27OCT2217800CE.NFO,25/10/2022,09:19:56,49.7,49.55,500,49.7,1950,17300,6420750
NIFTY27OCT2217800CE.NFO,25/10/2022,09:19:58,50.15,50,500,50.1,150,19800,6420750
NIFTY27OCT2217800CE.NFO,25/10/2022,09:20:00,49.65,49.65,1950,49.7,150,18600,6420750
NIFTY27OCT2217800CE.NFO,25/10/2022,09:20:01,47.5,47.45,1300,47.6,850,87450,6420750
NIFTY27OCT2217800CE.NFO,25/10/2022,09:20:03,47.35,47.35,450,47.5,150,41450,6420750
NIFTY27OCT2217800CE.NFO,25/10/2022,09:20:05,47.5,47.4,350,47.5,50,52250,6420750
NIFTY27OCT2217800CE.NFO,25/10/2022,09:20:06,47.8,47.8,50,47.85,300,26850,6420750
NIFTY27OCT2217800CE.NFO,25/10/2022,09:20:08,48.15,48.2,350,48.3,1000,15950,6420750
NIFTY27OCT2217800CE.NFO,25/10/2022,09:20:09,47.05,47.1,100,47.15,300,37400,6420750
NIFTY27OCT2217800CE.NFO,25/10/2022,09:20:11,49,48.85,3050,49,750,30450,6420750
NIFTY27OCT2217800CE.NFO,25/10/2022,09:20:12,50.05,50.05,450,50.15,1050,28000,6420750
NIFTY27OCT2217800CE.NFO,25/10/2022,09:20:14,50.25,50,2250,50.15,600,28750,6420750
NIFTY27OCT2217800CE.NFO,25/10/2022,09:20:16,49.5,49.4,350,49.45,50,16600,6420750
NIFTY27OCT2217800CE.NFO,25/10/2022,09:20:17,49.15,49.1,700,49.2,1250,21650,6420750
NIFTY27OCT2217800CE.NFO,25/10/2022,09:20:19,48.75,48.65,100,48.75,400,22150,6420750
NIFTY27OCT2217800CE.NFO,25/10/2022,09:20:20,48.15,48.15,1450,48.25,600,20850,6420750
NIFTY27OCT2217800CE.NFO,25/10/2022,09:20:22,48.35,48.2,300,48.3,700,22350,6420750
NIFTY27OCT2217800CE.NFO,25/10/2022,09:20:24,48.05,48.05,500,48.15,1050,19200,6420750
NIFTY27OCT2217800CE.NFO,25/10/2022,09:20:25,47.7,47.6,1150,47.75,700,22350,6420750
NIFTY27OCT2217800CE.NFO,25/10/2022,09:20:27,47.2,47.1,2100,47.2,900,14600,6420750
NIFTY27OCT2217800CE.NFO,25/10/2022,09:20:29,47.35,47.3,600,47.45,1550,29400,6420750
NIFTY27OCT2217800CE.NFO,25/10/2022,09:20:30,47,47,50,47.1,750,60350,7053900
NIFTY27OCT2217800CE.NFO,25/10/2022,09:20:32,47.9,47.85,1200,47.95,150,38250,7053900
NIFTY27OCT2217800CE.NFO,25/10/2022,09:20:33,48.35,48.3,750,48.4,850,24400,7053900
NIFTY27OCT2217800CE.NFO,25/10/2022,09:20:35,49.5,49.5,50,49.6,1750,24150,7053900
NIFTY27OCT2217800CE.NFO,25/10/2022,09:20:37,48.85,48.65,400,48.8,2150,21400,7053900
NIFTY27OCT2217800CE.NFO,25/10/2022,09:20:38,48.5,48.5,700,48.6,650,26750,7053900
NIFTY27OCT2217800CE.NFO,25/10/2022,09:20:40,48.3,48.15,1450,48.3,1600,26600,7053900
NIFTY27OCT2217800CE.NFO,25/10/2022,09:20:42,47.95,47.85,150,47.9,700,15500,7053900
NIFTY27OCT2217800CE.NFO,25/10/2022,09:20:43,48.05,48.05,450,48.2,800,20800,7053900
NIFTY27OCT2217800CE.NFO,25/10/2022,09:20:45,47.9,47.85,50,47.9,500,10300,7053900
NIFTY27OCT2217800CE.NFO,25/10/2022,09:20:46,47.85,47.75,150,47.85,650,41800,7053900
NIFTY27OCT2217800CE.NFO,25/10/2022,09:20:48,47.7,47.6,1400,47.75,300,17850,7053900
NIFTY27OCT2217800CE.NFO,25/10/2022,09:20:49,47.7,47.65,50,47.75,50,9350,7053900
NIFTY27OCT2217800CE.NFO,25/10/2022,09:20:50,46.5,46.5,450,46.55,50,42500,7053900
NIFTY27OCT2217800CE.NFO,25/10/2022,09:20:52,46.1,46.1,350,46.2,550,38500,7053900
NIFTY27OCT2217800CE.NFO,25/10/2022,09:20:53,46.35,46.35,1350,46.4,350,34600,7053900
NIFTY27OCT2217800CE.NFO,25/10/2022,09:20:55,46.3,46.3,50,46.45,600,25400,7053900
NIFTY27OCT2217800CE.NFO,25/10/2022,09:20:57,46,45.95,50,46,50,17200,7053900
NIFTY27OCT2217800CE.NFO,25/10/2022,09:20:58,45.5,45.5,1900,45.65,150,30100,7053900
NIFTY27OCT2217800CE.NFO,25/10/2022,09:21:00,45.2,45.2,950,45.3,700,19850,7053900
NIFTY27OCT2217800CE.NFO,25/10/2022,09:21:00,45.2,45.2,950,45.3,700,0,7053900
NIFTY27OCT2217800CE.NFO,25/10/2022,09:21:01,45.7,45.45,650,45.55,550,62550,7053900
NIFTY27OCT2217800CE.NFO,25/10/2022,09:21:01,45,45.45,650,45.55,550,0,7053900
NIFTY27OCT2217800CE.NFO,25/10/2022,09:21:03,45.2,45.2,50,45.25,550,15550,7053900
NIFTY27OCT2217800CE.NFO,25/10/2022,09:21:04,45.25,45.25,1900,45.4,800,30550,7053900
NIFTY27OCT2217800CE.NFO,25/10/2022,09:21:06,45,45,600,45.1,150,76700,7053900
NIFTY27OCT2217800CE.NFO,25/10/2022,09:21:06,44.35,45,600,45.1,150,0,7053900
NIFTY27OCT2217800CE.NFO,25/10/2022,09:21:08,45.65,45.65,800,45.75,350,33250,7053900
NIFTY27OCT2217800CE.NFO,25/10/2022,09:21:09,45.4,45.3,250,45.35,900,28250,7053900
NIFTY27OCT2217800CE.NFO,25/10/2022,09:21:11,45.8,45.8,450,45.9,50,28250,7053900
NIFTY27OCT2217800CE.NFO,25/10/2022,09:21:12,45.9,45.8,1250,45.95,700,17500,7053900
NIFTY27OCT2217800CE.NFO,25/10/2022,09:21:14,45.7,45.5,1200,45.55,100,19700,7053900
NIFTY27OCT2217800CE.NFO,25/10/2022,09:21:15,45.45,45.3,750,45.45,2200,37350,7053900
NIFTY27OCT2217800CE.NFO,25/10/2022,09:21:17,45.4,45.3,950,45.4,100,44300,7053900
NIFTY27OCT2217800CE.NFO,25/10/2022,09:21:19,45.85,45.8,600,45.85,550,29400,7053900
NIFTY27OCT2217800CE.NFO,25/10/2022,09:21:20,45.5,45.45,1150,45.55,50,34800,7053900
NIFTY27OCT2217800CE.NFO,25/10/2022,09:21:22,45.6,45.4,2450,45.55,150,24400,7053900
NIFTY27OCT2217800CE.NFO,25/10/2022,09:21:23,45.55,45.55,300,45.7,3050,20200,7053900
NIFTY27OCT2217800CE.NFO,25/10/2022,09:21:25,45.4,45.3,1300,45.4,850,30750,7053900
NIFTY27OCT2217800CE.NFO,25/10/2022,09:21:26,45.3,45.15,750,45.3,1450,12550,7053900
NIFTY27OCT2217800CE.NFO,25/10/2022,09:21:28,45.4,45.35,800,45.4,50,13750,7053900
NIFTY27OCT2217800CE.NFO,25/10/2022,09:21:29,45.15,45.05,150,45.15,50,15900,7053900
NIFTY27OCT2217800CE.NFO,25/10/2022,09:21:30,45.3,45.05,400,45.15,250,59950,7053900
NIFTY27OCT2217800CE.NFO,25/10/2022,09:21:32,45.05,45.05,750,45.15,50,15700,7053900
NIFTY27OCT2217800CE.NFO,25/10/2022,09:21:33,43.9,43.9,600,43.95,150,46750,7053900
NIFTY27OCT2217800CE.NFO,25/10/2022,09:21:33,43.9,43.9,600,43.95,150,0,7053900
NIFTY27OCT2217800CE.NFO,25/10/2022,09:21:35,44,44,500,44.1,50,23100,7053900
NIFTY27OCT2217800CE.NFO,25/10/2022,09:21:35,43.75,44,500,44.1,50,0,7053900
NIFTY27OCT2217800CE.NFO,25/10/2022,09:21:36,44.35,44.35,2200,44.45,1600,23900,7053900
NIFTY27OCT2217800CE.NFO,25/10/2022,09:21:36,43.7,44.35,2200,44.45,1600,0,7053900
NIFTY27OCT2217800CE.NFO,25/10/2022,09:21:38,44.45,44.45,500,44.55,200,20300,7053900
NIFTY27OCT2217800CE.NFO,25/10/2022,09:21:39,44.65,44.55,1850,44.65,500,6900,7053900
NIFTY27OCT2217800CE.NFO,25/10/2022,09:21:40,43.9,43.9,850,44.05,200,21000,7053900
NIFTY27OCT2217800CE.NFO,25/10/2022,09:21:41,44.25,44.15,1100,44.25,1400,9950,7053900
NIFTY27OCT2217800CE.NFO,25/10/2022,09:21:43,43.1,42.9,50,43.1,3200,48250,7053900
NIFTY27OCT2217800CE.NFO,25/10/2022,09:21:43,42.95,42.9,50,43.1,3200,0,7053900
NIFTY27OCT2217800CE.NFO,25/10/2022,09:21:44,42.75,42.65,100,42.75,800,20200,7053900
NIFTY27OCT2217800CE.NFO,25/10/2022,09:21:44,42.5,42.65,100,42.75,800,0,7053900
NIFTY27OCT2217800CE.NFO,25/10/2022,09:21:46,42.45,42.45,1300,42.55,50,65050,7053900
NIFTY27OCT2217800CE.NFO,25/10/2022,09:21:46,41.8,42.45,1300,42.55,50,0,7053900
NIFTY27OCT2217800CE.NFO,25/10/2022,09:21:48,42.95,42.85,2750,42.95,100,44350,7053900
NIFTY27OCT2217800CE.NFO,25/10/2022,09:21:49,43.2,43.05,650,43.15,100,17600,7053900
NIFTY27OCT2217800CE.NFO,25/10/2022,09:21:51,43.25,43.25,1350,43.3,450,42200,7053900
NIFTY27OCT2217800CE.NFO,25/10/2022,09:21:53,43.4,43.35,1150,43.4,50,25550,7053900
NIFTY27OCT2217800CE.NFO,25/10/2022,09:21:54,43.8,43.75,450,43.85,200,27800,7053900
NIFTY27OCT2217800CE.NFO,25/10/2022,09:21:56,43.9,43.9,400,44,1700,27000,7053900
NIFTY27OCT2217800CE.NFO,25/10/2022,09:21:57,44.5,44.4,1050,44.5,750,23300,7053900
NIFTY27OCT2217800CE.NFO,25/10/2022,09:21:59,44.5,44.5,1850,44.55,1050,26000,7053900
NIFTY27OCT2217800CE.NFO,25/10/2022,09:22:00,44.05,44.05,50,44.1,1000,17750,7053900
NIFTY27OCT2217800CE.NFO,25/10/2022,09:22:02,44.35,44.3,1100,44.45,1350,17550,7053900
NIFTY27OCT2217800CE.NFO,25/10/2022,09:22:03,44.25,44.25,250,44.4,2600,12850,7053900
NIFTY27OCT2217800CE.NFO,25/10/2022,09:22:04,43.8,43.6,200,43.7,400,19750,7053900
NIFTY27OCT2217800CE.NFO,25/10/2022,09:22:06,44.25,44.15,200,44.25,600,31300,7053900
NIFTY27OCT2217800CE.NFO,25/10/2022,09:22:07,43.8,43.7,1200,43.85,600,12850,7053900
NIFTY27OCT2217800CE.NFO,25/10/2022,09:22:09,43.65,43.65,150,43.75,400,18500,7053900
NIFTY27OCT2217800CE.NFO,25/10/2022,09:22:10,43,43,1000,43.05,600,22000,7053900
NIFTY27OCT2217800CE.NFO,25/10/2022,09:22:11,43.25,43.15,400,43.25,200,16900,7053900
NIFTY27OCT2217800CE.NFO,25/10/2022,09:22:13,43.6,43.45,1350,43.55,300,17850,7053900
NIFTY27OCT2217800CE.NFO,25/10/2022,09:22:14,43.45,43.45,1100,43.55,200,9800,7053900
NIFTY27OCT2217800CE.NFO,25/10/2022,09:22:16,44.25,44.2,750,44.3,850,27850,7053900
NIFTY27OCT2217800CE.NFO,25/10/2022,09:22:17,44.65,44.45,550,44.55,850,15050,7053900
NIFTY27OCT2217800CE.NFO,25/10/2022,09:22:19,44.55,44.4,400,44.5,550,11500,7053900
NIFTY27OCT2217800CE.NFO,25/10/2022,09:22:20,44.4,44.5,850,44.55,300,15950,7053900
NIFTY27OCT2217800CE.NFO,25/10/2022,09:22:22,43.15,43.1,400,43.2,1950,36350,7053900
NIFTY27OCT2217800CE.NFO,25/10/2022,09:22:23,43.75,43.55,250,43.65,100,28200,7053900
NIFTY27OCT2217800CE.NFO,25/10/2022,09:22:25,43.7,43.7,150,43.75,50,16350,7053900
NIFTY27OCT2217800CE.NFO,25/10/2022,09:22:26,43.15,43.05,1500,43.15,600,15800,7053900
NIFTY27OCT2217800CE.NFO,25/10/2022,09:22:27,43.25,43.2,950,43.25,200,15350,7053900
NIFTY27OCT2217800CE.NFO,25/10/2022,09:22:28,43.15,43.1,100,43.15,100,7450,7053900
NIFTY27OCT2217800CE.NFO,25/10/2022,09:22:30,42.9,42.8,250,42.9,300,12700,7053900
NIFTY27OCT2217800CE.NFO,25/10/2022,09:22:31,42.85,42.7,550,42.85,1400,19100,7053900
NIFTY27OCT2217800CE.NFO,25/10/2022,09:22:33,42.35,42.25,400,42.35,50,53550,7053900
NIFTY27OCT2217800CE.NFO,25/10/2022,09:22:33,41.65,42.25,400,42.35,50,0,7053900
NIFTY27OCT2217800CE.NFO,25/10/2022,09:22:35,42,42,50,42.1,1000,17450,7053900
NIFTY27OCT2217800CE.NFO,25/10/2022,09:22:36,42.35,42.25,3300,42.4,100,16900,7053900
NIFTY27OCT2217800CE.NFO,25/10/2022,09:22:37,42.6,42.5,200,42.65,350,45350,7053900
NIFTY27OCT2217800CE.NFO,25/10/2022,09:22:39,42.6,42.65,950,42.7,50,29750,7053900
NIFTY27OCT2217800CE.NFO,25/10/2022,09:22:40,42.45,42.35,500,42.45,50,10550,7053900
NIFTY27OCT2217800CE.NFO,25/10/2022,09:22:42,42.65,42.55,150,42.65,150,12650,7053900
NIFTY27OCT2217800CE.NFO,25/10/2022,09:22:43,42.9,42.75,300,42.9,900,22550,7053900
NIFTY27OCT2217800CE.NFO,25/10/2022,09:22:45,43,42.9,150,43,4900,34800,7053900
NIFTY27OCT2217800CE.NFO,25/10/2022,09:22:46,43.15,43.2,100,43.3,550,40800,7053900
NIFTY27OCT2217800CE.NFO,25/10/2022,09:22:48,42.4,42.4,150,42.5,3200,26350,7053900
NIFTY27OCT2217800CE.NFO,25/10/2022,09:22:49,42.7,42.6,1100,42.7,350,14200,7053900
NIFTY27OCT2217800CE.NFO,25/10/2022,09:22:51,42.25,42.2,1550,42.3,150,19300,7053900
NIFTY27OCT2217800CE.NFO,25/10/2022,09:22:52,42.55,42.45,300,42.55,200,11200,7053900
NIFTY27OCT2217800CE.NFO,25/10/2022,09:22:53,42.35,42.35,2300,42.45,3550,12800,7053900
NIFTY27OCT2217800CE.NFO,25/10/2022,09:22:55,42.8,42.65,200,42.75,50,14050,7053900
NIFTY27OCT2217800CE.NFO,25/10/2022,09:22:56,42.7,42.55,4250,42.7,650,12650,7053900
NIFTY27OCT2217800CE.NFO,25/10/2022,09:22:57,42.9,42.9,200,43,5100,19300,7053900
NIFTY27OCT2217800CE.NFO,25/10/2022,09:22:59,42.8,42.8,300,42.95,1150,20400,7053900
NIFTY27OCT2217800CE.NFO,25/10/2022,09:23:00,42.95,42.75,750,42.85,100,18050,7053900
NIFTY27OCT2217800CE.NFO,25/10/2022,09:23:01,42.35,42.3,250,42.4,850,21150,7053900
NIFTY27OCT2217800CE.NFO,25/10/2022,09:23:03,42.95,42.85,50,42.9,800,9950,7053900
NIFTY27OCT2217800CE.NFO,25/10/2022,09:23:04,42.9,43,3450,43.15,1450,25000,7053900
NIFTY27OCT2217800CE.NFO,25/10/2022,09:23:05,43.2,43.25,900,43.35,500,19450,7053900
NIFTY27OCT2217800CE.NFO,25/10/2022,09:23:07,43.75,43.6,3800,43.75,200,26350,7053900
NIFTY27OCT2217800CE.NFO,25/10/2022,09:23:08,44,43.9,700,44,300,18200,7053900
NIFTY27OCT2217800CE.NFO,25/10/2022,09:23:10,44.2,44.15,150,44.25,150,18850,7053900
NIFTY27OCT2217800CE.NFO,25/10/2022,09:23:11,44.05,44,1700,44.15,500,9100,7053900
NIFTY27OCT2217800CE.NFO,25/10/2022,09:23:12,44.1,43.95,200,44.05,1150,13450,7053900
NIFTY27OCT2217800CE.NFO,25/10/2022,09:23:14,44.45,44.3,1250,44.4,1750,24250,7053900
NIFTY27OCT2217800CE.NFO,25/10/2022,09:23:15,44.85,44.75,1250,44.85,100,23700,7053900
NIFTY27OCT2217800CE.NFO,25/10/2022,09:23:16,44.95,44.9,2300,45.05,1400,39750,7053900
NIFTY27OCT2217800CE.NFO,25/10/2022,09:23:18,44.65,44.55,1200,44.7,600,20350,7053900
NIFTY27OCT2217800CE.NFO,25/10/2022,09:23:19,45.25,45.1,450,45.25,1700,23250,7053900
NIFTY27OCT2217800CE.NFO,25/10/2022,09:23:21,45.15,45.05,1400,45.15,1200,21700,7053900
NIFTY27OCT2217800CE.NFO,25/10/2022,09:23:22,45.4,45.4,1150,45.45,100,12500,7053900
NIFTY27OCT2217800CE.NFO,25/10/2022,09:23:24,45,44.9,1050,45,500,15150,7053900
NIFTY27OCT2217800CE.NFO,25/10/2022,09:23:25,45.6,45.45,750,45.6,850,14750,7053900
NIFTY27OCT2217800CE.NFO,25/10/2022,09:23:26,45.65,45.55,50,45.65,250,18450,7053900
NIFTY27OCT2217800CE.NFO,25/10/2022,09:23:27,45.3,45.2,400,45.3,350,10600,7053900
NIFTY27OCT2217800CE.NFO,25/10/2022,09:23:28,45.55,45.45,1250,45.55,850,9250,7518550
NIFTY27OCT2217800CE.NFO,25/10/2022,09:23:30,45.35,45.3,1000,45.4,1300,11750,7518550
NIFTY27OCT2217800CE.NFO,25/10/2022,09:23:31,45.55,45.45,1450,45.55,50,19650,7518550
NIFTY27OCT2217800CE.NFO,25/10/2022,09:23:32,45.25,45.15,2800,45.25,200,27650,7518550
NIFTY27OCT2217800CE.NFO,25/10/2022,09:23:34,45.3,45.15,950,45.3,1050,11450,7518550
NIFTY27OCT2217800CE.NFO,25/10/2022,09:23:35,45.05,44.95,1000,45.05,200,19300,7518550
NIFTY27OCT2217800CE.NFO,25/10/2022,09:23:36,44.75,44.7,50,44.75,100,14100,7518550
NIFTY27OCT2217800CE.NFO,25/10/2022,09:23:37,44.7,44.55,1450,44.7,700,14200,7518550
NIFTY27OCT2217800CE.NFO,25/10/2022,09:23:38,44.4,44.45,50,44.5,800,6800,7518550
NIFTY27OCT2217800CE.NFO,25/10/2022,09:23:39,44.75,44.7,200,44.8,350,16550,7518550
NIFTY27OCT2217800CE.NFO,25/10/2022,09:23:41,44.55,44.4,700,44.5,400,13950,7518550
NIFTY27OCT2217800CE.NFO,25/10/2022,09:23:42,44.8,44.55,350,44.7,2050,13700,7518550
NIFTY27OCT2217800CE.NFO,25/10/2022,09:23:43,45.35,45.3,500,45.35,400,14350,7518550
NIFTY27OCT2217800CE.NFO,25/10/2022,09:23:45,45.9,45.8,2600,45.9,2600,15200,7518550
NIFTY27OCT2217800CE.NFO,25/10/2022,09:23:46,45.95,45.85,50,45.95,500,13600,7518550
NIFTY27OCT2217800CE.NFO,25/10/2022,09:23:48,45.35,45.3,150,45.35,400,37800,7518550
NIFTY27OCT2217800CE.NFO,25/10/2022,09:23:49,45.4,45.3,50,45.4,550,13700,7518550
NIFTY27OCT2217800CE.NFO,25/10/2022,09:23:50,44.45,44.45,500,44.55,700,20800,7518550
NIFTY27OCT2217800CE.NFO,25/10/2022,09:23:52,44.55,44.45,2100,44.55,300,13050,7518550
NIFTY27OCT2217800CE.NFO,25/10/2022,09:23:53,45.6,45.45,3400,45.6,250,19900,7518550
NIFTY27OCT2217800CE.NFO,25/10/2022,09:23:54,46.05,46.1,100,46.2,1050,30150,7518550
NIFTY27OCT2217800CE.NFO,25/10/2022,09:23:55,46.35,46.2,1150,46.35,900,10050,7518550
NIFTY27OCT2217800CE.NFO,25/10/2022,09:23:57,46.4,46.3,50,46.4,300,14400,7518550
NIFTY27OCT2217800CE.NFO,25/10/2022,09:23:58,46.5,46.35,1050,46.45,1400,8700,7518550
NIFTY27OCT2217800CE.NFO,25/10/2022,09:23:58,46.25,46.25,1400,46.4,150,6350,7518550
NIFTY27OCT2217800CE.NFO,25/10/2022,09:24:00,46.5,46.4,200,46.45,250,13350,7518550
NIFTY27OCT2217800CE.NFO,25/10/2022,09:24:01,46.85,46.75,150,46.8,200,28500,7518550
NIFTY27OCT2217800CE.NFO,25/10/2022,09:24:02,46.15,46.15,2050,46.3,1150,10850,7518550
NIFTY27OCT2217800CE.NFO,25/10/2022,09:24:04,46.2,46.1,1200,46.2,150,8750,7518550
NIFTY27OCT2217800CE.NFO,25/10/2022,09:24:05,46.15,46.1,1900,46.15,150,13550,7518550
NIFTY27OCT2217800CE.NFO,25/10/2022,09:24:06,45.85,45.7,750,45.8,150,13100,7518550
NIFTY27OCT2217800CE.NFO,25/10/2022,09:24:07,46.35,46.25,100,46.35,1400,15200,7518550
NIFTY27OCT2217800CE.NFO,25/10/2022,09:24:08,46.45,46.4,2000,46.55,1000,9500,7518550
NIFTY27OCT2217800CE.NFO,25/10/2022,09:24:10,46.5,46.5,1150,46.65,1200,11400,7518550
NIFTY27OCT2217800CE.NFO,25/10/2022,09:24:10,46.75,46.65,1050,46.75,400,5750,7518550
NIFTY27OCT2217800CE.NFO,25/10/2022,09:24:12,46.95,46.8,950,46.95,1350,17750,7518550
NIFTY27OCT2217800CE.NFO,25/10/2022,09:24:13,46.4,46.3,100,46.4,100,12400,7518550
NIFTY27OCT2217800CE.NFO,25/10/2022,09:24:14,46.55,46.55,1350,46.7,100,16250,7518550
NIFTY27OCT2217800CE.NFO,25/10/2022,09:24:16,46.95,46.9,1550,47,2200,28200,7518550
NIFTY27OCT2217800CE.NFO,25/10/2022,09:24:17,46.8,46.85,100,46.95,1350,7050,7518550
NIFTY27OCT2217800CE.NFO,25/10/2022,09:24:18,46.65,46.65,350,46.75,500,14700,7518550
NIFTY27OCT2217800CE.NFO,25/10/2022,09:24:19,46.65,46.65,300,46.8,2150,11450,7518550
NIFTY27OCT2217800CE.NFO,25/10/2022,09:24:21,46.9,46.8,450,46.9,100,14550,7518550
NIFTY27OCT2217800CE.NFO,25/10/2022,09:24:22,47.05,47.05,200,47.2,1550,11350,7518550
NIFTY27OCT2217800CE.NFO,25/10/2022,09:24:23,47.3,47.3,150,47.4,150,8400,7518550
NIFTY27OCT2217800CE.NFO,25/10/2022,09:24:24,47.15,47.1,550,47.2,1000,22250,7518550
NIFTY27OCT2217800CE.NFO,25/10/2022,09:24:25,47.4,47.35,350,47.5,1450,18400,7518550
NIFTY27OCT2217800CE.NFO,25/10/2022,09:24:27,47.5,47.55,250,47.7,1350,14850,7518550
NIFTY27OCT2217800CE.NFO,25/10/2022,09:24:28,47.6,47.5,1150,47.6,450,16450,7518550
NIFTY27OCT2217800CE.NFO,25/10/2022,09:24:29,47.8,47.7,400,47.8,900,12150,7518550
NIFTY27OCT2217800CE.NFO,25/10/2022,09:24:30,47.65,47.55,100,47.65,250,19000,7518550
NIFTY27OCT2217800CE.NFO,25/10/2022,09:24:32,47.8,47.65,350,47.8,300,11800,7518550
NIFTY27OCT2217800CE.NFO,25/10/2022,09:24:33,47.95,47.85,1250,47.95,150,18250,7518550
NIFTY27OCT2217800CE.NFO,25/10/2022,09:24:34,48,48.05,150,48.15,500,17350,7518550
NIFTY27OCT2217800CE.NFO,25/10/2022,09:24:35,48.7,48.65,600,48.75,350,22400,7518550
NIFTY27OCT2217800CE.NFO,25/10/2022,09:24:37,48.65,48.65,50,48.8,700,25650,7518550
NIFTY27OCT2217800CE.NFO,25/10/2022,09:24:38,48.8,48.8,600,48.9,100,21950,7518550
NIFTY27OCT2217800CE.NFO,25/10/2022,09:24:40,48.9,48.85,250,48.95,700,26600,7518550
NIFTY27OCT2217800CE.NFO,25/10/2022,09:24:41,49,48.95,50,49,800,14700,7518550
NIFTY27OCT2217800CE.NFO,25/10/2022,09:24:42,48.85,48.75,400,48.8,200,15000,7518550
NIFTY27OCT2217800CE.NFO,25/10/2022,09:24:43,48.6,48.45,1200,48.6,1650,27750,7518550
NIFTY27OCT2217800CE.NFO,25/10/2022,09:24:45,48.05,47.85,400,48,100,43800,7518550
NIFTY27OCT2217800CE.NFO,25/10/2022,09:24:46,48.6,48.5,800,48.6,200,18550,7518550
NIFTY27OCT2217800CE.NFO,25/10/2022,09:24:47,48.5,48.45,1200,48.55,250,16550,7518550
NIFTY27OCT2217800CE.NFO,25/10/2022,09:24:49,48.75,48.65,300,48.75,150,22850,7518550
NIFTY27OCT2217800CE.NFO,25/10/2022,09:24:50,48.7,48.75,50,48.85,450,10750,7518550
NIFTY27OCT2217800CE.NFO,25/10/2022,09:24:51,49,48.9,150,49,300,25250,7518550
NIFTY27OCT2217800CE.NFO,25/10/2022,09:24:52,48.95,48.9,100,48.95,300,15150,7518550
NIFTY27OCT2217800CE.NFO,25/10/2022,09:24:54,49.1,49,250,49.1,400,13600,7518550
NIFTY27OCT2217800CE.NFO,25/10/2022,09:24:55,49,48.95,350,49,2100,31950,7518550
NIFTY27OCT2217800CE.NFO,25/10/2022,09:24:56,49,48.85,1850,49,1300,9950,7518550
NIFTY27OCT2217800CE.NFO,25/10/2022,09:24:57,49.15,49.15,300,49.25,150,27150,7518550
NIFTY27OCT2217800CE.NFO,25/10/2022,09:24:58,49.45,49.35,50,49.5,4700,22850,7518550
NIFTY27OCT2217800CE.NFO,25/10/2022,09:25:00,49.05,49.1,100,49.2,150,18850,7518550
NIFTY27OCT2217800CE.NFO,25/10/2022,09:25:01,49.05,48.95,50,49.05,100,20250,7518550
NIFTY27OCT2217800CE.NFO,25/10/2022,09:25:03,49.15,49,1000,49.15,950,24300,7518550
NIFTY27OCT2217800CE.NFO,25/10/2022,09:25:04,49.05,48.9,600,49.05,900,12550,7518550
NIFTY27OCT2217800CE.NFO,25/10/2022,09:25:05,48.55,48.45,250,48.55,450,29000,7518550
NIFTY27OCT2217800CE.NFO,25/10/2022,09:25:06,48.8,48.75,50,48.8,500,13400,7518550
NIFTY27OCT2217800CE.NFO,25/10/2022,09:25:07,47.8,47.8,600,47.9,500,30500,7518550
NIFTY27OCT2217800CE.NFO,25/10/2022,09:25:09,48.55,48.5,1200,48.65,350,23950,7518550
NIFTY27OCT2217800CE.NFO,25/10/2022,09:25:10,48.85,48.75,550,48.9,600,10750,7518550
NIFTY27OCT2217800CE.NFO,25/10/2022,09:25:11,48.5,48.5,350,48.65,300,7600,7518550
NIFTY27OCT2217800CE.NFO,25/10/2022,09:25:11,48.5,48.4,200,48.5,50,950,7518550
NIFTY27OCT2217800CE.NFO,25/10/2022,09:25:13,48.45,48.3,400,48.45,650,16100,7518550
NIFTY27OCT2217800CE.NFO,25/10/2022,09:25:14,48.2,48.2,400,48.35,250,7950,7518550
NIFTY27OCT2217800CE.NFO,25/10/2022,09:25:15,48.55,48.6,150,48.65,200,20200,7518550
NIFTY27OCT2217800CE.NFO,25/10/2022,09:25:17,48.15,48.05,50,48.15,300,17250,7518550
NIFTY27OCT2217800CE.NFO,25/10/2022,09:25:18,48.05,48.05,250,48.15,250,24550,7518550
NIFTY27OCT2217800CE.NFO,25/10/2022,09:25:19,48.3,48.3,500,48.35,100,11300,7518550
NIFTY27OCT2217800CE.NFO,25/10/2022,09:25:20,48.2,48.05,450,48.15,150,11400,7518550
NIFTY27OCT2217800CE.NFO,25/10/2022,09:25:22,46.95,46.9,50,46.95,400,63900,7518550
NIFTY27OCT2217800CE.NFO,25/10/2022,09:25:23,46.5,46.35,2350,46.5,750,20150,7518550
NIFTY27OCT2217800CE.NFO,25/10/2022,09:25:24,46.6,46.6,800,46.75,1600,16500,7518550
NIFTY27OCT2217800CE.NFO,25/10/2022,09:25:26,46.95,46.9,50,47,100,17650,7518550
NIFTY27OCT2217800CE.NFO,25/10/2022,09:25:27,46.7,46.7,250,46.85,350,5150,7518550
NIFTY27OCT2217800CE.NFO,25/10/2022,09:25:28,47.7,47.55,1250,47.7,1750,13000,7518550
NIFTY27OCT2217800CE.NFO,25/10/2022,09:25:30,47.4,47.25,100,47.4,950,8450,7518550
NIFTY27OCT2217800CE.NFO,25/10/2022,09:25:31,46.8,46.6,200,46.65,100,7750,7518550
NIFTY27OCT2217800CE.NFO,25/10/2022,09:25:32,46.1,46,50,46.1,750,29000,7518550
NIFTY27OCT2217800CE.NFO,25/10/2022,09:25:33,46.45,46.45,250,46.5,50,10550,7518550
NIFTY27OCT2217800CE.NFO,25/10/2022,09:25:35,46.4,46.45,700,46.6,250,12350,7518550
NIFTY27OCT2217800CE.NFO,25/10/2022,09:25:36,46.85,46.65,100,46.8,700,33150,7518550
NIFTY27OCT2217800CE.NFO,25/10/2022,09:25:37,46.85,46.55,150,46.65,200,15550,7518550
NIFTY27OCT2217800CE.NFO,25/10/2022,09:25:38,47.1,46.9,3650,47.05,450,12300,7518550
NIFTY27OCT2217800CE.NFO,25/10/2022,09:25:39,48.3,48.2,300,48.3,50,23850,7518550
NIFTY27OCT2217800CE.NFO,25/10/2022,09:25:41,48.55,48.35,3750,48.5,50,25750,7518550
NIFTY27OCT2217800CE.NFO,25/10/2022,09:25:42,48.55,48.55,250,48.65,100,10000,7518550
NIFTY27OCT2217800CE.NFO,25/10/2022,09:25:43,48.95,48.85,300,49,10350,16050,7518550
NIFTY27OCT2217800CE.NFO,25/10/2022,09:25:44,48.9,48.8,250,48.9,200,13000,7518550
NIFTY27OCT2217800CE.NFO,25/10/2022,09:25:46,49.15,49.15,100,49.25,400,31350,7518550
NIFTY27OCT2217800CE.NFO,25/10/2022,09:25:47,49.25,49.25,150,49.35,1150,25400,7518550
NIFTY27OCT2217800CE.NFO,25/10/2022,09:25:48,49.45,49.35,450,49.45,950,11050,7518550
NIFTY27OCT2217800CE.NFO,25/10/2022,09:25:49,49.25,49.25,1150,49.4,850,5050,7518550
NIFTY27OCT2217800CE.NFO,25/10/2022,09:25:51,49.85,49.75,50,49.8,450,13050,7518550
NIFTY27OCT2217800CE.NFO,25/10/2022,09:25:52,49,49,250,49.1,50,15650,7518550
NIFTY27OCT2217800CE.NFO,25/10/2022,09:25:53,48.3,48.2,150,48.3,50,15600,7518550
NIFTY27OCT2217800CE.NFO,25/10/2022,09:25:54,48.6,48.5,350,48.6,100,15500,7518550
NIFTY27OCT2217800CE.NFO,25/10/2022,09:25:56,48.8,48.55,350,48.65,300,3900,7518550
NIFTY27OCT2217800CE.NFO,25/10/2022,09:25:57,48.75,48.65,150,48.75,200,5500,7518550
NIFTY27OCT2217800CE.NFO,25/10/2022,09:25:58,48.9,48.8,150,48.9,300,10000,7518550
NIFTY27OCT2217800CE.NFO,25/10/2022,09:25:59,48.45,48.35,150,48.5,800,10100,7518550
NIFTY27OCT2217800CE.NFO,25/10/2022,09:26:01,48.15,48.05,200,48.15,200,16200,7518550
NIFTY27OCT2217800CE.NFO,25/10/2022,09:26:02,47.05,47,6650,47.15,550,33850,7518550
NIFTY27OCT2217800CE.NFO,25/10/2022,09:26:04,47.15,47.1,450,47.15,500,18600,7518550
NIFTY27OCT2217800CE.NFO,25/10/2022,09:26:05,46.6,46.6,500,46.75,700,13500,7518550
NIFTY27OCT2217800CE.NFO,25/10/2022,09:26:06,46.7,46.45,450,46.6,750,3200,7518550
NIFTY27OCT2217800CE.NFO,25/10/2022,09:26:08,46.15,46,450,46.1,200,20000,7518550
NIFTY27OCT2217800CE.NFO,25/10/2022,09:26:09,45.3,45.3,700,45.45,950,17900,7518550
NIFTY27OCT2217800CE.NFO,25/10/2022,09:26:10,45.15,45,17150,45.1,150,32600,7518550
NIFTY27OCT2217800CE.NFO,25/10/2022,09:26:12,45.7,45.85,50,45.95,800,11900,7518550
NIFTY27OCT2217800CE.NFO,25/10/2022,09:26:13,46.65,46.6,300,46.7,100,19500,7518550
NIFTY27OCT2217800CE.NFO,25/10/2022,09:26:14,46.65,46.55,600,46.65,100,10900,7518550
NIFTY27OCT2217800CE.NFO,25/10/2022,09:26:16,46.45,46.4,150,46.55,300,15000,7518550
NIFTY27OCT2217800CE.NFO,25/10/2022,09:26:17,46.1,46.05,100,46.15,300,7400,7518550
NIFTY27OCT2217800CE.NFO,25/10/2022,09:26:18,45.6,45.65,50,45.75,100,8550,7518550
NIFTY27OCT2217800CE.NFO,25/10/2022,09:26:20,45.15,45.15,150,45.25,300,13350,7518550
NIFTY27OCT2217800CE.NFO,25/10/2022,09:26:21,44.8,44.75,400,44.9,1250,38100,7518550
NIFTY27OCT2217800CE.NFO,25/10/2022,09:26:23,46.2,46.2,50,46.3,150,28050,7518550
NIFTY27OCT2217800CE.NFO,25/10/2022,09:26:24,46.25,46.1,50,46.2,1150,10600,7518550
NIFTY27OCT2217800CE.NFO,25/10/2022,09:26:25,46,46,50,46.1,650,8600,7518550
NIFTY27OCT2217800CE.NFO,25/10/2022,09:26:27,45.7,45.65,350,45.7,50,6250,7518550
NIFTY27OCT2217800CE.NFO,25/10/2022,09:26:28,45.75,45.7,250,45.8,50,4400,7518550
NIFTY27OCT2217800CE.NFO,25/10/2022,09:26:29,46.15,46,50,46.1,350,7950,7518550
NIFTY27OCT2217800CE.NFO,25/10/2022,09:26:30,46.1,46,1050,46.1,250,7200,7576900
NIFTY27OCT2217800CE.NFO,25/10/2022,09:26:32,47.3,47.2,350,47.3,50,17200,7576900
NIFTY27OCT2217800CE.NFO,25/10/2022,09:26:34,46.85,46.85,50,46.95,250,11400,7576900
NIFTY27OCT2217800CE.NFO,25/10/2022,09:26:35,46.4,46.35,250,46.5,900,8500,7576900
NIFTY27OCT2217800CE.NFO,25/10/2022,09:26:36,46.05,46.15,200,46.25,900,8850,7576900
NIFTY27OCT2217800CE.NFO,25/10/2022,09:26:38,46.35,46.25,250,46.4,600,14900,7576900
NIFTY27OCT2217800CE.NFO,25/10/2022,09:26:39,46.85,46.75,950,46.9,300,4300,7576900
NIFTY27OCT2217800CE.NFO,25/10/2022,09:26:41,47.2,47.15,1550,47.3,500,8700,7576900
NIFTY27OCT2217800CE.NFO,25/10/2022,09:26:42,47.5,47.35,200,47.5,1250,9250,7576900
NIFTY27OCT2217800CE.NFO,25/10/2022,09:26:44,47.55,47.45,350,47.55,50,17350,7576900
NIFTY27OCT2217800CE.NFO,25/10/2022,09:26:45,47.35,47.35,400,47.45,200,9450,7576900
NIFTY27OCT2217800CE.NFO,25/10/2022,09:26:46,47.6,47.6,50,47.7,750,9450,7576900
NIFTY27OCT2217800CE.NFO,25/10/2022,09:26:48,47.65,47.5,150,47.6,550,26650,7576900
NIFTY27OCT2217800CE.NFO,25/10/2022,09:26:49,47.2,47.3,150,47.35,50,7550,7576900
NIFTY27OCT2217800CE.NFO,25/10/2022,09:26:51,47.25,47.3,250,47.4,2550,7700,7576900
NIFTY27OCT2217800CE.NFO,25/10/2022,09:26:52,47.35,47.25,300,47.35,50,5400,7576900
NIFTY27OCT2217800CE.NFO,25/10/2022,09:26:53,47.2,47.05,250,47.2,800,8600,7576900
NIFTY27OCT2217800CE.NFO,25/10/2022,09:26:55,47.75,47.65,250,47.75,50,4400,7576900
NIFTY27OCT2217800CE.NFO,25/10/2022,09:26:56,47.8,47.8,150,47.9,450,4800,7576900
NIFTY27OCT2217800CE.NFO,25/10/2022,09:26:58,48,48,850,48.1,50,20450,7576900
NIFTY27OCT2217800CE.NFO,25/10/2022,09:26:59,48,48.05,150,48.1,1800,8250,7576900
NIFTY27OCT2217800CE.NFO,25/10/2022,09:27:00,47.85,47.7,400,47.8,200,14950,7576900
NIFTY27OCT2217800CE.NFO,25/10/2022,09:27:02,48.2,48.1,450,48.2,300,7350,7576900
NIFTY27OCT2217800CE.NFO,25/10/2022,09:27:03,48,47.95,950,48,2450,5450,7576900
NIFTY27OCT2217800CE.NFO,25/10/2022,09:27:04,47.9,47.75,200,47.85,250,10850,7576900
NIFTY27OCT2217800CE.NFO,25/10/2022,09:27:06,47.7,47.55,150,47.7,2900,14250,7576900
NIFTY27OCT2217800CE.NFO,25/10/2022,09:27:07,47.4,47.35,200,47.45,500,10300,7576900
NIFTY27OCT2217800CE.NFO,25/10/2022,09:27:09,47.9,47.8,400,47.9,1200,5750,7576900
NIFTY27OCT2217800CE.NFO,25/10/2022,09:27:10,47.6,47.45,150,47.55,350,3300,7576900
NIFTY27OCT2217800CE.NFO,25/10/2022,09:27:11,47.7,47.55,150,47.65,350,2300,7576900
NIFTY27OCT2217800CE.NFO,25/10/2022,09:27:13,46.75,46.65,400,46.8,2650,15400,7576900
NIFTY27OCT2217800CE.NFO,25/10/2022,09:27:14,46.85,46.85,450,46.95,150,4850,7576900
NIFTY27OCT2217800CE.NFO,25/10/2022,09:27:15,46.7,46.7,1000,46.85,900,6600,7576900
NIFTY27OCT2217800CE.NFO,25/10/2022,09:27:17,47.2,47.1,1050,47.25,550,4300,7576900
NIFTY27OCT2217800CE.NFO,25/10/2022,09:27:18,47.25,47.05,600,47.2,1250,3300,7576900
NIFTY27OCT2217800CE.NFO,25/10/2022,09:27:19,47.15,47.4,50,47.45,200,5900,7576900
NIFTY27OCT2217800CE.NFO,25/10/2022,09:27:20,47.7,47.65,150,47.7,150,14750,7576900
NIFTY27OCT2217800CE.NFO,25/10/2022,09:27:21,47.65,47.6,100,47.75,750,6200,7576900
NIFTY27OCT2217800CE.NFO,25/10/2022,09:27:23,47.2,47.2,50,47.35,700,8000,7576900
NIFTY27OCT2217800CE.NFO,25/10/2022,09:27:24,46.9,46.85,800,47,600,3500,7576900
NIFTY27OCT2217800CE.NFO,25/10/2022,09:27:25,47.15,47.15,250,47.25,150,2950,7576900
NIFTY27OCT2217800CE.NFO,25/10/2022,09:27:27,47.85,47.75,200,47.85,50,5500,7576900
NIFTY27OCT2217800CE.NFO,25/10/2022,09:27:28,47.4,47.4,350,47.5,250,5200,7576900
NIFTY27OCT2217800CE.NFO,25/10/2022,09:27:30,47.45,47.45,550,47.55,200,5600,7576900
NIFTY27OCT2217800CE.NFO,25/10/2022,09:27:31,47.7,47.7,250,47.8,150,8200,7576900
NIFTY27OCT2217800CE.NFO,25/10/2022,09:27:32,47.15,47.05,350,47.15,100,15400,7576900
NIFTY27OCT2217800CE.NFO,25/10/2022,09:27:34,47.55,47.55,300,47.65,250,13950,7576900
NIFTY27OCT2217800CE.NFO,25/10/2022,09:27:35,47.75,47.75,250,47.85,150,2400,7576900
NIFTY27OCT2217800CE.NFO,25/10/2022,09:27:36,47.7,47.65,100,47.7,900,5300,7576900
NIFTY27OCT2217800CE.NFO,25/10/2022,09:27:37,47.15,47,100,47.1,500,7000,7576900
NIFTY27OCT2217800CE.NFO,25/10/2022,09:27:38,47.8,47.85,50,47.9,400,5900,7576900
NIFTY27OCT2217800CE.NFO,25/10/2022,09:27:40,47.75,47.75,150,47.85,450,23900,7576900
NIFTY27OCT2217800CE.NFO,25/10/2022,09:27:41,48.15,48.05,800,48.2,550,3250,7576900
NIFTY27OCT2217800CE.NFO,25/10/2022,09:27:42,48.15,48.05,250,48.15,350,9300,7576900
NIFTY27OCT2217800CE.NFO,25/10/2022,09:27:43,48.05,48,1850,48.15,1450,5400,7576900
NIFTY27OCT2217800CE.NFO,25/10/2022,09:27:44,48.7,48.55,450,48.7,1400,7850,7576900
NIFTY27OCT2217800CE.NFO,25/10/2022,09:27:46,49,48.9,50,49,28050,13700,7576900
NIFTY27OCT2217800CE.NFO,25/10/2022,09:27:47,48.8,48.75,650,48.9,250,44250,7576900
NIFTY27OCT2217800CE.NFO,25/10/2022,09:27:48,48.8,48.75,350,48.85,300,5250,7576900
NIFTY27OCT2217800CE.NFO,25/10/2022,09:27:50,49.2,49.1,200,49.2,300,11300,7576900
NIFTY27OCT2217800CE.NFO,25/10/2022,09:27:51,48.85,48.85,200,49,1200,10150,7576900
NIFTY27OCT2217800CE.NFO,25/10/2022,09:27:53,48.85,48.7,150,48.8,150,11550,7576900
NIFTY27OCT2217800CE.NFO,25/10/2022,09:27:54,48.65,48.55,100,48.7,1100,7900,7576900
NIFTY27OCT2217800CE.NFO,25/10/2022,09:27:55,49.05,49.05,150,49.1,100,6300,7576900
NIFTY27OCT2217800CE.NFO,25/10/2022,09:27:56,49.15,49.15,150,49.25,150,2950,7576900
NIFTY27OCT2217800CE.NFO,25/10/2022,09:27:58,49.25,49.25,400,49.4,1150,5300,7576900
NIFTY27OCT2217800CE.NFO,25/10/2022,09:27:59,49.5,49.4,200,49.5,3350,6050,7576900
NIFTY27OCT2217800CE.NFO,25/10/2022,09:28:00,49.2,49.15,50,49.2,100,15850,7576900
NIFTY27OCT2217800CE.NFO,25/10/2022,09:28:02,49.35,49.2,450,49.35,250,7800,7576900
NIFTY27OCT2217800CE.NFO,25/10/2022,09:28:03,49.5,49.4,400,49.5,100,23650,7576900
NIFTY27OCT2217800CE.NFO,25/10/2022,09:28:05,49.15,49.15,1800,49.2,100,14600,7576900
NIFTY27OCT2217800CE.NFO,25/10/2022,09:28:06,49.4,49.35,700,49.4,350,9650,7576900
NIFTY27OCT2217800CE.NFO,25/10/2022,09:28:07,49.5,49.35,50,49.5,2200,25700,7576900
NIFTY27OCT2217800CE.NFO,25/10/2022,09:28:08,49.2,49.15,300,49.25,100,12700,7576900
NIFTY27OCT2217800CE.NFO,25/10/2022,09:28:10,49.15,48.95,200,49.05,450,37900,7576900
NIFTY27OCT2217800CE.NFO,25/10/2022,09:28:11,49,49,2600,49.15,800,27750,7576900
NIFTY27OCT2217800CE.NFO,25/10/2022,09:28:12,49.05,48.9,1650,49.05,350,8000,7576900
NIFTY27OCT2217800CE.NFO,25/10/2022,09:28:14,49.2,49.1,50,49.2,50,22950,7576900
NIFTY27OCT2217800CE.NFO,25/10/2022,09:28:15,49.2,49.05,600,49.2,350,20750,7576900
NIFTY27OCT2217800CE.NFO,25/10/2022,09:28:17,48.2,48.2,550,48.35,950,35550,7576900
NIFTY27OCT2217800CE.NFO,25/10/2022,09:28:18,48.5,48.4,1300,48.55,400,10600,7576900
NIFTY27OCT2217800CE.NFO,25/10/2022,09:28:19,48.5,48.55,100,48.65,100,10150,7576900
NIFTY27OCT2217800CE.NFO,25/10/2022,09:28:20,49.4,49.25,1050,49.4,850,8700,7576900
NIFTY27OCT2217800CE.NFO,25/10/2022,09:28:22,49.55,49.5,300,49.6,250,11850,7576900
NIFTY27OCT2217800CE.NFO,25/10/2022,09:28:23,49.3,49.3,100,49.35,100,9250,7576900
NIFTY27OCT2217800CE.NFO,25/10/2022,09:28:24,49.3,49.05,400,49.1,250,18400,7576900
NIFTY27OCT2217800CE.NFO,25/10/2022,09:28:25,49.25,49.25,50,49.3,300,10900,7576900
NIFTY27OCT2217800CE.NFO,25/10/2022,09:28:27,49.65,49.55,850,49.7,200,7850,7576900
NIFTY27OCT2217800CE.NFO,25/10/2022,09:28:28,49.2,49.2,200,49.3,50,21100,7576900
NIFTY27OCT2217800CE.NFO,25/10/2022,09:28:29,49.05,49,2550,49.05,100,24100,7576900
NIFTY27OCT2217800CE.NFO,25/10/2022,09:28:30,48.65,48.55,450,48.6,150,23650,7576900
NIFTY27OCT2217800CE.NFO,25/10/2022,09:28:32,48.2,48.2,450,48.35,950,20500,7576900
NIFTY27OCT2217800CE.NFO,25/10/2022,09:28:33,48.65,48.7,150,48.8,400,15200,7576900
NIFTY27OCT2217800CE.NFO,25/10/2022,09:28:34,48.85,48.85,100,48.95,400,4200,7576900
NIFTY27OCT2217800CE.NFO,25/10/2022,09:28:35,49.05,49.05,50,49.1,2250,8700,7576900
NIFTY27OCT2217800CE.NFO,25/10/2022,09:28:36,48.75,48.65,100,48.75,150,10450,7576900
NIFTY27OCT2217800CE.NFO,25/10/2022,09:28:37,48.65,48.6,1050,48.7,1200,7750,7576900
NIFTY27OCT2217800CE.NFO,25/10/2022,09:28:38,48.55,48.6,50,48.7,250,7550,7576900
NIFTY27OCT2217800CE.NFO,25/10/2022,09:28:40,48.8,48.7,1550,48.85,200,8300,7576900
NIFTY27OCT2217800CE.NFO,25/10/2022,09:28:41,48.7,48.65,400,48.75,50,8000,7576900
NIFTY27OCT2217800CE.NFO,25/10/2022,09:28:42,48.65,48.6,300,48.7,2450,6150,7576900
NIFTY27OCT2217800CE.NFO,25/10/2022,09:28:43,48.7,48.7,350,48.8,150,10150,7576900
NIFTY27OCT2217800CE.NFO,25/10/2022,09:28:45,48.55,48.5,750,48.55,1750,2650,7576900
NIFTY27OCT2217800CE.NFO,25/10/2022,09:28:46,48.5,48.4,350,48.5,200,9450,7576900
NIFTY27OCT2217800CE.NFO,25/10/2022,09:28:47,48.35,48.35,450,48.45,600,7500,7576900
NIFTY27OCT2217800CE.NFO,25/10/2022,09:28:48,47.6,47.6,250,47.65,50,48700,7576900
NIFTY27OCT2217800CE.NFO,25/10/2022,09:28:50,47.35,47.3,2150,47.4,450,17300,7576900
NIFTY27OCT2217800CE.NFO,25/10/2022,09:28:51,47.5,47.6,50,47.65,150,5950,7576900
NIFTY27OCT2217800CE.NFO,25/10/2022,09:28:52,47.1,47.05,50,47.1,100,37750,7576900
NIFTY27OCT2217800CE.NFO,25/10/2022,09:28:54,46.25,46.25,1450,46.35,300,34450,7576900
NIFTY27OCT2217800CE.NFO,25/10/2022,09:28:56,46.25,46.25,50,46.3,50,14750,7576900
NIFTY27OCT2217800CE.NFO,25/10/2022,09:28:57,46.3,46.5,100,46.6,100,18250,7576900
NIFTY27OCT2217800CE.NFO,25/10/2022,09:28:58,46.1,46,50,46.1,900,25000,7576900
NIFTY27OCT2217800CE.NFO,25/10/2022,09:29:00,46.35,46.35,50,46.45,300,9350,7576900
NIFTY27OCT2217800CE.NFO,25/10/2022,09:29:01,46.2,46.2,350,46.35,350,14400,7576900
NIFTY27OCT2217800CE.NFO,25/10/2022,09:29:03,46.4,46.3,50,46.4,1300,16450,7576900
NIFTY27OCT2217800CE.NFO,25/10/2022,09:29:04,46.1,46.1,850,46.15,150,18500,7576900
NIFTY27OCT2217800CE.NFO,25/10/2022,09:29:06,46.6,46.6,600,46.7,850,9050,7576900
NIFTY27OCT2217800CE.NFO,25/10/2022,09:29:07,46.35,46.35,200,46.4,800,10650,7576900
NIFTY27OCT2217800CE.NFO,25/10/2022,09:29:08,46.2,46.1,50,46.2,1600,12650,7576900
NIFTY27OCT2217800CE.NFO,25/10/2022,09:29:10,46.35,46.3,500,46.4,400,17650,7576900
NIFTY27OCT2217800CE.NFO,25/10/2022,09:29:11,46.55,46.45,350,46.55,350,4500,7576900
NIFTY27OCT2217800CE.NFO,25/10/2022,09:29:12,46.4,46.35,350,46.45,550,6300,7576900
NIFTY27OCT2217800CE.NFO,25/10/2022,09:29:14,47.25,47.25,400,47.35,100,11100,7576900
NIFTY27OCT2217800CE.NFO,25/10/2022,09:29:15,47.95,47.75,250,47.9,2000,13650,7576900
NIFTY27OCT2217800CE.NFO,25/10/2022,09:29:17,47.4,47.35,50,47.4,100,4850,7576900
NIFTY27OCT2217800CE.NFO,25/10/2022,09:29:18,46.85,46.75,50,46.85,1200,8200,7576900
NIFTY27OCT2217800CE.NFO,25/10/2022,09:29:19,47.05,46.95,950,47.1,950,6150,7576900
NIFTY27OCT2217800CE.NFO,25/10/2022,09:29:21,46.9,46.9,350,47,400,3900,7576900
NIFTY27OCT2217800CE.NFO,25/10/2022,09:29:22,46.8,46.7,250,46.8,250,11300,7576900
NIFTY27OCT2217800CE.NFO,25/10/2022,09:29:24,47.4,47.4,350,47.45,50,15050,7576900
NIFTY27OCT2217800CE.NFO,25/10/2022,09:29:25,46.8,46.65,250,46.8,2400,5550,7576900
NIFTY27OCT2217800CE.NFO,25/10/2022,09:29:26,46.5,46.45,250,46.55,400,8750,7576900
NIFTY27OCT2217800CE.NFO,25/10/2022,09:29:28,46.95,46.85,150,46.95,350,6750,7576900
NIFTY27OCT2217800CE.NFO,25/10/2022,09:29:29,47,46.95,50,47,550,5350,7576900
NIFTY27OCT2217800CE.NFO,25/10/2022,09:29:31,47.65,47.55,500,47.65,1400,8850,7569050
NIFTY27OCT2217800CE.NFO,25/10/2022,09:29:32,47.95,47.85,300,47.95,2400,12400,7569050
NIFTY27OCT2217800CE.NFO,25/10/2022,09:29:33,47.8,47.7,200,47.8,150,21850,7569050
NIFTY27OCT2217800CE.NFO,25/10/2022,09:29:35,47.6,47.45,400,47.55,150,11800,7569050
NIFTY27OCT2217800CE.NFO,25/10/2022,09:29:36,47.7,47.6,700,47.7,250,5300,7569050
NIFTY27OCT2217800CE.NFO,25/10/2022,09:29:38,47.25,47.2,50,47.25,150,4800,7569050
NIFTY27OCT2217800CE.NFO,25/10/2022,09:29:39,47,46.9,1350,47,250,18900,7569050
NIFTY27OCT2217800CE.NFO,25/10/2022,09:29:40,47.2,47.1,650,47.2,400,8750,7569050
NIFTY27OCT2217800CE.NFO,25/10/2022,09:29:42,46.95,47,1300,47.1,300,2050,7569050
NIFTY27OCT2217800CE.NFO,25/10/2022,09:29:43,47.15,47.15,800,47.25,700,4400,7569050
NIFTY27OCT2217800CE.NFO,25/10/2022,09:29:44,47.2,47.15,100,47.25,1750,1450,7569050
NIFTY27OCT2217800CE.NFO,25/10/2022,09:29:45,47,47.05,50,47.1,250,7100,7569050
NIFTY27OCT2217800CE.NFO,25/10/2022,09:29:46,47,47.05,350,47.15,200,3850,7569050
NIFTY27OCT2217800CE.NFO,25/10/2022,09:29:48,46.55,46.6,400,46.65,100,18850,7569050
NIFTY27OCT2217800CE.NFO,25/10/2022,09:29:49,46.55,46.55,300,46.65,350,2000,7569050
NIFTY27OCT2217800CE.NFO,25/10/2022,09:29:50,47.15,47.05,850,47.15,800,7200,7569050
NIFTY27OCT2217800CE.NFO,25/10/2022,09:29:51,47,46.95,150,47.05,200,3350,7569050
NIFTY27OCT2217800CE.NFO,25/10/2022,09:29:52,47.05,46.95,400,47.05,300,4500,7569050
NIFTY27OCT2217800CE.NFO,25/10/2022,09:29:54,47.1,47,750,47.15,1650,2750,7569050
NIFTY27OCT2217800CE.NFO,25/10/2022,09:29:55,47.05,47.05,600,47.15,200,1350,7569050
NIFTY27OCT2217800CE.NFO,25/10/2022,09:29:56,46.8,46.8,450,46.95,350,2450,7569050
NIFTY27OCT2217800CE.NFO,25/10/2022,09:29:56,46.85,46.75,350,46.85,850,1350,7569050
NIFTY27OCT2217800CE.NFO,25/10/2022,09:29:57,46.85,46.75,300,46.85,450,5400,7569050
NIFTY27OCT2217800CE.NFO,25/10/2022,09:29:58,46.6,46.55,300,46.65,200,8750,7569050
NIFTY27OCT2217800CE.NFO,25/10/2022,09:29:59,46.3,46.15,800,46.3,950,8850,7569050
NIFTY27OCT2217800CE.NFO,25/10/2022,09:30:01,45.6,45.55,600,45.7,600,34250,7569050
NIFTY27OCT2217800CE.NFO,25/10/2022,09:30:02,45.5,45.4,3300,45.45,250,19100,7569050
NIFTY27OCT2217800CE.NFO,25/10/2022,09:30:03,46.45,46.5,100,46.6,400,22950,7569050
NIFTY27OCT2217800CE.NFO,25/10/2022,09:30:05,46.75,46.65,50,46.75,300,9750,7569050
NIFTY27OCT2217800CE.NFO,25/10/2022,09:30:06,46.45,46.4,650,46.5,200,8600,7569050
NIFTY27OCT2217800CE.NFO,25/10/2022,09:30:07,46.55,46.55,850,46.6,50,4750,7569050
NIFTY27OCT2217800CE.NFO,25/10/2022,09:30:08,46.65,46.7,2250,46.8,1600,5800,7569050
NIFTY27OCT2217800CE.NFO,25/10/2022,09:30:09,47.1,47.1,700,47.2,200,7900,7569050
NIFTY27OCT2217800CE.NFO,25/10/2022,09:30:11,47.8,47.7,3050,47.85,650,16800,7569050
NIFTY27OCT2217800CE.NFO,25/10/2022,09:30:12,47.5,47.4,50,47.5,450,9850,7569050
NIFTY27OCT2217800CE.NFO,25/10/2022,09:30:14,47.3,47.15,500,47.25,50,12400,7569050
NIFTY27OCT2217800CE.NFO,25/10/2022,09:30:15,46.95,46.9,1100,47,250,8950,7569050
NIFTY27OCT2217800CE.NFO,25/10/2022,09:30:16,46.9,46.85,200,46.9,50,5400,7569050
NIFTY27OCT2217800CE.NFO,25/10/2022,09:30:18,46.15,46.1,250,46.2,100,27400,7569050
NIFTY27OCT2217800CE.NFO,25/10/2022,09:30:19,45.15,45.1,100,45.2,350,25950,7569050
NIFTY27OCT2217800CE.NFO,25/10/2022,09:30:20,44.8,44.7,100,44.75,200,64700,7569050
NIFTY27OCT2217800CE.NFO,25/10/2022,09:30:22,44.65,44.45,750,44.65,950,14850,7569050
NIFTY27OCT2217800CE.NFO,25/10/2022,09:30:23,44.15,44.1,1200,44.15,200,10700,7569050
NIFTY27OCT2217800CE.NFO,25/10/2022,09:30:24,43.7,43.7,250,43.75,500,39200,7569050
NIFTY27OCT2217800CE.NFO,25/10/2022,09:30:26,43.9,43.75,350,43.85,150,24600,7569050
NIFTY27OCT2217800CE.NFO,25/10/2022,09:30:27,44.15,44.15,50,44.25,200,14050,7569050
NIFTY27OCT2217800CE.NFO,25/10/2022,09:30:28,44.95,44.85,150,44.95,200,13050,7569050
NIFTY27OCT2217800CE.NFO,25/10/2022,09:30:30,46,46,50,46.1,150,13550,7569050
NIFTY27OCT2217800CE.NFO,25/10/2022,09:30:31,46.05,46.15,150,46.2,50,10500,7569050
NIFTY27OCT2217800CE.NFO,25/10/2022,09:30:32,45.6,45.45,100,45.55,100,5500,7569050
NIFTY27OCT2217800CE.NFO,25/10/2022,09:30:33,45.7,45.5,1700,45.65,100,8750,7569050
NIFTY27OCT2217800CE.NFO,25/10/2022,09:30:35,46,45.9,550,46,700,4800,7569050
NIFTY27OCT2217800CE.NFO,25/10/2022,09:30:36,46.2,46.2,1950,46.35,350,8950,7569050
NIFTY27OCT2217800CE.NFO,25/10/2022,09:30:38,46.8,46.65,100,46.75,350,8650,7569050
NIFTY27OCT2217800CE.NFO,25/10/2022,09:30:39,47.1,47,1000,47.15,1200,12700,7569050
NIFTY27OCT2217800CE.NFO,25/10/2022,09:30:41,46.7,46.7,650,46.8,150,10250,7569050
NIFTY27OCT2217800CE.NFO,25/10/2022,09:30:42,46.75,46.65,350,46.75,400,6800,7569050
NIFTY27OCT2217800CE.NFO,25/10/2022,09:30:43,46.75,46.75,450,46.85,200,8750,7569050
NIFTY27OCT2217800CE.NFO,25/10/2022,09:30:44,46.45,46.3,1250,46.45,1300,4200,7569050
NIFTY27OCT2217800CE.NFO,25/10/2022,09:30:45,46.1,46.05,700,46.2,3100,15150,7569050
NIFTY27OCT2217800CE.NFO,25/10/2022,09:30:47,45.85,45.75,200,45.8,500,3450,7569050
NIFTY27OCT2217800CE.NFO,25/10/2022,09:30:48,45.65,45.85,250,45.9,100,3600,7569050
NIFTY27OCT2217800CE.NFO,25/10/2022,09:30:49,45.85,45.8,150,45.9,950,3350,7569050
NIFTY27OCT2217800CE.NFO,25/10/2022,09:30:50,45.95,45.85,400,45.95,100,6700,7569050
NIFTY27OCT2217800CE.NFO,25/10/2022,09:30:51,45.65,45.55,250,45.65,50,5300,7569050
NIFTY27OCT2217800CE.NFO,25/10/2022,09:30:52,45.45,45.4,1550,45.55,650,6750,7569050
NIFTY27OCT2217800CE.NFO,25/10/2022,09:30:53,45.5,45.35,300,45.45,200,5850,7569050
NIFTY27OCT2217800CE.NFO,25/10/2022,09:30:54,45.4,45.25,750,45.4,1100,22450,7569050
NIFTY27OCT2217800CE.NFO,25/10/2022,09:30:55,44.95,44.9,150,45,350,14400,7569050
NIFTY27OCT2217800CE.NFO,25/10/2022,09:30:57,45,44.9,150,45,200,5350,7569050
NIFTY27OCT2217800CE.NFO,25/10/2022,09:30:58,44.95,44.95,2350,45.05,200,3000,7569050
NIFTY27OCT2217800CE.NFO,25/10/2022,09:30:58,45.1,45,250,45.1,300,850,7569050
NIFTY27OCT2217800CE.NFO,25/10/2022,09:30:59,44.85,44.75,50,44.85,1050,12250,7569050
NIFTY27OCT2217800CE.NFO,25/10/2022,09:31:00,44.9,44.8,700,44.85,250,9350,7569050
NIFTY27OCT2217800CE.NFO,25/10/2022,09:31:02,45.3,45.15,1800,45.25,250,14050,7569050
NIFTY27OCT2217800CE.NFO,25/10/2022,09:31:03,45.3,45.3,850,45.4,450,6750,7569050
NIFTY27OCT2217800CE.NFO,25/10/2022,09:31:04,45.55,45.55,2350,45.7,350,13200,7569050
NIFTY27OCT2217800CE.NFO,25/10/2022,09:31:06,45.9,45.85,550,45.9,100,8950,7569050
NIFTY27OCT2217800CE.NFO,25/10/2022,09:31:07,45.45,45.5,900,45.6,300,4650,7569050
NIFTY27OCT2217800CE.NFO,25/10/2022,09:31:08,45.85,45.85,50,45.9,200,5750,7569050
NIFTY27OCT2217800CE.NFO,25/10/2022,09:31:09,46.05,45.95,300,46.05,150,8300,7569050
NIFTY27OCT2217800CE.NFO,25/10/2022,09:31:10,46.6,46.55,150,46.6,250,12400,7569050
NIFTY27OCT2217800CE.NFO,25/10/2022,09:31:12,46.7,46.65,150,46.75,250,8300,7569050
NIFTY27OCT2217800CE.NFO,25/10/2022,09:31:13,46.7,46.6,50,46.7,400,5950,7569050
NIFTY27OCT2217800CE.NFO,25/10/2022,09:31:14,46.95,46.8,1250,46.9,300,9800,7569050
NIFTY27OCT2217800CE.NFO,25/10/2022,09:31:15,46.9,46.75,200,46.85,550,8900,7569050
NIFTY27OCT2217800CE.NFO,25/10/2022,09:31:16,47.05,47.05,300,47.1,1800,30100,7569050
NIFTY27OCT2217800CE.NFO,25/10/2022,09:31:17,46.5,46.5,50,46.6,100,13850,7569050
NIFTY27OCT2217800CE.NFO,25/10/2022,09:31:19,46.75,46.6,2250,46.75,400,21550,7569050
NIFTY27OCT2217800CE.NFO,25/10/2022,09:31:20,47.2,47.2,1950,47.3,150,7650,7569050
NIFTY27OCT2217800CE.NFO,25/10/2022,09:31:22,46.8,46.75,200,46.85,350,10650,7569050
NIFTY27OCT2217800CE.NFO,25/10/2022,09:31:23,46.7,46.6,400,46.65,550,10050,7569050
NIFTY27OCT2217800CE.NFO,25/10/2022,09:31:24,46.85,46.85,200,46.95,200,7000,7569050
NIFTY27OCT2217800CE.NFO,25/10/2022,09:31:25,47.25,47.15,100,47.25,250,2600,7569050
NIFTY27OCT2217800CE.NFO,25/10/2022,09:31:27,47.1,47,200,47.1,750,3350,7569050
NIFTY27OCT2217800CE.NFO,25/10/2022,09:31:28,46.7,46.65,50,46.7,500,7350,7569050
NIFTY27OCT2217800CE.NFO,25/10/2022,09:31:29,46.85,46.75,150,46.85,100,3850,7569050
NIFTY27OCT2217800CE.NFO,25/10/2022,09:31:30,47.1,46.95,350,47.1,200,4650,7569050
NIFTY27OCT2217800CE.NFO,25/10/2022,09:31:31,46.5,46.4,250,46.55,800,4700,7569050
NIFTY27OCT2217800CE.NFO,25/10/2022,09:31:32,46.6,46.6,200,46.7,350,7450,7569050
NIFTY27OCT2217800CE.NFO,25/10/2022,09:31:33,46.6,46.75,150,46.85,50,3300,7569050
NIFTY27OCT2217800CE.NFO,25/10/2022,09:31:35,47,46.85,300,47,2150,5400,7569050
NIFTY27OCT2217800CE.NFO,25/10/2022,09:31:36,46.6,46.5,350,46.6,600,2100,7569050
NIFTY27OCT2217800CE.NFO,25/10/2022,09:31:37,46.4,46.35,350,46.45,200,1600,7569050
NIFTY27OCT2217800CE.NFO,25/10/2022,09:31:38,47,46.9,400,47,600,4050,7569050
NIFTY27OCT2217800CE.NFO,25/10/2022,09:31:39,46.8,46.8,150,46.95,1050,2800,7569050
NIFTY27OCT2217800CE.NFO,25/10/2022,09:31:41,46.7,46.65,200,46.7,50,14150,7569050
NIFTY27OCT2217800CE.NFO,25/10/2022,09:31:42,46.55,46.5,200,46.65,1000,2200,7569050
NIFTY27OCT2217800CE.NFO,25/10/2022,09:31:43,46.45,46.3,1150,46.4,150,1500,7569050
NIFTY27OCT2217800CE.NFO,25/10/2022,09:31:44,46.15,46.15,200,46.2,150,1400,7569050
NIFTY27OCT2217800CE.NFO,25/10/2022,09:31:46,46.5,46.5,950,46.65,800,23400,7569050
NIFTY27OCT2217800CE.NFO,25/10/2022,09:31:47,46.7,46.6,50,46.7,350,3400,7569050
NIFTY27OCT2217800CE.NFO,25/10/2022,09:31:48,46.5,46.4,950,46.55,2200,4200,7569050
NIFTY27OCT2217800CE.NFO,25/10/2022,09:31:49,46.55,46.5,500,46.55,150,2900,7569050
NIFTY27OCT2217800CE.NFO,25/10/2022,09:31:50,46.55,46.55,1550,46.65,150,7750,7569050
NIFTY27OCT2217800CE.NFO,25/10/2022,09:31:52,46.25,46.1,450,46.25,150,11600,7569050
NIFTY27OCT2217800CE.NFO,25/10/2022,09:31:53,46,45.9,700,46,2800,17600,7569050
NIFTY27OCT2217800CE.NFO,25/10/2022,09:31:53,46,45.9,500,46,750,2950,7569050
NIFTY27OCT2217800CE.NFO,25/10/2022,09:31:54,45.9,46,200,46.1,950,8900,7569050
NIFTY27OCT2217800CE.NFO,25/10/2022,09:31:55,46.25,46.3,250,46.4,50,16300,7569050
NIFTY27OCT2217800CE.NFO,25/10/2022,09:31:57,47,46.9,1500,47,8700,14400,7569050
NIFTY27OCT2217800CE.NFO,25/10/2022,09:31:58,47,47,650,47.05,300,14350,7569050
NIFTY27OCT2217800CE.NFO,25/10/2022,09:31:59,47.2,47.25,150,47.35,50,13150,7569050
NIFTY27OCT2217800CE.NFO,25/10/2022,09:32:00,47.65,47.6,500,47.75,1200,21150,7569050
NIFTY27OCT2217800CE.NFO,25/10/2022,09:32:02,47.6,47.55,600,47.65,200,10200,7569050
NIFTY27OCT2217800CE.NFO,25/10/2022,09:32:03,47.65,47.65,50,47.75,550,5400,7569050
NIFTY27OCT2217800CE.NFO,25/10/2022,09:32:04,47.75,47.8,950,47.9,500,5950,7569050
NIFTY27OCT2217800CE.NFO,25/10/2022,09:32:05,48.15,48.05,650,48.15,100,35700,7569050
NIFTY27OCT2217800CE.NFO,25/10/2022,09:32:07,48.15,48.15,400,48.25,50,7200,7569050
NIFTY27OCT2217800CE.NFO,25/10/2022,09:32:08,48.35,48.35,1850,48.4,2550,8550,7569050
NIFTY27OCT2217800CE.NFO,25/10/2022,09:32:09,48.3,48.25,150,48.35,150,6600,7569050
NIFTY27OCT2217800CE.NFO,25/10/2022,09:32:11,48.25,48.25,500,48.35,150,13900,7569050
NIFTY27OCT2217800CE.NFO,25/10/2022,09:32:12,48.25,48.1,1450,48.25,150,11150,7569050
NIFTY27OCT2217800CE.NFO,25/10/2022,09:32:13,47.9,47.85,600,47.9,150,8300,7569050
NIFTY27OCT2217800CE.NFO,25/10/2022,09:32:15,47.9,47.85,3100,48,450,9100,7569050
NIFTY27OCT2217800CE.NFO,25/10/2022,09:32:16,47.8,47.65,850,47.8,1700,8000,7569050
NIFTY27OCT2217800CE.NFO,25/10/2022,09:32:17,47.75,47.7,800,47.75,500,3650,7569050
NIFTY27OCT2217800CE.NFO,25/10/2022,09:32:18,47.9,47.85,50,47.95,950,4200,7569050
NIFTY27OCT2217800CE.NFO,25/10/2022,09:32:19,48.2,48.1,2750,48.25,1000,3550,7569050
NIFTY27OCT2217800CE.NFO,25/10/2022,09:32:20,48,47.95,1850,48.05,150,3850,7569050
NIFTY27OCT2217800CE.NFO,25/10/2022,09:32:20,48.05,47.95,350,48,400,150,7569050
NIFTY27OCT2217800CE.NFO,25/10/2022,09:32:21,48.35,48.25,200,48.35,400,10050,7569050
NIFTY27OCT2217800CE.NFO,25/10/2022,09:32:22,47.9,47.8,300,47.9,250,4600,7569050
NIFTY27OCT2217800CE.NFO,25/10/2022,09:32:23,47.45,47.4,1900,47.55,600,8550,7569050
NIFTY27OCT2217800CE.NFO,25/10/2022,09:32:24,47.5,47.4,1550,47.55,1500,4650,7569050
NIFTY27OCT2217800CE.NFO,25/10/2022,09:32:25,47.45,47.3,1100,47.45,450,2800,7569050
NIFTY27OCT2217800CE.NFO,25/10/2022,09:32:27,47.65,47.6,950,47.8,2500,18800,7569050
NIFTY27OCT2217800CE.NFO,25/10/2022,09:32:28,47.5,47.3,700,47.45,1750,2450,7569050
NIFTY27OCT2217800CE.NFO,25/10/2022,09:32:29,47.35,47.25,900,47.3,100,5500,7569050
NIFTY27OCT2217800CE.NFO,25/10/2022,09:32:30,47.75,47.65,900,47.75,200,7100,7760350
NIFTY27OCT2217800CE.NFO,25/10/2022,09:32:32,47.8,47.8,1050,47.95,1650,2900,7760350
NIFTY27OCT2217800CE.NFO,25/10/2022,09:32:33,48.45,48.35,350,48.45,550,22100,7760350
NIFTY27OCT2217800CE.NFO,25/10/2022,09:32:34,48.15,48.2,100,48.3,350,37500,7760350
NIFTY27OCT2217800CE.NFO,25/10/2022,09:32:35,48.2,48.05,1250,48.2,1050,10350,7760350
NIFTY27OCT2217800CE.NFO,25/10/2022,09:32:36,48.7,48.6,600,48.7,150,20800,7760350
NIFTY27OCT2217800CE.NFO,25/10/2022,09:32:37,48.65,48.6,300,48.75,1300,2350,7760350
NIFTY27OCT2217800CE.NFO,25/10/2022,09:32:39,48.9,48.8,550,48.9,750,14850,7760350
NIFTY27OCT2217800CE.NFO,25/10/2022,09:32:40,48.9,48.8,1900,48.95,550,30600,7760350
NIFTY27OCT2217800CE.NFO,25/10/2022,09:32:41,49,49,2050,49.1,250,37100,7760350
NIFTY27OCT2217800CE.NFO,25/10/2022,09:32:42,49.35,49.2,1450,49.35,550,12800,7760350
NIFTY27OCT2217800CE.NFO,25/10/2022,09:32:43,48.95,48.95,150,49.1,750,4700,7760350
NIFTY27OCT2217800CE.NFO,25/10/2022,09:32:44,48.6,48.5,50,48.6,1400,9450,7760350
NIFTY27OCT2217800CE.NFO,25/10/2022,09:32:45,48.8,48.75,150,48.85,200,3400,7760350
NIFTY27OCT2217800CE.NFO,25/10/2022,09:32:46,48.95,48.85,150,48.95,100,1750,7760350
NIFTY27OCT2217800CE.NFO,25/10/2022,09:32:48,48.75,48.65,1550,48.75,100,4600,7760350
NIFTY27OCT2217800CE.NFO,25/10/2022,09:32:49,48.45,48.3,1550,48.45,600,17200,7760350
NIFTY27OCT2217800CE.NFO,25/10/2022,09:32:50,48.25,48.15,700,48.3,1400,5600,7760350
NIFTY27OCT2217800CE.NFO,25/10/2022,09:32:51,48.45,48.4,1500,48.55,1150,2300,7760350
NIFTY27OCT2217800CE.NFO,25/10/2022,09:32:52,48.6,48.6,300,48.7,1450,3100,7760350
NIFTY27OCT2217800CE.NFO,25/10/2022,09:32:53,48.25,48.25,50,48.35,200,4300,7760350
NIFTY27OCT2217800CE.NFO,25/10/2022,09:32:54,48.35,48.25,400,48.35,150,4800,7760350
NIFTY27OCT2217800CE.NFO,25/10/2022,09:32:55,48.55,48.55,300,48.6,100,19550,7760350
NIFTY27OCT2217800CE.NFO,25/10/2022,09:32:56,48.95,48.85,200,48.9,100,46900,7760350
NIFTY27OCT2217800CE.NFO,25/10/2022,09:32:57,49,48.85,950,49,1250,17400,7760350
NIFTY27OCT2217800CE.NFO,25/10/2022,09:32:58,48.25,48.15,650,48.25,50,6950,7760350
NIFTY27OCT2217800CE.NFO,25/10/2022,09:32:59,48.3,48.15,850,48.3,350,9650,7760350
NIFTY27OCT2217800CE.NFO,25/10/2022,09:33:01,48.55,48.45,1200,48.6,1150,18700,7760350
NIFTY27OCT2217800CE.NFO,25/10/2022,09:33:02,48.45,48.35,150,48.45,900,2700,7760350
NIFTY27OCT2217800CE.NFO,25/10/2022,09:33:03,47.9,47.8,1100,47.9,1050,20850,7760350
NIFTY27OCT2217800CE.NFO,25/10/2022,09:33:04,48.2,48.2,200,48.35,500,9050,7760350
NIFTY27OCT2217800CE.NFO,25/10/2022,09:33:05,48.2,48.25,200,48.35,700,10200,7760350
NIFTY27OCT2217800CE.NFO,25/10/2022,09:33:05,48.45,48.35,1850,48.5,750,50,7760350
NIFTY27OCT2217800CE.NFO,25/10/2022,09:33:06,49.15,48.95,1650,49.1,1700,22600,7760350
NIFTY27OCT2217800CE.NFO,25/10/2022,09:33:07,49.4,49.2,1200,49.35,550,37950,7760350
NIFTY27OCT2217800CE.NFO,25/10/2022,09:33:08,49.3,49.25,900,49.4,550,23900,7760350
NIFTY27OCT2217800CE.NFO,25/10/2022,09:33:09,48.95,48.85,50,48.95,650,7900,7760350
NIFTY27OCT2217800CE.NFO,25/10/2022,09:33:10,48.85,48.75,50,48.85,150,3600,7760350
NIFTY27OCT2217800CE.NFO,25/10/2022,09:33:11,48.6,48.5,200,48.65,1850,8350,7760350
NIFTY27OCT2217800CE.NFO,25/10/2022,09:33:12,48.75,48.6,500,48.7,150,13200,7760350
NIFTY27OCT2217800CE.NFO,25/10/2022,09:33:14,48.65,48.6,50,48.65,250,6650,7760350
NIFTY27OCT2217800CE.NFO,25/10/2022,09:33:14,48.9,48.85,400,49,1750,2450,7760350
NIFTY27OCT2217800CE.NFO,25/10/2022,09:33:15,49,49.1,50,49.2,750,6600,7760350
NIFTY27OCT2217800CE.NFO,25/10/2022,09:33:16,49,48.95,200,49.05,250,4500,7760350
NIFTY27OCT2217800CE.NFO,25/10/2022,09:33:17,48.9,48.8,100,48.9,150,4700,7760350
NIFTY27OCT2217800CE.NFO,25/10/2022,09:33:18,49.1,49,650,49.15,300,26850,7760350
NIFTY27OCT2217800CE.NFO,25/10/2022,09:33:19,49.5,49.35,50,49.45,150,35200,7760350
NIFTY27OCT2217800CE.NFO,25/10/2022,09:33:21,49.65,49.55,300,49.65,200,26300,7760350
NIFTY27OCT2217800CE.NFO,25/10/2022,09:33:22,50,49.9,700,50,53550,38200,7760350
NIFTY27OCT2217800CE.NFO,25/10/2022,09:33:23,49.9,49.75,3400,49.9,150,22600,7760350
NIFTY27OCT2217800CE.NFO,25/10/2022,09:33:24,49.55,49.5,700,49.65,800,19900,7760350
NIFTY27OCT2217800CE.NFO,25/10/2022,09:33:26,49,48.95,50,49,500,8600,7760350
NIFTY27OCT2217800CE.NFO,25/10/2022,09:33:27,49.4,49.4,350,49.45,700,12800,7760350
NIFTY27OCT2217800CE.NFO,25/10/2022,09:33:27,49.35,49.35,50,49.45,700,1800,7760350
NIFTY27OCT2217800CE.NFO,25/10/2022,09:33:28,49.4,49.3,1000,49.4,1800,4350,7760350
NIFTY27OCT2217800CE.NFO,25/10/2022,09:33:29,49.7,49.6,500,49.7,2050,9350,7760350
NIFTY27OCT2217800CE.NFO,25/10/2022,09:33:30,49.4,49.4,2450,49.55,350,4350,7760350
NIFTY27OCT2217800CE.NFO,25/10/2022,09:33:32,49.45,49.45,1350,49.55,1800,6200,7760350
NIFTY27OCT2217800CE.NFO,25/10/2022,09:33:33,49.25,49.25,350,49.4,1050,6000,7760350
NIFTY27OCT2217800CE.NFO,25/10/2022,09:33:34,48.85,48.75,600,48.85,50,26250,7760350
NIFTY27OCT2217800CE.NFO,25/10/2022,09:33:34,48.95,48.85,50,48.95,1000,3700,7760350
NIFTY27OCT2217800CE.NFO,25/10/2022,09:33:35,48.5,48.5,300,48.55,50,6000,7760350
NIFTY27OCT2217800CE.NFO,25/10/2022,09:33:37,48.25,48.15,250,48.25,600,10100,7760350
NIFTY27OCT2217800CE.NFO,25/10/2022,09:33:38,48.25,48.25,600,48.4,800,15100,7760350
NIFTY27OCT2217800CE.NFO,25/10/2022,09:33:39,48.5,48.55,50,48.65,1000,5600,7760350
NIFTY27OCT2217800CE.NFO,25/10/2022,09:33:39,48.5,48.55,50,48.6,100,0,7760350
NIFTY27OCT2217800CE.NFO,25/10/2022,09:33:40,49,48.85,1050,48.95,500,5800,7760350
NIFTY27OCT2217800CE.NFO,25/10/2022,09:33:41,49,48.9,1550,49,6500,1850,7760350
NIFTY27OCT2217800CE.NFO,25/10/2022,09:33:43,49.15,49.05,100,49.1,100,8250,7760350
NIFTY27OCT2217800CE.NFO,25/10/2022,09:33:44,49.25,49.15,700,49.25,650,4000,7760350
NIFTY27OCT2217800CE.NFO,25/10/2022,09:33:45,49.15,49.05,150,49.1,800,15150,7760350
NIFTY27OCT2217800CE.NFO,25/10/2022,09:33:46,48.9,48.75,550,48.9,1550,2550,7760350
NIFTY27OCT2217800CE.NFO,25/10/2022,09:33:47,48.55,48.45,150,48.5,500,5250,7760350
NIFTY27OCT2217800CE.NFO,25/10/2022,09:33:48,48.35,48.25,200,48.4,1700,11900,7760350
NIFTY27OCT2217800CE.NFO,25/10/2022,09:33:48,48.6,48.45,150,48.6,1900,1200,7760350
NIFTY27OCT2217800CE.NFO,25/10/2022,09:33:49,48.4,48.25,550,48.4,2450,7700,7760350
NIFTY27OCT2217800CE.NFO,25/10/2022,09:33:51,48.05,48.1,400,48.25,1100,11650,7760350
NIFTY27OCT2217800CE.NFO,25/10/2022,09:33:51,48,48,450,48.05,750,21600,7760350
NIFTY27OCT2217800CE.NFO,25/10/2022,09:33:52,47.7,47.7,200,47.8,650,6850,7760350
NIFTY27OCT2217800CE.NFO,25/10/2022,09:33:54,47.75,47.75,400,47.85,50,5900,7760350
NIFTY27OCT2217800CE.NFO,25/10/2022,09:33:55,47.95,47.85,100,47.95,150,10600,7760350
NIFTY27OCT2217800CE.NFO,25/10/2022,09:33:56,47.65,47.55,550,47.65,450,3450,7760350
NIFTY27OCT2217800CE.NFO,25/10/2022,09:33:57,47.65,47.45,150,47.55,200,5200,7760350
NIFTY27OCT2217800CE.NFO,25/10/2022,09:33:58,47.55,47.4,2150,47.55,250,5050,7760350
NIFTY27OCT2217800CE.NFO,25/10/2022,09:34:00,47.6,47.55,1850,47.7,700,6300,7760350
NIFTY27OCT2217800CE.NFO,25/10/2022,09:34:01,47.95,47.9,950,48.05,700,22350,7760350
NIFTY27OCT2217800CE.NFO,25/10/2022,09:34:02,48.15,48.05,250,48.15,700,1700,7760350
NIFTY27OCT2217800CE.NFO,25/10/2022,09:34:03,48.9,48.85,100,48.95,800,13600,7760350
NIFTY27OCT2217800CE.NFO,25/10/2022,09:34:03,48.7,48.55,650,48.6,100,650,7760350
NIFTY27OCT2217800CE.NFO,25/10/2022,09:34:04,48.1,48.05,500,48.2,1150,2100,7760350
NIFTY27OCT2217800CE.NFO,25/10/2022,09:34:06,48.25,48.15,400,48.25,150,21900,7760350
NIFTY27OCT2217800CE.NFO,25/10/2022,09:34:07,48.25,48.25,200,48.35,400,2400,7760350
NIFTY27OCT2217800CE.NFO,25/10/2022,09:34:08,48.35,48.35,500,48.4,50,15200,7760350
NIFTY27OCT2217800CE.NFO,25/10/2022,09:34:09,48.15,48.1,2200,48.25,500,3750,7760350
NIFTY27OCT2217800CE.NFO,25/10/2022,09:34:09,48.05,48.15,550,48.25,500,200,7760350
NIFTY27OCT2217800CE.NFO,25/10/2022,09:34:10,48.9,48.8,500,48.9,250,7550,7760350
NIFTY27OCT2217800CE.NFO,25/10/2022,09:34:12,48.95,48.85,1500,49,2100,16250,7760350
NIFTY27OCT2217800CE.NFO,25/10/2022,09:34:13,49.25,49.15,150,49.25,50,12800,7760350
NIFTY27OCT2217800CE.NFO,25/10/2022,09:34:14,48.55,48.55,100,48.6,1450,9050,7760350
NIFTY27OCT2217800CE.NFO,25/10/2022,09:34:15,48.7,48.55,250,48.65,150,6800,7760350
NIFTY27OCT2217800CE.NFO,25/10/2022,09:34:16,48.75,48.7,900,48.85,500,12650,7760350
NIFTY27OCT2217800CE.NFO,25/10/2022,09:34:17,49,48.95,150,49.05,650,17100,7760350
NIFTY27OCT2217800CE.NFO,25/10/2022,09:34:18,49.4,49.4,750,49.5,2150,20800,7760350
NIFTY27OCT2217800CE.NFO,25/10/2022,09:34:19,49.6,49.55,200,49.7,1500,17750,7760350
NIFTY27OCT2217800CE.NFO,25/10/2022,09:34:19,49.55,49.55,300,49.7,900,2650,7760350
NIFTY27OCT2217800CE.NFO,25/10/2022,09:34:20,49.95,49.9,300,50,65200,14250,7760350
NIFTY27OCT2217800CE.NFO,25/10/2022,09:34:22,50,49.95,1700,50,15600,51850,7760350
NIFTY27OCT2217800CE.NFO,25/10/2022,09:34:23,49.55,49.55,1050,49.6,300,30950,7760350
NIFTY27OCT2217800CE.NFO,25/10/2022,09:34:24,49.3,49.2,1450,49.35,3950,2950,7760350
NIFTY27OCT2217800CE.NFO,25/10/2022,09:34:25,49.7,49.7,1900,49.8,100,12200,7760350
NIFTY27OCT2217800CE.NFO,25/10/2022,09:34:26,49.7,49.55,900,49.7,3100,3450,7760350
NIFTY27OCT2217800CE.NFO,25/10/2022,09:34:27,48.85,48.85,1150,48.9,100,20500,7760350
NIFTY27OCT2217800CE.NFO,25/10/2022,09:34:28,48.9,48.9,200,49.05,500,20700,7760350
NIFTY27OCT2217800CE.NFO,25/10/2022,09:34:30,49.8,49.7,3650,49.8,650,14000,7760350
NIFTY27OCT2217800CE.NFO,25/10/2022,09:34:31,49.8,49.8,800,49.95,1000,17900,7760350
NIFTY27OCT2217800CE.NFO,25/10/2022,09:34:32,50,49.95,100,50,13700,13800,7760350
NIFTY27OCT2217800CE.NFO,25/10/2022,09:34:33,50,49.95,150,50,6350,15500,7760350
NIFTY27OCT2217800CE.NFO,25/10/2022,09:34:34,50.8,50.75,100,50.85,700,46000,7760350
NIFTY27OCT2217800CE.NFO,25/10/2022,09:34:36,50.75,50.65,50,50.75,800,47500,7760350
NIFTY27OCT2217800CE.NFO,25/10/2022,09:34:37,51.05,51.05,450,51.15,50,15250,7760350
NIFTY27OCT2217800CE.NFO,25/10/2022,09:34:38,50.3,50.3,650,50.4,50,15100,7760350
NIFTY27OCT2217800CE.NFO,25/10/2022,09:34:40,50.3,50.3,650,50.35,100,16750,7760350
NIFTY27OCT2217800CE.NFO,25/10/2022,09:34:41,50.25,50.25,600,50.35,250,34050,7760350
NIFTY27OCT2217800CE.NFO,25/10/2022,09:34:42,50.45,50.3,750,50.45,750,8500,7760350
NIFTY27OCT2217800CE.NFO,25/10/2022,09:34:44,50,50,1000,50.1,1100,14200,7760350
NIFTY27OCT2217800CE.NFO,25/10/2022,09:34:45,50.55,50.45,1800,50.55,1650,18200,7760350
NIFTY27OCT2217800CE.NFO,25/10/2022,09:34:46,50.35,50.4,600,50.45,2650,6500,7760350
NIFTY27OCT2217800CE.NFO,25/10/2022,09:34:47,50.4,50.3,600,50.4,150,8700,7760350
NIFTY27OCT2217800CE.NFO,25/10/2022,09:34:48,50.05,50.05,1700,50.2,400,8100,7760350
NIFTY27OCT2217800CE.NFO,25/10/2022,09:34:49,50.4,50.35,50,50.4,350,11250,7760350
NIFTY27OCT2217800CE.NFO,25/10/2022,09:34:50,50.4,50.2,950,50.35,600,7150,7760350
NIFTY27OCT2217800CE.NFO,25/10/2022,09:34:52,50.6,50.6,800,50.7,1050,15700,7760350
NIFTY27OCT2217800CE.NFO,25/10/2022,09:34:53,50.5,50.45,50,50.5,150,13350,7760350
NIFTY27OCT2217800CE.NFO,25/10/2022,09:34:54,50.5,50.55,600,50.65,650,19750,7760350
NIFTY27OCT2217800CE.NFO,25/10/2022,09:34:55,50.65,50.65,600,50.7,2800,6550,7760350
NIFTY27OCT2217800CE.NFO,25/10/2022,09:34:56,50.25,50.25,550,50.35,100,24550,7760350
NIFTY27OCT2217800CE.NFO,25/10/2022,09:34:57,50.9,50.75,1850,50.9,450,7350,7760350
NIFTY27OCT2217800CE.NFO,25/10/2022,09:34:59,50.95,50.8,350,50.95,550,19100,7760350
NIFTY27OCT2217800CE.NFO,25/10/2022,09:35:00,50.9,50.8,450,50.9,50,8800,7760350
NIFTY27OCT2217800CE.NFO,25/10/2022,09:35:01,50.9,50.85,650,50.9,2550,22300,7760350
NIFTY27OCT2217800CE.NFO,25/10/2022,09:35:02,51.15,51.2,200,51.25,300,18600,7760350
NIFTY27OCT2217800CE.NFO,25/10/2022,09:35:03,51.75,51.7,150,51.8,50,39000,7760350
NIFTY27OCT2217800CE.NFO,25/10/2022,09:35:05,51.95,51.8,700,51.9,150,17950,7760350
NIFTY27OCT2217800CE.NFO,25/10/2022,09:35:06,51.75,51.65,150,51.75,50,16300,7760350
NIFTY27OCT2217800CE.NFO,25/10/2022,09:35:07,51.45,51.4,150,51.5,50,21400,7760350
NIFTY27OCT2217800CE.NFO,25/10/2022,09:35:09,51.85,51.7,1600,51.85,450,24650,7760350
NIFTY27OCT2217800CE.NFO,25/10/2022,09:35:10,51.95,51.8,700,51.95,100,39850,7760350
NIFTY27OCT2217800CE.NFO,25/10/2022,09:35:11,51.8,51.7,300,51.8,600,31000,7760350
NIFTY27OCT2217800CE.NFO,25/10/2022,09:35:12,51.75,51.6,850,51.75,550,24050,7760350
NIFTY27OCT2217800CE.NFO,25/10/2022,09:35:14,51.85,51.7,50,51.8,500,14050,7760350
NIFTY27OCT2217800CE.NFO,25/10/2022,09:35:15,52,51.9,2100,52,27550,23400,7760350
NIFTY27OCT2217800CE.NFO,25/10/2022,09:35:16,52.05,51.9,1550,52.05,1050,48300,7760350
NIFTY27OCT2217800CE.NFO,25/10/2022,09:35:17,51.95,51.8,50,51.9,300,14000,7760350
NIFTY27OCT2217800CE.NFO,25/10/2022,09:35:18,51.75,51.75,50,51.8,150,16500,7760350
NIFTY27OCT2217800CE.NFO,25/10/2022,09:35:19,51.4,51.4,300,51.55,700,31950,7760350
NIFTY27OCT2217800CE.NFO,25/10/2022,09:35:21,52.05,52.05,550,52.15,100,23550,7760350
NIFTY27OCT2217800CE.NFO,25/10/2022,09:35:22,51.9,51.8,900,51.9,200,15200,7760350
NIFTY27OCT2217800CE.NFO,25/10/2022,09:35:23,51.75,51.7,50,51.75,2500,16950,7760350
NIFTY27OCT2217800CE.NFO,25/10/2022,09:35:25,52,51.9,800,52,3800,11650,7760350
NIFTY27OCT2217800CE.NFO,25/10/2022,09:35:26,51.8,51.8,250,51.85,100,19300,7760350
NIFTY27OCT2217800CE.NFO,25/10/2022,09:35:27,51.85,51.7,1300,51.85,150,12600,7760350
NIFTY27OCT2217800CE.NFO,25/10/2022,09:35:28,51.7,51.7,1700,51.8,200,19500,7760350
NIFTY27OCT2217800CE.NFO,25/10/2022,09:35:29,51.5,51.45,700,51.5,2200,18200,7760350
NIFTY27OCT2217800CE.NFO,25/10/2022,09:35:31,51.25,51.35,50,51.45,800,14750,7760350
NIFTY27OCT2217800CE.NFO,25/10/2022,09:35:32,51.05,51.1,100,51.15,450,30500,8054000
NIFTY27OCT2217800CE.NFO,25/10/2022,09:35:33,51.7,51.55,1450,51.7,700,21250,8054000
NIFTY27OCT2217800CE.NFO,25/10/2022,09:35:35,51.85,51.7,450,51.85,150,18150,8054000
NIFTY27OCT2217800CE.NFO,25/10/2022,09:35:36,52,51.85,1300,52,11200,11350,8054000
NIFTY27OCT2217800CE.NFO,25/10/2022,09:35:37,52.4,52.4,600,52.5,100,43200,8054000
NIFTY27OCT2217800CE.NFO,25/10/2022,09:35:39,52.2,52.05,550,52.15,150,27850,8054000
NIFTY27OCT2217800CE.NFO,25/10/2022,09:35:40,51.6,51.45,1050,51.6,50,21400,8054000
NIFTY27OCT2217800CE.NFO,25/10/2022,09:35:41,51,51.05,1150,51.1,100,15750,8054000
NIFTY27OCT2217800CE.NFO,25/10/2022,09:35:42,51.1,51,4850,51.1,1150,15850,8054000
NIFTY27OCT2217800CE.NFO,25/10/2022,09:35:44,51.2,51.05,800,51.2,500,29050,8054000
NIFTY27OCT2217800CE.NFO,25/10/2022,09:35:45,50.65,50.65,550,50.7,500,8850,8054000
NIFTY27OCT2217800CE.NFO,25/10/2022,09:35:46,51.2,51.15,150,51.25,100,12100,8054000
NIFTY27OCT2217800CE.NFO,25/10/2022,09:35:47,51.15,51.15,2400,51.2,650,11200,8054000
NIFTY27OCT2217800CE.NFO,25/10/2022,09:35:47,51.15,51.15,150,51.3,1450,6050,8054000
NIFTY27OCT2217800CE.NFO,25/10/2022,09:35:48,51.35,51.3,1050,51.45,50,13500,8054000
NIFTY27OCT2217800CE.NFO,25/10/2022,09:35:50,50.95,50.85,700,50.95,150,10050,8054000
NIFTY27OCT2217800CE.NFO,25/10/2022,09:35:51,51,50.95,650,51,1200,7200,8054000
NIFTY27OCT2217800CE.NFO,25/10/2022,09:35:52,51.6,51.55,1500,51.65,50,18200,8054000
NIFTY27OCT2217800CE.NFO,25/10/2022,09:35:53,51.9,51.75,1400,51.9,1100,7400,8054000
NIFTY27OCT2217800CE.NFO,25/10/2022,09:35:54,52,51.85,400,52,650,31800,8054000
NIFTY27OCT2217800CE.NFO,25/10/2022,09:35:55,52.05,52.05,150,52.15,50,7400,8054000
NIFTY27OCT2217800CE.NFO,25/10/2022,09:35:56,52,51.9,250,52,350,14500,8054000
NIFTY27OCT2217800CE.NFO,25/10/2022,09:35:57,52.3,52.15,700,52.3,600,12800,8054000
NIFTY27OCT2217800CE.NFO,25/10/2022,09:35:58,51.8,51.65,550,51.75,300,19500,8054000
NIFTY27OCT2217800CE.NFO,25/10/2022,09:35:59,51.85,51.7,700,51.8,50,13400,8054000
NIFTY27OCT2217800CE.NFO,25/10/2022,09:36:01,51.65,51.65,100,51.75,300,12250,8054000
NIFTY27OCT2217800CE.NFO,25/10/2022,09:36:02,51.75,51.65,150,51.8,950,14300,8054000
NIFTY27OCT2217800CE.NFO,25/10/2022,09:36:03,51.35,51.2,600,51.3,50,10350,8054000
NIFTY27OCT2217800CE.NFO,25/10/2022,09:36:04,51.9,51.8,2200,51.9,250,11150,8054000
NIFTY27OCT2217800CE.NFO,25/10/2022,09:36:05,51.65,51.55,500,51.65,700,7250,8054000
NIFTY27OCT2217800CE.NFO,25/10/2022,09:36:06,51.75,51.75,100,51.8,150,10950,8054000
NIFTY27OCT2217800CE.NFO,25/10/2022,09:36:07,51.8,51.8,50,51.85,1900,16100,8054000
NIFTY27OCT2217800CE.NFO,25/10/2022,09:36:08,51.55,51.5,300,51.6,200,4200,8054000
NIFTY27OCT2217800CE.NFO,25/10/2022,09:36:09,51.4,51.35,600,51.5,2450,4100,8054000
NIFTY27OCT2217800CE.NFO,25/10/2022,09:36:11,51.7,51.75,1350,51.85,250,10750,8054000
NIFTY27OCT2217800CE.NFO,25/10/2022,09:36:12,51.8,51.75,150,51.8,100,9800,8054000
NIFTY27OCT2217800CE.NFO,25/10/2022,09:36:13,51.45,51.35,1100,51.5,950,14750,8054000
NIFTY27OCT2217800CE.NFO,25/10/2022,09:36:14,51.85,51.75,550,51.85,150,4150,8054000
NIFTY27OCT2217800CE.NFO,25/10/2022,09:36:15,51.95,51.95,150,52,300,19600,8054000
NIFTY27OCT2217800CE.NFO,25/10/2022,09:36:16,51.75,51.75,150,51.85,250,5700,8054000
NIFTY27OCT2217800CE.NFO,25/10/2022,09:36:17,51.95,51.85,650,51.95,150,11500,8054000
NIFTY27OCT2217800CE.NFO,25/10/2022,09:36:18,51.8,51.7,200,51.8,150,7550,8054000
NIFTY27OCT2217800CE.NFO,25/10/2022,09:36:19,52.1,52,50,52.1,450,5800,8054000
NIFTY27OCT2217800CE.NFO,25/10/2022,09:36:21,51.8,51.7,250,51.75,700,10800,8054000
NIFTY27OCT2217800CE.NFO,25/10/2022,09:36:22,51.9,51.8,650,51.9,50,8250,8054000
NIFTY27OCT2217800CE.NFO,25/10/2022,09:36:23,51.8,51.85,850,51.9,100,5000,8054000
NIFTY27OCT2217800CE.NFO,25/10/2022,09:36:24,52.1,51.95,1600,52,50,4550,8054000
NIFTY27OCT2217800CE.NFO,25/10/2022,09:36:25,52,51.85,150,51.95,250,7900,8054000
NIFTY27OCT2217800CE.NFO,25/10/2022,09:36:26,51.75,51.85,250,51.9,450,4450,8054000
NIFTY27OCT2217800CE.NFO,25/10/2022,09:36:27,51.8,51.85,100,51.9,200,6400,8054000
NIFTY27OCT2217800CE.NFO,25/10/2022,09:36:28,51.8,51.7,350,51.75,250,4900,8054000
NIFTY27OCT2217800CE.NFO,25/10/2022,09:36:29,51.75,51.6,1150,51.75,350,8900,8054000
NIFTY27OCT2217800CE.NFO,25/10/2022,09:36:29,51.65,51.55,1000,51.7,1300,550,8054000
NIFTY27OCT2217800CE.NFO,25/10/2022,09:36:30,51.65,51.5,400,51.65,2050,5050,8054000
NIFTY27OCT2217800CE.NFO,25/10/2022,09:36:32,51.5,51.35,950,51.45,350,9550,8054000
NIFTY27OCT2217800CE.NFO,25/10/2022,09:36:33,50.75,50.7,3800,50.8,100,24700,8054000
NIFTY27OCT2217800CE.NFO,25/10/2022,09:36:34,50.8,50.65,1000,50.8,1250,8600,8054000
NIFTY27OCT2217800CE.NFO,25/10/2022,09:36:34,50.4,50.35,700,50.45,150,7200,8054000
NIFTY27OCT2217800CE.NFO,25/10/2022,09:36:36,50.25,50.15,700,50.25,350,26500,8054000
NIFTY27OCT2217800CE.NFO,25/10/2022,09:36:37,50.25,50.1,100,50.15,450,10150,8054000
NIFTY27OCT2217800CE.NFO,25/10/2022,09:36:38,50.55,50.6,200,50.65,400,12100,8054000
NIFTY27OCT2217800CE.NFO,25/10/2022,09:36:39,50.65,50.65,100,50.75,750,13200,8054000
NIFTY27OCT2217800CE.NFO,25/10/2022,09:36:40,51,50.95,500,51,950,10100,8054000
NIFTY27OCT2217800CE.NFO,25/10/2022,09:36:42,51.3,51.35,100,51.45,750,13200,8054000
NIFTY27OCT2217800CE.NFO,25/10/2022,09:36:43,51.45,51.35,200,51.45,700,4500,8054000
NIFTY27OCT2217800CE.NFO,25/10/2022,09:36:44,51.7,51.6,100,51.7,100,6150,8054000
NIFTY27OCT2217800CE.NFO,25/10/2022,09:36:45,51.8,51.65,550,51.8,1100,16850,8054000
NIFTY27OCT2217800CE.NFO,25/10/2022,09:36:46,51.6,51.6,200,51.7,100,5050,8054000
NIFTY27OCT2217800CE.NFO,25/10/2022,09:36:47,51.95,51.9,2950,52,23400,8550,8054000
NIFTY27OCT2217800CE.NFO,25/10/2022,09:36:48,52.05,51.95,100,52.05,250,29500,8054000
NIFTY27OCT2217800CE.NFO,25/10/2022,09:36:49,52.35,52.3,1750,52.35,50,9150,8054000
NIFTY27OCT2217800CE.NFO,25/10/2022,09:36:50,52.3,52.3,300,52.45,1250,13600,8054000
NIFTY27OCT2217800CE.NFO,25/10/2022,09:36:52,52.2,52.15,1250,52.3,600,8950,8054000
NIFTY27OCT2217800CE.NFO,25/10/2022,09:36:53,52.7,52.65,1300,52.75,250,60900,8054000
NIFTY27OCT2217800CE.NFO,25/10/2022,09:36:54,52.45,52.35,750,52.5,1900,21700,8054000
NIFTY27OCT2217800CE.NFO,25/10/2022,09:36:55,52.35,52.25,50,52.35,900,8950,8054000
NIFTY27OCT2217800CE.NFO,25/10/2022,09:36:56,52.35,52.25,650,52.35,600,8150,8054000
NIFTY27OCT2217800CE.NFO,25/10/2022,09:36:58,52.25,52.25,250,52.3,650,9850,8054000
NIFTY27OCT2217800CE.NFO,25/10/2022,09:36:59,52.3,52.3,200,52.4,1150,10450,8054000
NIFTY27OCT2217800CE.NFO,25/10/2022,09:37:00,52.5,52.4,1550,52.55,50,9150,8054000
NIFTY27OCT2217800CE.NFO,25/10/2022,09:37:01,52.4,52.35,900,52.45,50,10000,8054000
NIFTY27OCT2217800CE.NFO,25/10/2022,09:37:02,52.75,52.65,750,52.75,450,14900,8054000
NIFTY27OCT2217800CE.NFO,25/10/2022,09:37:04,52.7,52.7,700,52.85,600,12500,8054000
NIFTY27OCT2217800CE.NFO,25/10/2022,09:37:05,52.85,52.7,200,52.85,900,11800,8054000
NIFTY27OCT2217800CE.NFO,25/10/2022,09:37:06,52.9,52.9,100,53,40950,12600,8054000
NIFTY27OCT2217800CE.NFO,25/10/2022,09:37:07,52.95,52.9,400,53,28900,16850,8054000
NIFTY27OCT2217800CE.NFO,25/10/2022,09:37:08,53,53,50,53.05,150,32950,8054000
NIFTY27OCT2217800CE.NFO,25/10/2022,09:37:09,53.05,52.9,100,53,150,19850,8054000
NIFTY27OCT2217800CE.NFO,25/10/2022,09:37:10,53,53,800,53.1,100,10600,8054000
NIFTY27OCT2217800CE.NFO,25/10/2022,09:37:11,53.05,52.9,400,53.05,700,14900,8054000
NIFTY27OCT2217800CE.NFO,25/10/2022,09:37:13,52.3,52.25,1300,52.35,250,20050,8054000
NIFTY27OCT2217800CE.NFO,25/10/2022,09:37:14,51.7,51.45,100,51.55,1100,34750,8054000
NIFTY27OCT2217800CE.NFO,25/10/2022,09:37:15,51.6,51.45,750,51.6,250,18650,8054000
NIFTY27OCT2217800CE.NFO,25/10/2022,09:37:17,51.7,51.55,1050,51.7,350,11550,8054000
NIFTY27OCT2217800CE.NFO,25/10/2022,09:37:18,51.75,51.75,600,51.85,100,8400,8054000
NIFTY27OCT2217800CE.NFO,25/10/2022,09:37:19,51.6,51.5,600,51.6,700,7550,8054000
NIFTY27OCT2217800CE.NFO,25/10/2022,09:37:20,51.9,51.75,450,51.9,2650,5800,8054000
NIFTY27OCT2217800CE.NFO,25/10/2022,09:37:21,51.95,51.8,300,51.9,500,4250,8054000
NIFTY27OCT2217800CE.NFO,25/10/2022,09:37:23,52,52,1150,52.1,400,12650,8054000
NIFTY27OCT2217800CE.NFO,25/10/2022,09:37:24,51.85,51.8,50,51.9,950,5050,8054000
NIFTY27OCT2217800CE.NFO,25/10/2022,09:37:25,51.55,51.4,1250,51.55,1250,10750,8054000
NIFTY27OCT2217800CE.NFO,25/10/2022,09:37:26,51.55,51.4,450,51.55,1150,9050,8054000
NIFTY27OCT2217800CE.NFO,25/10/2022,09:37:28,51.45,51.3,100,51.45,350,6450,8054000
NIFTY27OCT2217800CE.NFO,25/10/2022,09:37:29,51.6,51.55,200,51.7,2100,10150,8054000
NIFTY27OCT2217800CE.NFO,25/10/2022,09:37:30,51.45,51.35,650,51.45,1300,4600,8054000
NIFTY27OCT2217800CE.NFO,25/10/2022,09:37:32,50.8,50.7,1000,50.85,1000,27850,8054000
NIFTY27OCT2217800CE.NFO,25/10/2022,09:37:33,50.65,50.6,100,50.7,50,5350,8054000
NIFTY27OCT2217800CE.NFO,25/10/2022,09:37:34,50.55,50.6,450,50.65,600,10500,8054000
NIFTY27OCT2217800CE.NFO,25/10/2022,09:37:35,50.75,50.75,1200,50.9,300,13350,8054000
NIFTY27OCT2217800CE.NFO,25/10/2022,09:37:37,51.6,51.5,100,51.6,3500,18550,8054000
NIFTY27OCT2217800CE.NFO,25/10/2022,09:37:38,51.55,51.35,50,51.5,550,5750,8054000
NIFTY27OCT2217800CE.NFO,25/10/2022,09:37:39,51.85,51.75,1600,51.9,1050,2900,8054000
NIFTY27OCT2217800CE.NFO,25/10/2022,09:37:40,51.95,51.9,1000,52.05,850,11350,8054000
NIFTY27OCT2217800CE.NFO,25/10/2022,09:37:41,51.8,51.75,700,51.9,1200,3800,8054000
NIFTY27OCT2217800CE.NFO,25/10/2022,09:37:43,51.55,51.55,1050,51.7,700,8450,8054000
NIFTY27OCT2217800CE.NFO,25/10/2022,09:37:44,52.1,52,100,52.1,750,6200,8054000
NIFTY27OCT2217800CE.NFO,25/10/2022,09:37:45,52,52,350,52.1,100,5450,8054000
NIFTY27OCT2217800CE.NFO,25/10/2022,09:37:46,52.3,52.3,1200,52.45,1050,8800,8054000
NIFTY27OCT2217800CE.NFO,25/10/2022,09:37:47,52,52,900,52.1,250,7450,8054000
NIFTY27OCT2217800CE.NFO,25/10/2022,09:37:48,51.9,51.8,700,51.9,800,8300,8054000
NIFTY27OCT2217800CE.NFO,25/10/2022,09:37:49,51.5,51.5,3700,51.55,500,13900,8054000
NIFTY27OCT2217800CE.NFO,25/10/2022,09:37:51,51.5,51.45,900,51.55,350,26850,8054000
NIFTY27OCT2217800CE.NFO,25/10/2022,09:37:52,51.9,51.8,100,51.9,350,2900,8054000
NIFTY27OCT2217800CE.NFO,25/10/2022,09:37:53,52.05,51.95,300,52.05,1250,7550,8054000
NIFTY27OCT2217800CE.NFO,25/10/2022,09:37:54,52.05,51.95,450,52.05,100,3600,8054000
NIFTY27OCT2217800CE.NFO,25/10/2022,09:37:55,52.1,52.2,950,52.3,50,2850,8054000
NIFTY27OCT2217800CE.NFO,25/10/2022,09:37:57,51.95,51.95,100,52,50,3600,8054000
NIFTY27OCT2217800CE.NFO,25/10/2022,09:37:58,51.65,51.5,1150,51.65,600,8550,8054000
NIFTY27OCT2217800CE.NFO,25/10/2022,09:37:59,51.15,51,6500,51.15,400,9050,8054000
NIFTY27OCT2217800CE.NFO,25/10/2022,09:38:00,50.95,50.8,1100,50.95,1200,17050,8054000
NIFTY27OCT2217800CE.NFO,25/10/2022,09:38:01,50.85,50.9,50,51,1250,7950,8054000
NIFTY27OCT2217800CE.NFO,25/10/2022,09:38:03,51.6,51.6,1600,51.75,650,7100,8054000
NIFTY27OCT2217800CE.NFO,25/10/2022,09:38:04,51.6,51.55,1800,51.6,200,5000,8054000
NIFTY27OCT2217800CE.NFO,25/10/2022,09:38:05,51.8,51.6,3000,51.75,1100,6150,8054000
NIFTY27OCT2217800CE.NFO,25/10/2022,09:38:06,51.75,51.7,50,51.75,150,2100,8054000
NIFTY27OCT2217800CE.NFO,25/10/2022,09:38:07,51.5,51.4,150,51.5,1400,26850,8054000
NIFTY27OCT2217800CE.NFO,25/10/2022,09:38:09,51.8,51.55,200,51.65,300,5300,8054000
NIFTY27OCT2217800CE.NFO,25/10/2022,09:38:10,51.45,51.45,1800,51.5,1800,3350,8054000
NIFTY27OCT2217800CE.NFO,25/10/2022,09:38:11,51.2,51.15,200,51.3,250,6300,8054000
NIFTY27OCT2217800CE.NFO,25/10/2022,09:38:12,51.35,51.25,1000,51.35,100,4850,8054000
NIFTY27OCT2217800CE.NFO,25/10/2022,09:38:13,51.35,51.25,1800,51.35,100,6250,8054000
NIFTY27OCT2217800CE.NFO,25/10/2022,09:38:14,51,51,2500,51.05,750,5700,8054000
NIFTY27OCT2217800CE.NFO,25/10/2022,09:38:15,50.8,50.7,3450,50.85,1050,10100,8054000
NIFTY27OCT2217800CE.NFO,25/10/2022,09:38:16,50.75,50.7,400,50.75,50,17100,8054000
NIFTY27OCT2217800CE.NFO,25/10/2022,09:38:17,50.65,50.6,1700,50.7,150,12100,8054000
NIFTY27OCT2217800CE.NFO,25/10/2022,09:38:18,50.9,50.9,650,51,200,11200,8054000
NIFTY27OCT2217800CE.NFO,25/10/2022,09:38:19,51.1,51.15,150,51.2,150,2950,8054000
NIFTY27OCT2217800CE.NFO,25/10/2022,09:38:20,51.1,51,200,51.05,150,4300,8054000
NIFTY27OCT2217800CE.NFO,25/10/2022,09:38:21,51.15,51.05,150,51.15,1450,2500,8054000
NIFTY27OCT2217800CE.NFO,25/10/2022,09:38:22,51.2,51.05,300,51.15,800,3450,8054000
NIFTY27OCT2217800CE.NFO,25/10/2022,09:38:23,50.75,50.75,1000,50.85,1050,4300,8054000
NIFTY27OCT2217800CE.NFO,25/10/2022,09:38:24,50.4,50.4,150,50.5,1650,14500,8054000
NIFTY27OCT2217800CE.NFO,25/10/2022,09:38:25,50.3,50.3,650,50.4,150,7350,8054000
NIFTY27OCT2217800CE.NFO,25/10/2022,09:38:26,50,50,750,50.05,2400,72350,8054000
NIFTY27OCT2217800CE.NFO,25/10/2022,09:38:28,50.4,50.3,700,50.4,350,17700,8054000
NIFTY27OCT2217800CE.NFO,25/10/2022,09:38:29,50.3,50.3,600,50.4,1300,8100,8054000
NIFTY27OCT2217800CE.NFO,25/10/2022,09:38:30,49.85,49.9,400,50,2550,9450,8054000
NIFTY27OCT2217800CE.NFO,25/10/2022,09:38:31,49.65,49.65,1500,49.75,50,15500,8054000
NIFTY27OCT2217800CE.NFO,25/10/2022,09:38:33,49.9,49.8,150,49.9,1250,22900,8228450
NIFTY27OCT2217800CE.NFO,25/10/2022,09:38:34,50.1,50,150,50.05,100,7850,8228450
NIFTY27OCT2217800CE.NFO,25/10/2022,09:38:35,49.8,49.8,1400,49.95,950,6850,8228450
NIFTY27OCT2217800CE.NFO,25/10/2022,09:38:36,49.85,49.7,3450,49.85,1250,5100,8228450
NIFTY27OCT2217800CE.NFO,25/10/2022,09:38:37,49.85,49.7,1400,49.85,1950,5050,8228450
NIFTY27OCT2217800CE.NFO,25/10/2022,09:38:39,49.55,49.55,550,49.65,100,12600,8228450
NIFTY27OCT2217800CE.NFO,25/10/2022,09:38:40,50.2,50.1,600,50.2,150,16300,8228450
NIFTY27OCT2217800CE.NFO,25/10/2022,09:38:41,49.95,49.95,1100,50.05,50,4000,8228450
NIFTY27OCT2217800CE.NFO,25/10/2022,09:38:43,50.1,49.9,700,50,400,4900,8228450
NIFTY27OCT2217800CE.NFO,25/10/2022,09:38:44,50.05,50.05,950,50.15,100,6150,8228450
NIFTY27OCT2217800CE.NFO,25/10/2022,09:38:45,49.6,49.55,700,49.65,250,8700,8228450
NIFTY27OCT2217800CE.NFO,25/10/2022,09:38:46,49.55,49.55,900,49.65,100,8200,8228450
NIFTY27OCT2217800CE.NFO,25/10/2022,09:38:48,49.05,49.05,2300,49.2,50,33000,8228450
NIFTY27OCT2217800CE.NFO,25/10/2022,09:38:49,49.45,49.35,50,49.45,700,9050,8228450
NIFTY27OCT2217800CE.NFO,25/10/2022,09:38:50,49.2,49.15,750,49.25,200,12400,8228450
NIFTY27OCT2217800CE.NFO,25/10/2022,09:38:51,49.5,49.45,650,49.55,700,10850,8228450
NIFTY27OCT2217800CE.NFO,25/10/2022,09:38:52,49.5,49.5,1000,49.65,550,5200,8228450
NIFTY27OCT2217800CE.NFO,25/10/2022,09:38:53,49.7,49.65,50,49.7,250,4600,8228450
NIFTY27OCT2217800CE.NFO,25/10/2022,09:38:54,49.45,49.5,150,49.6,500,6700,8228450
NIFTY27OCT2217800CE.NFO,25/10/2022,09:38:56,49.65,49.6,800,49.7,200,2700,8228450
NIFTY27OCT2217800CE.NFO,25/10/2022,09:38:57,50.1,49.8,50,49.85,200,7750,8228450
NIFTY27OCT2217800CE.NFO,25/10/2022,09:38:58,50.05,50,250,50.15,400,10650,8228450
NIFTY27OCT2217800CE.NFO,25/10/2022,09:38:59,49.9,49.85,550,49.95,350,6700,8228450
NIFTY27OCT2217800CE.NFO,25/10/2022,09:39:00,50.9,50.85,1000,50.95,50,9250,8228450
NIFTY27OCT2217800CE.NFO,25/10/2022,09:39:02,50.55,50.5,950,50.6,50,14150,8228450
NIFTY27OCT2217800CE.NFO,25/10/2022,09:39:03,49.9,49.8,950,49.9,50,11750,8228450
NIFTY27OCT2217800CE.NFO,25/10/2022,09:39:04,49.75,49.65,900,49.75,1100,9400,8228450
NIFTY27OCT2217800CE.NFO,25/10/2022,09:39:05,49.9,49.95,700,50.05,200,3750,8228450
NIFTY27OCT2217800CE.NFO,25/10/2022,09:39:06,50.25,50.15,700,50.25,50,2950,8228450
NIFTY27OCT2217800CE.NFO,25/10/2022,09:39:07,49.8,49.75,100,49.8,450,4550,8228450
NIFTY27OCT2217800CE.NFO,25/10/2022,09:39:08,49.85,49.8,750,49.9,200,6250,8228450
NIFTY27OCT2217800CE.NFO,25/10/2022,09:39:09,50.35,50.35,1350,50.5,1400,3550,8228450
NIFTY27OCT2217800CE.NFO,25/10/2022,09:39:10,50.3,50.25,50,50.35,400,450,8228450
NIFTY27OCT2217800CE.NFO,25/10/2022,09:39:11,50.4,50.4,1100,50.5,100,6750,8228450
NIFTY27OCT2217800CE.NFO,25/10/2022,09:39:12,50.45,50.35,150,50.4,750,3200,8228450
NIFTY27OCT2217800CE.NFO,25/10/2022,09:39:13,50.05,50.05,100,50.15,650,3750,8228450
NIFTY27OCT2217800CE.NFO,25/10/2022,09:39:14,50.05,50.1,600,50.15,50,3200,8228450
NIFTY27OCT2217800CE.NFO,25/10/2022,09:39:15,50.2,50.25,100,50.35,350,5450,8228450
NIFTY27OCT2217800CE.NFO,25/10/2022,09:39:16,50.65,50.5,350,50.65,1550,2350,8228450
NIFTY27OCT2217800CE.NFO,25/10/2022,09:39:17,50.85,50.85,50,50.95,50,13400,8228450
NIFTY27OCT2217800CE.NFO,25/10/2022,09:39:18,51.45,51.4,150,51.45,800,12650,8228450
NIFTY27OCT2217800CE.NFO,25/10/2022,09:39:19,51.4,51.4,700,51.5,350,9800,8228450
NIFTY27OCT2217800CE.NFO,25/10/2022,09:39:21,51.4,51.25,100,51.35,150,16450,8228450
NIFTY27OCT2217800CE.NFO,25/10/2022,09:39:22,51.1,51,50,51.1,600,3950,8228450
NIFTY27OCT2217800CE.NFO,25/10/2022,09:39:23,50.55,50.5,850,50.65,1550,3200,8228450
NIFTY27OCT2217800CE.NFO,25/10/2022,09:39:25,50.4,50.35,50,50.45,150,4300,8228450
NIFTY27OCT2217800CE.NFO,25/10/2022,09:39:26,50.35,50.2,1650,50.35,800,10500,8228450
NIFTY27OCT2217800CE.NFO,25/10/2022,09:39:27,50.6,50.45,1350,50.6,250,6600,8228450
NIFTY27OCT2217800CE.NFO,25/10/2022,09:39:28,50.85,50.75,750,50.85,50,1450,8228450
NIFTY27OCT2217800CE.NFO,25/10/2022,09:39:29,50.55,50.55,650,50.65,150,2700,8228450
NIFTY27OCT2217800CE.NFO,25/10/2022,09:39:30,51,50.95,650,51,50,4000,8228450
NIFTY27OCT2217800CE.NFO,25/10/2022,09:39:32,50.95,50.85,100,50.95,500,7550,8228450
NIFTY27OCT2217800CE.NFO,25/10/2022,09:39:33,50.65,50.65,250,50.75,50,4350,8228450
NIFTY27OCT2217800CE.NFO,25/10/2022,09:39:35,50.65,50.5,1600,50.6,1250,9650,8228450
NIFTY27OCT2217800CE.NFO,25/10/2022,09:39:36,50.65,50.55,50,50.65,50,10500,8228450
NIFTY27OCT2217800CE.NFO,25/10/2022,09:39:37,50.45,50.35,50,50.45,100,13750,8228450
NIFTY27OCT2217800CE.NFO,25/10/2022,09:39:38,50,50,22500,50.05,200,9400,8228450
NIFTY27OCT2217800CE.NFO,25/10/2022,09:39:39,50.1,50,250,50.1,50,29800,8228450
NIFTY27OCT2217800CE.NFO,25/10/2022,09:39:40,50,50,1200,50.1,800,4750,8228450
NIFTY27OCT2217800CE.NFO,25/10/2022,09:39:41,50.35,50.25,800,50.35,450,3950,8228450
NIFTY27OCT2217800CE.NFO,25/10/2022,09:39:42,50.2,50.15,400,50.25,100,2450,8228450
NIFTY27OCT2217800CE.NFO,25/10/2022,09:39:43,50.3,50.3,150,50.35,50,350,8228450
NIFTY27OCT2217800CE.NFO,25/10/2022,09:39:44,50.25,50.25,50,50.35,400,5400,8228450
NIFTY27OCT2217800CE.NFO,25/10/2022,09:39:45,50.6,50.5,700,50.65,1400,5600,8228450
NIFTY27OCT2217800CE.NFO,25/10/2022,09:39:46,50.6,50.6,1400,50.7,250,3700,8228450
NIFTY27OCT2217800CE.NFO,25/10/2022,09:39:47,50.75,50.65,100,50.75,100,5050,8228450
NIFTY27OCT2217800CE.NFO,25/10/2022,09:39:48,50.95,50.95,150,51,9650,3550,8228450
NIFTY27OCT2217800CE.NFO,25/10/2022,09:39:49,51.05,50.95,150,51,300,15650,8228450
NIFTY27OCT2217800CE.NFO,25/10/2022,09:39:51,51.55,51.45,150,51.5,250,8300,8228450
NIFTY27OCT2217800CE.NFO,25/10/2022,09:39:52,51.2,51.15,200,51.25,150,12050,8228450
NIFTY27OCT2217800CE.NFO,25/10/2022,09:39:53,50.5,50.5,1550,50.6,150,5150,8228450
NIFTY27OCT2217800CE.NFO,25/10/2022,09:39:54,50.4,50.25,1300,50.4,2650,5550,8228450
NIFTY27OCT2217800CE.NFO,25/10/2022,09:39:56,50.5,50.3,1500,50.4,300,5650,8228450
NIFTY27OCT2217800CE.NFO,25/10/2022,09:39:57,50.55,50.4,700,50.5,200,3900,8228450
NIFTY27OCT2217800CE.NFO,25/10/2022,09:39:58,50.65,50.45,550,50.6,1100,3150,8228450
NIFTY27OCT2217800CE.NFO,25/10/2022,09:39:59,50.65,50.55,900,50.65,200,1950,8228450
NIFTY27OCT2217800CE.NFO,25/10/2022,09:40:00,50.8,50.7,3300,50.85,250,7400,8228450
NIFTY27OCT2217800CE.NFO,25/10/2022,09:40:02,51.05,51.05,850,51.1,600,16550,8228450
NIFTY27OCT2217800CE.NFO,25/10/2022,09:40:03,51.15,51.1,100,51.15,250,6700,8228450
NIFTY27OCT2217800CE.NFO,25/10/2022,09:40:04,51.05,51.05,50,51.15,800,8550,8228450
NIFTY27OCT2217800CE.NFO,25/10/2022,09:40:05,51.55,51.4,1650,51.55,150,10600,8228450
NIFTY27OCT2217800CE.NFO,25/10/2022,09:40:06,51.3,51.25,200,51.35,250,2600,8228450
NIFTY27OCT2217800CE.NFO,25/10/2022,09:40:07,51.5,51.4,650,51.5,250,8750,8228450
NIFTY27OCT2217800CE.NFO,25/10/2022,09:40:09,51.45,51.3,600,51.45,1600,4650,8228450
NIFTY27OCT2217800CE.NFO,25/10/2022,09:40:10,51.35,51.35,1200,51.5,1300,8400,8228450
NIFTY27OCT2217800CE.NFO,25/10/2022,09:40:11,51.45,51.45,300,51.5,650,5850,8228450
NIFTY27OCT2217800CE.NFO,25/10/2022,09:40:12,51.3,51.25,1350,51.4,50,5200,8228450
NIFTY27OCT2217800CE.NFO,25/10/2022,09:40:13,51.45,51.45,1300,51.6,150,11500,8228450
NIFTY27OCT2217800CE.NFO,25/10/2022,09:40:14,51.3,51.15,1350,51.3,150,10450,8228450
NIFTY27OCT2217800CE.NFO,25/10/2022,09:40:15,51.2,51.1,1200,51.2,150,13600,8228450
NIFTY27OCT2217800CE.NFO,25/10/2022,09:40:16,51.05,51.1,2050,51.2,50,3100,8228450
NIFTY27OCT2217800CE.NFO,25/10/2022,09:40:17,51.35,51.3,1450,51.45,450,8250,8228450
NIFTY27OCT2217800CE.NFO,25/10/2022,09:40:19,51.15,51.05,1150,51.2,1550,5600,8228450
NIFTY27OCT2217800CE.NFO,25/10/2022,09:40:20,50.7,50.6,50,50.7,800,23800,8228450
NIFTY27OCT2217800CE.NFO,25/10/2022,09:40:20,50.65,50.65,300,50.75,50,7450,8228450
NIFTY27OCT2217800CE.NFO,25/10/2022,09:40:21,51.4,51.25,900,51.4,600,7200,8228450
NIFTY27OCT2217800CE.NFO,25/10/2022,09:40:22,51.3,51.3,850,51.4,800,5150,8228450
NIFTY27OCT2217800CE.NFO,25/10/2022,09:40:23,51.35,51.25,300,51.35,50,7450,8228450
NIFTY27OCT2217800CE.NFO,25/10/2022,09:40:24,51.25,51.25,2100,51.4,850,8900,8228450
